1852 3294
210 221 290 263 298
901 235 1034 261 mni-:x

254 339 374 379 pactio.
406 346 470 377 spe
488 334 671 376 pactionis
689 332 730 365 A.
749 334 908 376 perpulit
923 334 947 366 J
964 333 1018 375 38,
1037 335 1069 366 2.
1110 334 1306 367 Antonium
1326 336 1498 378 pactione
1515 336 1728 378 provinciae

210 383 420 427 perpulerat
439 380 464 411 O
483 377 536 419 26,
556 379 588 410 4.
629 378 929 411 misericordiane
949 382 1010 411 aut
1027 381 1201 422 pactione
1220 390 1267 414 an
1286 391 1373 412 casu
1391 381 1568 413 acciderit
1582 381 1606 413 J
1623 380 1680 421 67,
1694 379 1727 413 3.

212 440 254 461 ac
273 428 351 459 sine
369 425 444 457 ulla
462 424 633 466 pactione
651 433 690 455 se
707 441 750 446 ——-
767 424 913 456 tradere
929 424 953 455 J
969 423 1024 464 62,
1042 423 1074 457 3.
1099 426 1199 467 Susp.
1215 425 1252 465 Η
1270 425 1283 456 i
1299 424 1354 457 84.
1396 426 1457 467 qui
1473 426 1518 457 de
1535 434 1628 468 pace
1648 433 1728 457 cum

209 472 373 505 hostibus
397 469 589 511 pactiones
614 468 794 500 fecissent
815 469 839 500 J
862 468 974 510 40,1.
1027 480 1107 502 cum
1141 470 1193 501 eis
1224 470 1269 502 de
1299 471 1464 503 omnibus
1495 470 1727 513 pactionibus
1780 478 1788 494 ⁸

210 526 384 560 praesens
403 524 514 556 agere
531 514 555 545 J
574 513 628 554 29,
648 512 680 545 3.

254 562 363 594 Padus
380 560 414 591 H
432 559 449 590 1
470 559 519 590 15.

255 614 360 646 paene
383 604 577 681 adgnissum
603 603 747 635 facinus
772 603 999 645 miserabile,
1025 605 1063 636 ni
1087 621 1131 627 —
1154 605 1177 636 J
1194 604 1248 645 53,
1271 605 1302 637 7.
1342 605 1456 637 hostis
1473 615 1591 647 paene
1609 605 1728 638 victos

210 653 298 683 dare
316 651 339 682 J
356 649 410 689 59,
429 650 436 658 ”
453 674 460 681 .

253 696 413 736 paenitet.
444 704 562 735 neque
582 703 643 725 eos
662 694 723 735 qui
741 704 786 725 ea
804 694 941 734 fecere,
954 694 1119 736 —pudet
1136 697 1199 726 aut
1215 694 1472 736 paenitetJ3l,
1487 694 1537 726 10.
1570 694 1729 735 Boccho,

211 741 379 784 quoniam
397 739 563 782 paenitet
580 738 707 778 delicti
726 739 883 780 gratiam
902 739 996 771 facit
1011 739 1036 771 J
1055 738 1130 779 104,
1148 740 1179 771 4.
1217 740 1374 779 Quorum
1394 740 1485 772 adeo
1504 739 1639 772 Sullam
1657 749 1730 771 non

210 786 376 829 paenitet
393 785 428 816 H
445 783 540 823 141,
562 783 612 816 19.
636 796 682 811 Ξ
704 784 930 823 paenitentem
954 784 1084 816 consili
1107 785 1142 815 H
1166 785 1184 815 I
1207 783 1262 816 49.
1309 794 1382 816 non
1405 785 1635 826 paeniturum
1658 785 1694 816 H
1716 784 1729 815 i

213 831 277 864 108
294 830 391 872 (rect.
412 828 480 870 oe).
521 839 605 860 num
625 839 747 860 eorum
764 829 1023 870 paenitendum
1042 829 1090 860 sit
1106 829 1130 860 J
1146 827 1200 869 85,
1220 827 1276 860 28.
1303 829 1382 860 libri
1396 829 1668 871 poenitundum.

254 876 417 916 paenuria
435 884 550 916 aquae
567 874 591 906 J
611 873 662 914 17,
674 873 706 905 5.
732 872 787 913 48,
797 874 828 905 4.
864 873 1019 906 fontium
1038 883 1213 915 aquarum
1229 873 1253 905 J
1266 873 1320 914 55,
1330 872 1364 906 8.
1398 873 1728 915 liberorumJ22,2.

211 931 328 954 rerum
346 920 635 952 necessariarum
653 920 677 950 J
693 918 746 958 23,
765 918 797 949 2.

254 967 372 1006 palam.
406 964 498 1007 quod
517 963 736 1006 Calpurnius
753 963 875 1005 palam
891 963 1026 1006 legatis
1043 963 1279 1005 inperaverat
1293 964 1318 995 J
1334 962 1395 1001 29,
1413 963 1445 995 4.
1457 978 1465 989 ·
1487 963 1610 1005 palam
1637 973 1730 1005 quae

212 1023 255 1043 ex
283 1010 473 1043 voluntate
504 1009 624 1040 forent
654 1008 732 1050 regi
762 1008 923 1039 nuntiari
952 1008 1054 1040 iubet
1077 1008 1100 1039 J
1124 1007 1186 1047 46,
1213 1008 1246 1039 4.
1293 1008 1386 1040 nihil
1415 1008 1537 1050 palam
1562 1017 1730 1040 ausurum
1756 1012 1758 1017 “

209 1057 233 1088 .Ῐ
252 1055 334 1097 107,
351 1055 383 1086 4.
425 1065 490 1096 per
515 1054 591 1085 eius
616 1056 739 1086 castra
762 1053 884 1095 palam
909 1053 1067 1085 transire
1084 1053 1108 1085 J
1128 1052 1208 1094 107,
1227 1053 1260 1084 4.
1301 1053 1443 1085 occulte
1461 1071 1502 1076 —-
1521 1053 1644 1096 palam
1660 1053 1696 1085 H
1713 1053 1731 1085 I

209 1100 264 1139 48,
287 1100 327 1132 13
344 1100 405 1132 bis.

254 1146 433 1178 Palicanus
449 1145 515 1176 vid.
534 1143 684 1175 Lollius.
922 1162 926 1164 -
1024 1164 1036 1166 J

255 1192 359 1230 palor.
390 1190 478 1231 vagi
495 1188 664 1231 palantes
681 1206 724 1210 --
739 1188 764 1219 J
784 1186 834 1227 18,
854 1188 886 1219 2.
928 1188 1098 1230 palantes
1117 1198 1224 1230 agros
1242 1190 1390 1220 vastare
1408 1188 1432 1220 J
1447 1188 1504 1228 44,
1522 1187 1554 1220 5.
1595 1188 1728 1220 Roma-

211 1247 276 1268 nos
293 1235 454 1278 palantis
470 1234 613 1266 invadit
628 1233 651 1265 J
667 1233 722 1273 54,
740 1232 762 1264 9
777 1235 862 1265 conl.
882 1233 906 1264 J
922 1232 977 1273 66,
997 1232 1029 1264 3.
1665 1253 1669 1256 ⁴

255 1281 532 1321 paludamentum.
564 1279 827 1321 paludamenta
843 1278 1023 1310 ostentari
1042 1288 1195 1320 coepere
1213 1278 1248 1309 Η
1264 1278 1319 1310 ΙΙΙ
1336 1276 1391 1309 70.
1433 1280 1556 1320 togam
1572 1288 1640 1310 —o
1656 1288 1730 1310 mu-

212 1327 306 1357 tavit
323 1326 356 1356 H
375 1326 386 1356 i
404 1324 459 1356 65.

255 1372 361 1410 palus.
393 1369 567 1411 planities
591 1368 723 1400 limosa
746 1368 992 1399 hiemantibus
1017 1368 1120 1409 aquis
1145 1367 1315 1410 paludem
1333 1368 1476 1399 fecerat
1491 1368 1515 1399 J
1531 1366 1592 1408 37,
1610 1368 1642 1399 4.
1684 1367 1732 1400 ad

212 1415 381 1457 paludem
399 1415 434 1445 H
451 1414 485 1445 II
502 1413 557 1445 68.
599 1414 636 1444 in
660 1413 813 1455 paludes
838 1412 997 1455 relegati
1014 1413 1048 1443 H
1065 1413 1082 1444 1
1099 1411 1160 1453 41,
1180 1412 1234 1444 23.
1278 1422 1349 1454 qua
1373 1423 1394 1444 a
1421 1412 1614 1454 paludibus
1631 1413 1733 1445 invia

212 1463 291 1492 erat
306 1460 342 1491 H
358 1460 375 1490 I
391 1458 424 1490 8.

255 1513 374 1545 pango.
407 1503 614 1535 sestertium
632 1502 757 1534 tricies
775 1502 916 1548 pepigit
939 1513 960 1533 a
984 1502 1117 1533 Pisone
1135 1501 1169 1532 H
1192 1502 1242 1533 IV
1259 1500 1313 1533 36.
1355 1501 1446 1533 nihil
1471 1512 1552 1534 esse
1577 1502 1621 1534 de
1639 1513 1681 1534 re
1695 1513 1730 1544 p.

212 1560 329 1591 neque
347 1549 520 1581 libertate
544 1558 601 1590 po.
628 1550 774 1589 pactum
792 1547 827 1578 H
843 1548 860 1578 Ι
876 1546 929 1578 20.
973 1557 1064 1588 quae
1082 1549 1194 1589 pacta
1217 1557 1289 1578 non
1305 1547 1579 1589 praestitissent
1595 1547 1629 1578 H
1647 1548 1660 1578 i
1676 1546 1731 1580 58.

256 1595 363 1634 panis.
398 1604 530 1636 panem
543 1593 580 1624 in
598 1593 676 1624 dies
693 1593 849 1624 mercari
863 1592 887 1623 J
904 1592 958 1633 44,
979 1592 1011 1623 5.
1052 1602 1184 1633 panem
1204 1595 1267 1623 aut
1285 1602 1390 1633 quem
1408 1591 1518 1623 alium
1536 1592 1655 1624 cibum
1673 1602 1731 1625 eo-

213 1643 309 1671 ctum
327 1639 484 1671 vendere
501 1638 524 1669 J
546 1637 599 1676 45,
618 1638 650 1669 2.

256 1684 488 1724 Paphlagonia
503 1683 538 1714 H
554 1683 607 1714 III
624 1682 677 1713 47.
719 1681 993 1724 Paphlagonum
1011 1681 1263 1723 promunturia.
1279 1682 1345 1713 vid.
1363 1682 1410 1713 ad
1424 1681 1459 1712 H
1477 1681 1530 1713 III
1546 1681 1601 1713 48.

256 1729 419 1768 Papirius.
452 1728 518 1759 Gn.
539 1728 709 1769 Papirius
728 1726 847 1758 Carbo
864 1727 899 1757 H
916 1728 932 1758 Ι
949 1725 1003 1758 38.

256 1783 326 1813 par.
365 1773 454 1804 haut
478 1783 657 1814 quaquam
682 1782 749 1814 par
772 1771 890 1814 gloria
915 1771 1076 1812 sequitur
1100 1771 1312 1813 scriptorem
1336 1773 1372 1802 et
1397 1774 1558 1803 actorem
1583 1770 1610 1803 C
1634 1770 1673 1812 3,
1698 1771 1732 1803 2.

213 1829 292 1850 meo
320 1822 357 1850 et
380 1818 536 1849 hostium
560 1817 738 1849 exercitui
760 1827 827 1859 par
850 1817 1011 1848 conditio
1028 1817 1062 1847 H
1081 1816 1116 1848 II
1133 1815 1188 1855 96,
1208 1815 1240 1848 6.
1283 1816 1383 1847 fama
1408 1819 1481 1857 atq.
1509 1816 1655 1848 fortuna
1672 1827 1731 1848 eo-

213 1875 291 1895 rum
307 1873 415 1905 pares
433 1865 516 1894 sunt
533 1862 560 1894 C
578 1861 634 1902 51,
656 1861 705 1893 12.
746 1862 869 1904 gratia
892 1872 959 1903 par
982 1872 1026 1893 ac
1051 1862 1082 1893 si
1106 1872 1219 1903 prope
1243 1861 1454 1893 adessemus
1470 1862 1494 1893 J
1515 1860 1594 1901 102,
1611 1861 1642 1892 7.
1683 1871 1730 1893 ne

212 1909 279 1940 illa
296 1912 400 1940 tauro
418 1908 524 1949 paria
541 1907 614 1938 sint
631 1908 665 1938 H
683 1908 719 1938 II
735 1905 768 1938 9.
810 1917 878 1948 par
894 1906 1059 1948 similisq.
1080 1907 1214 1938 ceteris
1233 1905 1467 1938 efficiebatur
1483 1905 1510 1937 C
1532 1905 1583 1946 14,
1602 1906 1634 1937 4.
1666 1916 1731 1948 pa-

212 1965 288 1986 rem
307 1964 387 1985 cum
403 1953 531 1984 liberis
555 1953 578 1984 J
601 1951 656 1991 14,
674 1950 707 1983 9.
749 1951 871 1983 scalas
894 1961 1001 1993 pares
1025 1951 1205 1983 moenium
1230 1950 1425 1982 altitudine
1448 1950 1483 1981 H
1507 1950 1558 1983 IV
1579 1950 1634 1982 55.
1677 1951 1732 1982 eis

215 1999 327 2030 animi
345 1997 554 2039 magnitudo
578 2007 644 2039 par
668 1996 695 2028 C
713 1996 774 2036 54,
796 1996 825 2028 1.
869 1996 1062 2028 certabant
1082 1996 1153 2038 ipsi
1178 2006 1305 2038 pares,
1330 1995 1460 2037 opibus
1483 1995 1692 2037 disparibus
1708 1996 1732 2028 J

213 2043 268 2083 52,
292 2043 319 2074 1.
362 2043 408 2074 ad
426 2045 550 2074 cetera
568 2052 692 2084 parem
711 2042 868 2073 animum
886 2045 1018 2083 gerant
1035 2042 1057 2073 J
1071 2041 1126 2081 54,
1146 2040 1174 2072 1.
1208 2042 1288 2082 pari
1306 2040 1469 2082 periculo
1487 2043 1543 2071 set
1560 2041 1661 2072 fama
1677 2040 1731 2072 in-

214 2088 295 2130 pari
312 2088 399 2119 boni
418 2090 490 2128 atq.
508 2087 637 2128 ignavi
655 2090 759 2118 erant
775 2087 799 2119 J
815 2086 870 2126 57,
890 2085 922 2117 6.
965 2086 1033 2118 duo
1052 2086 1154 2117 sinus
1170 2085 1249 2128 pari
1266 2088 1400 2117 natura
1417 2085 1440 2116 J
1458 2084 1517 2121 78,
1535 2085 1566 2115 2.
1603 2085 1733 2117 aberat

214 2142 316 2164 mons
340 2135 459 2163 tractu
483 2132 564 2173 pari
587 2132 610 2164 J
627 2130 689 2171 48,
707 2130 740 2164 3.
781 2132 887 2173 quasi
910 2141 978 2173 par
1000 2131 1038 2162 in
1055 2131 1186 2172 oppido
1204 2130 1395 2161 festinatio
1412 2130 1446 2161 H
1464 2130 1517 2161 ΙΙΙ
1532 2128 1588 2161 26.
1630 2130 1732 2172 equis

215 2178 322 2253 Εὲἱῖῗ
335 2175 1179 2252 {dignu‘Zssssitfissait‘affitns23⁹k1132‘3dd&felii
1189 2175 1731 2252 ssassasseffia‘ffssieixssss‘fflig

216 2269 287 2307 atq.
314 2246 434 2297 aniino
461 2265 584 2297 varius
601 2266 624 2297 J
645 2265 725 2305 113,
744 2232 957 2307 3.lpariter
985 2269 1022 2297 te
1046 2268 1156 2306 atque
1181 2244 1287 2296 illum’
1304 2281 1350 2287 —
1373 2228 1583 2306 pefsequiJ
1603 2230 1676 2305 1032),
1695 2264 1730 2296 5.

215 2321 359 2342 suorum
378 2313 415 2342 et
432 2309 588 2341 hostium
606 2320 664 2341 res
682 2310 821 2351 pariter
839 2310 1038 2342 adtendere
1055 2311 1079 2342 J
1095 2309 1150 2350 88,
1170 2310 1202 2342 2.
1242 2310 1382 2351 pariter
1406 2320 1450 2340 ac
1473 2309 1505 2341 si
1526 2308 1651 2341 hostes
1670 2309 1731 2341 ad-

217 2358 341 2387 essent
364 2355 387 2387 J
411 2354 471 2393 46,
490 2353 512 2386 6
528 2356 613 2386 conl.
636 2353 716 2394 100,
739 2354 769 2385 1.
788 2355 820 2386 5.
864 2358 1083 2386 testamento
1108 2355 1247 2397 pariter
1269 2365 1348 2386 cum
1373 2353 1459 2385 filiis
1484 2353 1656 2385 heredem
1677 2354 1731 2385 in—

216 2400 338 2432 stituit
354 2400 376 2432 J
394 2399 432 2438 9,
451 2399 482 2431 3.
523 2400 734 2440 pariterque
761 2399 934 2440 oppidani
960 2410 1070 2441 agere
1087 2400 1110 2431 J
1127 2399 1188 2438 60,
1210 2399 1239 2430 l.
1281 2399 1421 2441 pariter
1443 2408 1567 2430 omnes
1582 2399 1607 2431 J
1623 2397 1679 2439 80,
1698 2398 1730 2431 7.

215 2446 250 2477 Η
268 2446 284 2477 Ι
305 2444 356 2476 10.
399 2445 565 2476 divorsas
582 2454 640 2475 res
656 2444 796 2486 pariter
815 2446 1013 2484 expectant
1029 2445 1051 2476 J
1068 2443 1125 2483 85,
1143 2443 1198 2475 20.
1239 2442 1429 2475 munificus
1451 2453 1557 2475 nemo
1574 2443 1730 2486 putaba-

215 2493 274 2521 tur
297 2490 370 2521 nisi
395 2489 534 2531 pariter
557 2488 684 2521 volens
707 2488 730 2520 J
757 2487 837 2528 103,
857 2487 890 2519 6.
931 2488 987 2519 illi
1011 2490 1151 2530 pariter
1167 2489 1258 2520 laeti
1277 2498 1358 2520 esse
1375 2488 1399 2520 J
1420 2487 1500 2527 113,
1518 2488 1550 2519 2.
1591 2488 1734 2530 pariter

217 2545 322 2567 acres
347 2534 525 2567 invadunt
541 2534 576 2565 H
592 2534 641 2565 IV
657 2532 713 2565 43.
763 2534 822 2565 cui
844 2533 917 2564 nisi
940 2534 1079 2575 pariter
1103 2533 1249 2566 obviam
1273 2533 1388 2564 iretur
1414 2533 1446 2564 H
1463 2533 1481 2564 I
1496 2531 1552 2565 58.
1592 2533 1732 2575 pariter

217 2590 297 2611 cum
316 2589 450 2612 occ-asu
468 2578 553 2610 solis
571 2578 593 2610 J
611 2577 665 2618 68,
683 2579 715 2609 2.
744 2577 818 2617 106,
837 2577 869 2609 5.
896 2577 950 2616 77,
974 2578 1001 2608 l.

260 2625 393 2664 paratio
411 2624 515 2666 regni
534 2623 646 2655 fuerit
662 2623 762 2665 plebi
779 2633 845 2655 sua
861 2623 1054 2654 restituere
1071 2622 1095 2653 J
1111 2621 1166 2661 31,
1184 2621 1216 2653 8.
1482 2654 1490 2663 ,

259 2671 408 2709 paratus.
440 2679 572 2710 magno
587 2678 655 2700 usu
671 2670 804 2710 paratu
820 2667 974 2699 militum
992 2670 1029 2699 et
1046 2677 1223 2698 armorum
1242 2666 1313 2697 fuit
1329 2666 1364 2697 H
1377 2666 1394 2697 I
1411 2665 1465 2698 55.

260 2723 369 2753 pareo.
402 2714 544 2745 aerario
561 2723 714 2755 parcere
730 2713 753 2745 J
769 2711 824 2753 85,
843 2711 876 2745 3.
917 2712 999 2744 dum
1023 2711 1150 2754 paucis
1174 2710 1365 2742 sceleratis
1382 2712 1538 2752 parcunt
1554 2709 1583 2742 C
1599 2710 1654 2751 52,
1676 2710 1728 2742 12.

218 2762 353 2800 quanto
371 2759 442 2790 sibi
460 2759 497 2789 in
514 2757 654 2799 proelio
671 2758 788 2789 minus
806 2757 1091 2800 pepereissentJ
1111 2755 1186 2796 107,
1201 2756 1227 2787 1.
1261 2765 1468 2787 mansurum
1485 2756 1606 2797 potius
1624 2766 1728 2797 quam

218 2821 258 2826 ——
277 2805 377 2835 vitae
395 2806 566 2845 parceret
582 2803 603 2834 J
626 2801 707 2842 106,
726 2802 759 2834 3.
801 2803 855 2834 ita
879 2812 966 2834 suae
986 2801 1214 2842 hostiumque
1239 2800 1339 2831 vitae
1363 2801 1465 2831 iuxta
1488 2803 1732 2842 pepercerant

219 2848 245 2879 C
264 2848 324 2888 61,
344 2847 375 2879 6.
418 2849 564 2879 Parcite
590 2847 762 2889 dignitati
785 2844 950 2886 Lentuli,
976 2847 1007 2878 si
1032 2846 1110 2888 ipse
1134 2845 1356 2888 pudicitiae,
1381 2845 1412 2876 si
1430 2845 1554 2876 famae
1572 2855 1678 2885 suae,
1697 2845 1730 2876 si

217 2893 295 2929 deis
322 2896 385 2924 aut
407 2892 615 2924 hominibus
638 2903 807 2938 umquam
831 2891 914 2925 ullis
938 2891 1107 2936 pepercit
1130 2890 1157 2923 C
1181 2890 1243 2931 52,
1262 2889 1316 2922 32.
1356 2900 1476 2931 neque
1493 2890 1651 2932 sumptui
1666 2899 1729 2921 ne-
