1838 3288
238 240 316 280 130
457 249 757 277 ms‘romARvM
778 247 948 274 metiar.
973 247 1143 274 menon.
1169 246 1312 279 mimo.
1348 241 1523 277 33—36.

237 352 332 395 apud
357 349 569 382 Sallustium
595 347 832 389 gerundivum
858 346 961 389 (puta
982 346 1243 388 perfer-undae),
1270 346 1314 379 de
1340 357 1383 379 eo
1407 346 1482 379 diei
1500 346 1665 389 adparet,
1692 346 1754 388 qui

237 398 355 438 legem
381 395 543 435 aliquam
568 392 681 423 latum
707 395 770 423 aut
793 392 974 433 perlatum
999 392 1044 423 iri
1069 392 1314 434 cupidissume
1333 392 1596 434 expectaverit.
1638 392 1753 431 Quem

239 442 304 473 Gn.
331 438 541 480 Pompeium
567 437 678 468 fuisse
697 436 861 478 plerique
879 446 1002 468 omnes
1020 437 1219 477 credidere,
1241 437 1331 470 haut
1351 437 1474 479 inepte
1494 436 1654 478 quidem.
1692 436 1755 468 Set

237 484 323 526 quid
348 483 564 524 obstatvquo
589 481 707 513 minus
731 481 902 523 populum
933 481 1255 523 cupientissumum
1289 481 1403 513 fuisse
1435 483 1637 513 statuamus
1662 480 1755 523 legis

236 530 280 560 de
305 527 504 559 tribunicia
528 528 709 568 potestate
736 526 981 566 restituenda,
1014 526 1074 559 vel
1099 526 1342 559 iudiciariae?
1386 526 1445 558 Ita
1476 526 1507 558 si
1539 525 1756 558 Gerlachius

236 572 427 611 iudicavit,
455 572 489 603 ei
515 570 710 603 adsentior.

351 650 403 690 33
437 648 516 703 [Kr.
538 651 567 687 V
589 654 643 687 19.
675 651 714 686 G.
736 651 749 686 Ι
770 648 846 702 38].
893 649 995 688 Sane
1019 649 1147 689 bonus
1169 663 1214 689 ea
1235 654 1466 701 tempestate
1489 653 1625 688 contra
1655 632 1758 699 peri·
1803 652 1806 656 '

239 717 325 757 cula
360 722 397 756 et
427 716 690 756 ambitionem.
1576 750 1579 753 .
1670 731 1678 737 “

353 795 454 827 Serv.
483 795 529 826 ad
551 795 662 836 Verg.
688 794 778 825 Aen.
804 795 822 826 Ι
850 793 930 826 195:
964 795 1093 827 Bonum
1124 796 1223 827 etiam
1245 805 1311 837 pro
1339 795 1428 834 forti
1455 795 1537 828 dicit
1561 794 1759 827 Sallustius:

239 851 328 873 sane
352 858 396 862 —
422 839 668 872 ambitionem.
718 839 821 878 Quae
853 839 966 872 verba
998 843 1125 882 aperte
1159 840 1267 872 aliter
1296 839 1465 882 intellegi
1495 850 1567 871 non
1596 840 1759 881 possunt,

239 886 312 917 nisi
336 885 379 917 de
406 895 466 923 eo,
500 884 560 926 qui
592 884 737 916 fortiter
761 884 934 925 periculis
967 887 1004 916 et
1030 885 1224 916 ambitioni
1250 885 1438 916 restiterit.
1488 884 1535 916 At
1559 884 1661 916 cuius
1687 894 1760 916 am-

240 930 393 962 bitioni?
418 939 554 961 suaene
580 928 717 971 ipsius?
763 929 898 960 Parum
928 932 1028 961 recte
1061 939 1104 961 ea
1137 929 1249 961 animi
1275 929 1457 971 cupiditas
1483 939 1564 961 cum
1587 927 1762 971 periculis

238 976 462 1017 iungeretur.
511 974 567 1005 An
591 973 702 1016 igitur
729 973 795 1005 Gn.
828 974 1004 1015 Pompei?
1035 984 1129 1015 quae
1155 974 1289 1006 Kritzii
1314 974 1384 1005 fuit
1408 973 1604 1006 sententia.
1653 973 1701 1005 At
1722 975 1763 1005 ut

237 1022 401 1062 pericula,
429 1019 481 1050 sic
508 1019 620 1050 etiam
645 1018 854 1050 ambitionem
877 1018 988 1050 latius
1014 1021 1140 1061 patere
1164 1019 1328 1061 adparet.
1371 1018 1592 1051 Simillumus
1610 1020 1666 1050 est
1680 1017 1716 1049 h.
1735 1017 1760 1049 l.

241 1066 322 1106 lug.
348 1063 403 1104 28,
429 1064 467 1096 5:
488 1064 705 1104 firmissumus
729 1067 851 1095 eontra
871 1066 1029 1104 pericula
1060 1068 1092 1096 et
1122 1065 1276 1096 insidias.
1325 1063 1476 1095 Scilicet
1500 1063 1652 1095 ambitio
1678 1072 1762 1094 con-

241 1109 416 1151 plectitur
441 1108 560 1140 studia
584 1107 767 1139 hominum
794 1110 902 1149 atque
929 1118 1041 1150 opera
1067 1108 1112 1140 ad
1138 1108 1296 1150 aliquem
1314 1108 1352 1140 in
1369 1118 1454 1140 suas
1470 1110 1596 1150 partes
1621 1107 1763 1140 abstra-

241 1154 399 1185 hendum
424 1153 589 1194 inpensa,
618 1163 689 1194 qua
714 1151 984 1195 significatione
1010 1153 1227 1188 vocabulum
1253 1156 1309 1185 est
1334 1163 1391 1195 ap.
1418 1153 1504 1185 Iust.
1531 1153 1550 1184 Ι
1573 1151 1605 1192 3,
1634 1152 1668 1184 l:
1693 1163 1764 1184 eum

244 1201 376 1231 admitti
403 1208 524 1240 magna
555 1197 731 1229 ambitione
763 1207 867 1237 aeqre
898 1197 1107 1230 obtinuisset.
1155 1198 1357 1230 Praeterea
1390 1208 1434 1229 ex
1463 1197 1588 1230 verbis
1612 1207 1655 1229 ea
1685 1201 1764 1229 tem-

242 1247 374 1285 pestate
410 1243 657 1274 manufestum
694 1245 767 1281 est,
806 1242 872 1273 illa
911 1242 1010 1274 dicta
1051 1242 1163 1274 fuisse
1205 1243 1249 1274 de
1281 1243 1377 1282 viro,
1420 1243 1481 1285 qui
1520 1245 1651 1284 postea
1690 1252 1764 1275 am-

243 1288 381 1320 bitione
406 1290 602 1329 conruptus
628 1285 737 1326 esset,
762 1287 799 1318 id
825 1287 918 1328 quod
942 1287 980 1318 in
1004 1287 1047 1327 Q.
1075 1287 1257 1327 Catulum,
1286 1298 1392 1329 quem
1417 1287 1578 1319 Kritzius
1603 1286 1677 1318 dici
1699 1296 1765 1329 pu-

244 1333 349 1372 tavit,
375 1332 475 1364 nullo
500 1331 604 1363 modo
631 1331 741 1363 cadit.
791 1332 894 1371 Quod
919 1332 950 1363 si
976 1332 1212 1364 coniecturae
1237 1332 1342 1364 locus
1366 1332 1490 1371 datur,
1519 1332 1676 1364 fortasse
1700 1330 1765 1363 ille

245 1377 315 1409 fuit
340 1377 383 1410 G.
410 1376 620 1408 Scribonius
646 1375 765 1415 Curio,
793 1376 853 1417 qui
870 1386 951 1408 cum
968 1386 1041 1408 cos.
1062 1387 1094 1409 a.
1114 1376 1158 1408 76
1174 1377 1382 1409 fortissume
1399 1376 1636 1419 popularibus
1660 1375 1765 1408 resti·

245 1422 364 1461 tisset,
390 1424 522 1463 postea
545 1425 668 1453 tamen
692 1421 812 1463 legem
839 1421 1033 1453 Gabiniam
1059 1422 1314 1454 conmendavit
1337 1421 1462 1463 itaque
1480 1431 1561 1454 sese
1578 1420 1765 1464 potentiae

249 1467 316 1499 Gn.
342 1466 494 1508 Pompei
519 1466 623 1508 quasi
648 1465 840 1497 addixerat
865 1464 955 1507 (Cic.
982 1466 1015 1497 d.
1041 1466 1115 1508 inp.
1143 1467 1208 1499 Gn.
1235 1467 1360 1508 Pomp.
1386 1465 1457 1507 23).

361 1545 415 1584 34
448 1544 527 1597 [Kr.
546 1547 630 1582 188.
661 1546 700 1582 G.
717 1542 795 1595 63].
840 1544 976 1595 Neque
993 1546 1122 1584 animo
1139 1557 1266 1596 neque
1283 1544 1417 1595 lingua
1431 1545 1524 1584 satis
1543 1548 1764 1595 conpotem.

359 1623 494 1655 Donat.
524 1622 569 1654 ad
593 1622 743 1654 Terent.
769 1622 923 1665 Adelph.
949 1623 1002 1654 III
1026 1623 1058 1663 2,
1089 1623 1145 1654 12:
1175 1623 1315 1665 Compos
1340 1621 1459 1665 animi]
1483 1626 1506 1654 ι’.
1524 1633 1554 1655 e.
1579 1626 1767 1664 competen-

249 1671 293 1700 tis
316 1669 417 1699 animi
438 1669 491 1699 vel
512 1669 587 1699 sani
610 1669 724 1706 animi,
751 1669 805 1699 eui
827 1671 1031 1699 contrarium
1056 1672 1108 1699 est
1134 1668 1251 1710 ‘impos
1275 1670 1397 1700 animi'.
1446 1667 1625 1700 Sallustius
1647 1676 1766 1708 neque

248 1730 292 1735 —
317 1715 537 1754 compotem,
570 1723 640 1744 eam
671 1713 713 1743 de
745 1716 874 1744 amente
901 1711 1062 1754 Septimio
1088 1715 1293 1756 loqueretar.
1341 1713 1416 1745 Alii
1438 1715 1632 1755 ‘compotem
1656 1714 1766 1744 animi’

248 1759 463 1799 compositum
487 1758 594 1788 animo
619 1758 818 1798 intelligunt.
868 1756 956 1788 Cum
987 1758 1121 1790 Donat.
1155 1757 1199 1789 de
1224 1768 1359 1799 compos
1383 1757 1501 1797 dicat,
1532 1757 1632 1789 nullo
1662 1756 1766 1789 modo

248 1813 313 1845 per
338 1812 494 1833 errorem
524 1801 620 1833 hunc
651 1801 770 1840 locum
801 1812 864 1844 pro
897 1802 940 1833 fr.
966 1803 984 1834 1
1007 1801 1053 1834 88
1083 1802 1260 1834 adtulisse
1292 1803 1413 1845 putari
1443 1805 1576 1844 potest.
1625 1802 1681 1834 Ex
1714 1802 1767 1833 eis

250 1849 372 1879 autem
398 1846 640 1888 temporibus,
674 1846 717 1877 dc
744 1846 872 1888 quibus
902 1846 1096 1879 Sallustius
1127 1847 1289 1879 historiis
1314 1847 1496 1887 narravit,
1529 1846 1616 1879 duos
1648 1846 1766 1889 Septi-

248 1892 339 1923 mios
364 1891 542 1930 novimus,
570 1892 611 1922 L.
633 1891 846 1933 Septimium
864 1891 908 1922 de
928 1902 997 1933 quo
1016 1891 1092 1923 Cic.
1112 1903 1177 1934 pro
1195 1893 1340 1924 Vareno
1359 1892 1497 1933 (Drum.
1515 1891 1548 1923 V
1563 1902 1598 1933 p.
1617 1890 1684 1922 244
1697 1890 1766 1933 sq.)

249 1936 447 1969 secundum
471 1936 587 1967 Prisc.
615 1936 670 1967 III
694 1947 727 1978 p.
758 1935 820 1967 112
846 1936 952 1967 dixit:
981 1937 1021 1968 L.
1048 1938 1102 1968 ille
1120 1936 1299 1979 Septimius
1324 1938 1465 1968 diceret.
1505 1936 1639 1968 Etenim
1655 1940 1706 1967 est
1723 1936 1770 1967 ad

248 1982 293 2015 L.
322 1981 439 2013 Crassi
461 1981 681 2023 eloquentiam
703 1981 818 2022 ¹qravis
843 1985 876 2012 et
891 1981 1063 2013 vehemens
1087 1985 1120 2014 et
1135 1981 1306 2013 volubilis:
1329 1981 1476 2013 Erucius
1492 1981 1546 2013 Izie
1566 1985 1682 2013 noster
1697 1980 1765 2012 An-

249 2029 416 2058 toniaster
441 2029 511 2062 esc,·
537 2025 583 2057 ad
610 2035 715 2067 quem
741 2035 810 2067 quo
835 2025 952 2057 minus
979 2036 1058 2058 cum
1083 2026 1224 2057 Kritzio
1247 2025 1363 2057 verba
1388 2025 1453 2057 illa
1479 2025 1681 2057 referamus
1707 2023 1768 2057 ob-

250 2073 336 2110 stat,
364 2070 458 2112 quod
480 2080 546 2102 non
570 2074 752 2111 compotem
775 2071 888 2111 linqua
910 2080 1038 2112 parum
1065 2081 1144 2102 cum
1167 2069 1396 2103 volubilitate
1423 2070 1468 2102 ab
1487 2069 1667 2102 Cicerone
1690 2069 1768 2102 lau-

250 2115 338 2147 data
362 2114 533 2147 videntur
558 2115 766 2147 convenire.
813 2113 915 2145 Alter
940 2117 995 2146 est
1019 2115 1059 2146 P.
1088 2115 1286 2157 Septimius
1311 2114 1504 2154 Scaevola,
1535 2125 1642 2157 quem
1666 2114 1770 2160 a272

249 2162 419 2202 praetore
446 2159 488 2198 Q.
514 2159 709 2191 Hortensio
734 2158 943 2190 damnatum
966 2169 1046 2191 esse
1071 2162 1227 2199 constat,
1254 2159 1347 2201 quod
1363 2159 1471 2191 iudex
1488 2159 1683 2202 pecuniam
1707 2169 1769 2192 ac-

252 2204 411 2246 cepisset
429 2202 520 2244 (Cic.
542 2206 612 2235 act.
632 2203 650 2234 I
667 2203 705 2234 in
720 2203 824 2235 Verr.
847 2201 898 2242 13,
917 2202 960 2235 38
977 2204 1064 2246 ibiq.
1090 2205 1231 2247 Zumpt.
1252 2215 1287 2247 p.
1307 2203 1361 2236 79.
1380 2215 1433 2247 pr.
1454 2203 1596 2237 Cluent.
1614 2203 1670 2246 41,
1691 2202 1767 2236 115.

250 2249 374 2324 Drtumb.
400 2248 458 2324 Itu
481 2258 515 2290 p.
541 2246 611 2289 87).
660 2247 715 2279 Ad
741 2257 821 2280 eum
845 2247 958 2290 igitur
980 2248 1046 2281 illa
1069 2249 1184 2282 verba
1207 2249 1427 2292 pertinuisse
1453 2249 1608 2282 fortasse
1633 2248 1770 2281 rectius

250 2303 299 2335 pu
318 2304 338 2325 a
367 2303 414 2324 un
432 2303 485 2324 ur.

366 2370 418 2410 35
448 2370 527 2423 [Kr.
553 2374 582 2407 1.
615 2372 653 2408 G.
675 2372 688 2408 1
712 2369 809 2422 11⁶2]
851 2370 948 2410 Cum
970 2371 1168 2412 Sertorius
1191 2384 1320 2423 neque
1349 2375 1577 2424 erumperet
1597 2375 1675 2411 tam
1697 2370 1773 2411 levi

253 2439 364 2491 copia
394 2437 569 2477 navibus.

365 2504 464 2537 Serv.
493 2505 539 2537 ad
562 2505 671 2545 Verg.
698 2503 739 2535 A.
766 2504 802 2535 II
825 2503 910 2536 564:
946 2505 1071 2547 Copia,·
1104 2507 1284 2539 notandum
1317 2504 1410 2549 [est]
1441 2506 1483 2538 de
1515 2509 1671 2539 eaeercttu
1700 2515 1771 2538 eum

252 2551 383 2583 dixisse
406 2550 588 2591 singulari,
620 2553 654 2579 ut
685 2548 886 2581 Sallustius:
918 2549 997 2582 Con
1025 2551 1205 2583 Sertorios
1236 2561 1353 2594 neque
1386 2561 1532 2594 rumpor
1565 2553 1601 2583 et
1626 2560 1674 2585 an
1695 2549 1770 2584 levi

254 2595 397 2637 copiam
423 2594 572 2645 avibus..
601 2593 740 2645 Cassel.
768 2592 922 2646 (ssergk.
948 2595 1079 2636 partic.
1105 2595 1138 2627 V
1160 2607 1195 2637 p.
1220 2595 1303 2637 35):
1338 2595 1426 2628 Com
1452 2595 1629 2628 Sertorios
1652 2603 1770 2647 neque

253 2641 437 2682 rumperet
447 2649 491 2671 an
500 2638 575 2671 levi
584 2648 725 2681 coplam
735 2638 874 2678 ambus,
890 2639 985 2671 unde
994 2650 1118 2672 veram
1128 2640 1419 2672 emendationem
1428 2640 1569 2673 invenit
1575 2638 1770 2673 Putsehms

254 2695 361 2726 quam
387 2683 497 2716 etiam
520 2682 655 2725 Bergk.
685 2683 934 2725 conprobavit.
984 2684 1090 2724 Quod
1121 2694 1179 2726 ap.
1206 2685 1311 2717 Lion.
1340 2685 1560 2727 adscriptum
1594 2687 1650 2716 est
1672 2683 1728 2717 tib.
1753 2682 1772 2716 1

255 2730 349 2760 Hist.
374 2729 411 2760 in
437 2727 576 2760 Cassel.
603 2727 783 2760 omissum.
825 2728 969 2765 ,Tamen
996 2729 1075 2761 veri
1100 2728 1217 2761 simile
1237 2732 1292 2761 est
1316 2729 1430 2762 verba
1456 2740 1500 2761 ex
1523 2729 1637 2771 primo
1661 2727 1769 2769 libro,

254 2773 317 2806 ubi
341 2773 386 2805 de
412 2773 591 2805 erroribus
617 2772 753 2805 Sertori
775 2776 962 2805 narratum
987 2773 1100 2805 fuisse
1127 2776 1280 2814 constat,
1306 2776 1450 2816 sumpta
1465 2783 1568 2806 ·esse.

368 2839 422 2880 36
455 2839 534 2892 [ΚΓ.
554 2845 586 2877 2.
617 2841 656 2877 G.
674 2842 716 2878 111
734 2839 808 2892 16].
850 2839 898 2878 At
921 2840 1118 2880 Sertorius
1139 2852 1283 2880 vacuos
1304 2841 1432 2880 hieme
1452 2852 1599 2892 augere
1625 2841 1769 2891 copias.

367 2906 489 2938 Verba
514 2909 784 2939 conmemorata
808 2910 890 2940 sunt
916 2918 973 2950 ap.
1000 2907 1175 2950 Porphyr.
1203 2908 1249 2940 ad
1266 2908 1353 2940 Hor.
1380 2908 1449 2950 Ep.
1475 2907 1511 2940 II
1534 2907 1568 2949 2,
1586 2906 1642 2939 77.
1690 2907 1772 2956 Qua
