1812 3268
224 208 305 249 366
912 219 1047 246 1ΝοοΧ

268 321 328 351 sol.
361 319 407 350 ad
425 331 594 352 oceasum
614 320 658 351 ab
678 322 758 351 ortu
775 318 862 350 solis
881 317 908 349 C
927 317 988 356 36,
1007 319 1028 350 4
1052 322 1138 351 conl.
1155 319 1180 351 J
1200 319 1257 357 17,
1277 321 1308 352 4.
1349 321 1488 362 pariter
1512 332 1591 355 curn
1609 332 1745 355 occasu

224 365 309 395 solis
326 365 349 395 J
366 364 420 405 68,
440 366 472 396 2.
497 365 604 405 91,’2.
647 383 686 386 -
706 382 744 386 —
767 367 847 395 ortu
865 381 906 385 —-
923 363 947 394 J
969 362 1039 403 106,
1060 364 1091 395 5.
1135 365 1199 396 sub
1219 365 1294 397 sole
1313 366 1429 408 magis
1447 366 1537 398 haut
1552 367 1679 409 procul
1697 368 1742 399 ab

224 409 412 440 ardoribus
430 411 452 441 J
474 409 530 449 18,
550 409 582 441 9.
625 409 708 441 loca
734 412 862 440 exusta
887 408 974 441 solis
993 409 1182 441 ardoribus
1200 411 1222 442 J
1243 409 1294 451 19,
1313 409 1344 442 6.
1388 411 1489 443 iuxta
1507 411 1593 444 solis
1611 412 1744 446 aestivi

222 454 364 494 pulsum
383 454 416 485 H
436 455 447 485 i
470 454 531 486 100
547 465 639 496 susp.

267 499 368 529 solea.
401 499 521 531 soleas
544 500 719 531 festinate
737 499 772 530 H
791 499 803 530 i
824 498 897 531 105.
1328 532 1335 538 ,

267 543 368 574 soleo.
401 548 538 585 quanta
557 544 715 576 audacia
731 546 860 575 natura
879 561 916 566 —
938 544 1044 584 inest,
1065 547 1171 576 tanta
1188 545 1225 576 in
1243 544 1340 577 bello
1358 549 1484 587 patere
1503 546 1741 587 soletO58,2.

222 588 374 619 alterum
394 599 437 620 ex
454 589 685 630 providentia
701 589 884 629 timorem,
912 589 1067 621 alterum
1092 600 1135 621 ex
1153 588 1311 622 audacia
1329 591 1577 623 temeritatem
1597 592 1741 624 adferre

219 633 395 674 plerumq.
415 634 508 666 solet
524 634 546 665 J
564 634 599 674 7,
619 634 651 665 5.
694 634 815 666 omnia
839 644 933 675 quae
959 634 997 665 in
1021 634 1118 666 bello
1136 635 1238 667 vario
1256 636 1336 667 usui
1355 636 1573 669 esse'solent
1587 637 1613 669 J
1628 635 1690 676 43,
1709 636 1741 670 3.

221 677 322 709 Solet
341 679 376 710 in
396 679 468 710 illis
486 679 748 721 regionibus—
760 682 959 721 tempestas
977 679 1168 711 retinereJ
1181 679 1234 720 79,
1246 679 1267 712 6
1284 680 1334 712 bels-
1351 683 1436 712 conl.
1451 680 1536 721 J85,
1550 681 1601 714 13.
1624 680 1698 722 104,
1707 682 1740 714 5.

223 722 296 762 110,
315 723 346 755 3.
391 724 517 755 audire
535 724 678 756 solitum
699 735 742 756 ex
761 724 919 755 Gabinio
939 723 965 755 C
983 724 1037 764 47,
1059 724 1086 756 l.
1111 725 1135 756 J
1152 725 1183 764 4,
1195 725 1225 756 5.
1252 724 1306 764 88,
1318 724 1351 756 6.
1380 725 1497 765 108,3.
1524 727 1559 757 Η
1572 727 1624 758 ΙΙΙ
1641 723 1697 766 67,
1707 727 1740 759 4.

218 768 267 799 IV
281 767 308 799 1.
323 769 353 800 V
364 768 414 800 13.
446 769 684 809 sermonibus,
698 779 784 810 quos
795 769 858 800 ille
870 769 1007 800 habere
1017 769 1143 801 solitus
1155 769 1271 801 eratC
1281 770 1335 809 47,
1345 771 1376 801 2.
1396 769 1496 811 50,1.
1513 771 1576 811 J4,
1589 772 1620 803 7.
1640 770 1739 811 70,2.

219 813 377 845 ferocius
397 814 540 855 agitare
560 824 665 855 quam
680 814 809 846 solitus
824 820 904 845 erat
920 813 946 845 C
961 813 1014 853 23,
1034 813 1065 846 3.
1099 825 1144 846 ne
1161 815 1267 856 signa
1283 815 1427 856 quidem
1444 816 1498 847 uti
1512 827 1576 858 per
1591 816 1741 859 vigilias

219 857 390 890 solebant
407 869 540 891 canere
558 859 581 890 J
598 857 654 898 99,
673 858 700 891 1.
734 869 851 900 neque
871 859 1025 898 interim,
1046 859 1139 900 quod
1157 870 1272 901 prava
1290 860 1438 891 ambitio
1456 860 1559 901 solet,
1581 861 1741 894 consulis

222 920 258 924 -—
287 903 423 935 famam
442 904 589 936 laedere
606 905 629 936 J
645 902 705 944 96,
726 904 757 936 3.
805 914 884 935 eum
910 907 948 935 ut
975 914 1124 945 aegrum
1150 905 1307 936 animum
1333 905 1444 946 solet,
1470 915 1616 939 somnus
1641 907 1742 949 cepit

216 948 240 979 J
257 947 312 987 71,
331 949 362 980 2.
405 950 498 991 quod
515 949 725 991 plerumque
745 950 782 980 in
801 949 919 980 atroci
936 949 1084 990 negotio
1103 949 1213 987 solet,
1234 952 1384 981 senatus
1403 950 1568 986 deceevit
1586 950 1613 982 O
1631 949 1686 991 29,
1704 951 1737 982 2.

218 993 324 1025 simul
342 994 378 1025 id
397 994 488 1035 quod
506 994 543 1025 in
560 994 629 1026 tali
647 1005 686 1025 re
705 994 813 1033 solet,
841 993 916 1025 alia
934 993 1102 1036 prodigia
1121 1012 1160 1016 —
1179 994 1383 1026 narrabant
1401 994 1428 1026 C
1446 994 1508 1034 30,
1527 995 1558 1027 2.
1583 995 1607 1027 J
1628 995 1685 1036 15,
1704 996 1737 1029 5.

217 1038 349 1070 bonum
368 1039 570 1080 publicum,
596 1040 651 1070 uti
669 1039 705 1070 in
723 1039 871 1081 plerisq.
890 1039 998 1070 rebus
1017 1039 1125 1079 solet,
1154 1040 1272 1081 gratia
1290 1039 1473 1072 devictum
1489 1040 1512 1071 J
1529 1040 1591 1080 25,
1610 1039 1630 1070 3
1652 1043 1738 1074 conl.

216 1081 277 1122 66,
294 1083 325 1116 2.
367 1084 423 1114 illi
441 1095 512 1115 non
530 1087 570 1115 ut
587 1085 749 1126 equestri
766 1083 904 1126 proelio
922 1084 1027 1123 solet,
1048 1085 1151 1126 sequi
1168 1084 1252 1115 dein
1271 1085 1401 1116 cedere
1418 1085 1441 1117 J
1459 1083 1522 1125 59,
1540 1085 1572 1117 3.
1598 1085 1631 1116 H
1648 1085 1666 1117 Ι
1681 1085 1736 1118 74.

216 1129 271 1160 III
287 1130 340 1161 42.
367 1128 422 1160 68.
449 1129 502 1162 73.
537 1139 656 1170 neque
675 1129 856 1167 subsidiis,
877 1129 930 1159 uti
947 1130 1107 1168 soluerat,
1126 1130 1371 1170 conpositisH
1384 1130 1418 1161 11
1436 1129 1490 1161 55.
1525 1130 1738 1163 desiderans

217 1175 327 1206 solita
352 1185 373 1206 a
394 1174 561 1216 fugitivis
586 1175 755 1207 convicia
780 1175 814 1205 H
839 1174 895 1206 ΙΙΙ
919 1173 980 1214 67,
999 1174 1031 1206 7.
1080 1178 1229 1217 praeter
1253 1173 1363 1206 solita
1386 1174 1530 1207 vitiosis
1559 1175 1738 1209 tractibus

261 1266 416 1297 solitudo.
447 1265 509 1296 ubi
533 1267 724 1306 postquam
749 1264 982 1296 solitudinem
1006 1264 1191 1296 intellexit
1212 1264 1236 1296 J
1258 1263 1320 1305 93,
1339 1263 1370 1296 3.
1420 1275 1521 1307 spem
1545 1265 1676 1297 salutis
1699 1266 1738 1297 in

216 1311 412 1344 solitudine
433 1313 495 1341 aut
513 1310 601 1351 fuga
618 1310 754 1341 habere
772 1310 795 1341 J
812 1309 868 1350 55,
882 1310 911 1341 1.
948 1311 985 1341 in
1004 1310 1218 1341 solitudines
1235 1310 1483 1352 pei-gemam,
1498 1310 1512 1341 1
1532 1313 1618 1342 conl.
1638 1310 1691 1350 75,
1705 1310 1734 1343 1.

217 1359 296 1388 erat
317 1356 413 1387 inter
436 1353 598 1396 ingentis
623 1354 839 1386 solitudines
862 1355 1032 1396 oppidum
1050 1355 1074 1386 J
1097 1353 1159 1395 89,
1178 1355 1210 1386 4.
1251 1365 1317 1396 per
1340 1365 1494 1397 magnas
1518 1355 1737 1390 solitudines

215 1401 383 1444 pervenit
407 1400 428 1431 J
457 1398 518 1439 80,
548 1399 576 1430 1.
627 1409 719 1441 quae
750 1399 834 1430 loca
865 1400 909 1431 ob
938 1417 978 1423 —
1004 1400 1221 1431 solitudines
1245 1400 1364 1431 minus
1395 1400 1630 1442 frequentata
1654 1403 1737 1433 sunt

213 1447 237 1478 J
257 1446 443 1522 lsgilzx'nnis.
477 1489 584 1521 sicuti
602 1489 639 1520 in
657 1488 896 1522 sollemnibus
914 1490 1029 1521 sacris
1049 1489 1126 1521 fieri
1146 1490 1334 1522 consuevit
1352 1489 1378 1521 C
1397 1490 1452 1530 22,
1471 1491 1503 1522 2.

212 1537 390 1613 Jggllqrs.
428 1535 526 1566 rudis
558 1537 594 1565 et
622 1534 771 1576 ignarus
805 1538 915 1567 antea
946 1553 986 1557 —-—
1019 1534 1303 1566 sollertissumus
1323 1536 1492 1567 *omnium
1524 1535 1647 1568 factus
1679 1538 1737 1568 est

255 1604 264 1613 .
306 1606 313 1620 ,
358 1605 365 1613 .

259 1626 414 1658 sollertia
430 1625 557 1667 ingeni
572 1625 596 1656 J
614 1624 644 1664 7,
665 1624 696 1655 7.

259 1671 416 1703 sollicito.
450 1679 657 1712 quoscumq.
677 1670 827 1702 idoneos
847 1669 1031 1710 credebat,
1053 1669 1282 1702 sollicitabat
1299 1669 1326 1702 C
1345 1668 1406 1710 39,
1427 1669 1458 1702 6.
1499 1670 1645 1713 plebem
1663 1671 1733 1703 sol-

213 1716 359 1748 licitare
379 1715 405 1747 C
424 1716 479 1755 28,
498 1715 529 1747 2.
554 1725 648 1756 pass.
666 1715 689 1745 J
710 1714 761 1753 19,
784 1715 812 1746 1.
857 1715 1009 1747 servitia
1027 1715 1168 1746 urbana
1186 1715 1212 1746 C
1231 1715 1291 1755 24,
1311 1715 1343 1746 4.
1385 1714 1534 1757 opifices
1560 1719 1632 1758 atq.
1659 1726 1733 1748 ser-

188 1762 191 1764 ’
213 1763 304 1794 vitia
322 1761 368 1793 ad
386 1771 467 1793 eum
486 1759 714 1801 eripiundum
734 1760 760 1791 C
778 1759 839 1800 50,
866 1759 890 1792 1.
932 1760 1163 1792 vicinitatem
1189 1763 1298 1791 antea
1317 1759 1554 1792 sollicitatam
1572 1760 1599 1792 C
1617 1760 1679 1802 36,
1698 1761 1731 1794 -l.

260 1806 454 1838 sollicitudo
480 1808 640 1844 aeterna,
655 1806 760 1837 vobis
783 1805 988 1837 remanebit
1011 1805 1034 1836 J
1058 1804 1119 1845 31,
1139 1804 1192 1837 22.
1233 1805 1436 1847 inperatori
1459 1805 1539 1847 plus
1565 1817 1609 1838 ex
1625 1805 1733 1839 malis

213 1851 373 1883 moribus
397 1850 673 1890 sollicitudinis,
699 1861 805 1892 quam
829 1868 870 1872 —
897 1850 1011 1881 auxili
1037 1853 1099 1881 aut
1122 1850 1202 1891 spei
1219 1850 1336 1882 bonae
1357 1850 1562 1883 adcedebat
1578 1852 1601 1884 J
1618 1852 1681 1893 44,
1696 1852 1730 1884 2.

212 1907 283 1928 neu
301 1907 366 1928 nos
385 1897 423 1928 in
441 1895 689 1928 sollicitudine
709 1895 876 1927 adtineas
894 1895 928 1926 H
946 1895 961 1926 I
981 1894 1035 1933 48,
1059 1893 1110 1926 16.

257 1942 433 1973 sollicitus.
466 1941 599 1972 civitas
616 1941 760 1982 trepida
778 1944 889 1972 antea
908 1943 944 1971 et
958 1939 1120 1971 sollicita
1135 1940 1178 1972 de
1194 1939 1282 1971 belli
1298 1940 1462 1972 eventuJ
1474 1940 1528 1981 55,
1541 1941 1573 1974 2.
1605 1944 1731 1983 patres

212 1986 364 2018 solliciti
383 1989 487 2018 erant
505 1986 528 2016 J
545 1984 599 2025 30,
623 1984 650 2017 1.
691 1986 896 2027 Hispaniae
916 1985 1025 2016 armis
1043 1984 1226 2016 sollicitae
1245 1985 1279 2016 H
1295 1985 1314 2016 I
1329 1984 1383 2025 48,
1403 1984 1436 2016 8.

256 2032 356 2062 solus.
389 2032 445 2063 sin
469 2031 506 2061 in
530 2033 632 2061 tanto
657 2032 814 2062 omnium
838 2033 936 2062 metu
960 2029 1058 2062 solus
1083 2040 1154 2061 non
1178 2030 1283 2061 timet
1302 2029 1328 2061 O
1346 2029 1408 2070 52,
1430 2029 1480 2062 16.
1521 2030 1606 2063 Mic.
1633 2031 1730 2064 solus

211 2086 362 2118 reg-num
387 2076 543 2108 obtinuit
558 2076 582 2107 J
598 2075 638 2116 5,
657 2074 687 2106 6.
731 2076 785 2107 uti
809 2075 908 2107 solus
928 2075 1069 2117 inperio
1093 2075 1195 2107 Num.
1220 2075 1400 2117 potiretur
1421 2075 1445 2106 J
1468 2074 1506 2112 8,
1528 2075 1556 2108 1.
1597 2077 1730 2108 ceteris

213 2121 422 2162 expertibus
441 2120 508 2152 soli
525 2121 562 2150 in
580 2120 721 2162 inperio
741 2131 851 2162 agere
869 2121 903 2151 H
921 2120 937 2151 Ι
953 2119 985 2151 9.
1028 2119 1124 2151 solus
1150 2120 1245 2151 inter
1269 2120 1343 2151 tela
1368 2121 1523 2162 erumpit
1545 2121 1569 2153 J
1595 2119 1674 2161 101,
1692 2120 1727 2154 9.

212 2176 249 2197 se
268 2165 326 2197 vel
345 2165 557 2207 praemissis
574 2165 632 2196 vel
650 2165 790 2197 relictis
807 2165 944 2197 Mauris
963 2165 1077 2196 solum
1097 2175 1175 2196 cum
1195 2165 1296 2196 Sulla
1321 2165 1451 2197 iturum
1469 2166 1493 2197 J
1513 2165 1587 2207 107,
1606 2165 1638 2198 5.
1673 2176 1730 2198 so·-

210 2211 266 2241 lus
289 2211 445 2241 omnium
471 2212 553 2251 post
576 2209 757 2241 hominum
784 2210 994 2242 memoriam
1020 2227 1056 2231 —
1084 2210 1274 2251 conposuit
1293 2211 1328 2241 H
1345 2210 1361 2241 1
1378 2210 1433 2250 41,
1452 2209 1483 2242 6.
1527 2210 1725 2251 Cretensis,

210 2255 307 2286 solos
325 2255 483 2286 omnium
501 2254 635 2285 liberos
654 2255 688 2285 H
704 2255 753 2286 IV
770 2254 830 2295 61,
853 2254 904 2286 10.
948 2265 992 2286 ea
1018 2255 1095 2287 sola
1120 2265 1236 2296 neque
1255 2255 1362 2286 datur
1379 2255 1470 2287 dono
1488 2266 1570 2297 neq.
1591 2256 1727 2298 accipi-

211 2303 268 2331 tur
284 2300 307 2331 J
323 2298 378 2339 85,
398 2298 452 2330 38.
488 2302 643 2340 quantas
662 2309 748 2340 opes
768 2300 864 2331 solus
882 2299 1019 2341 pellere
1038 2299 1212 2341 incipiam
1231 2300 1265 2330 H
1283 2300 1335 2331 111
1352 2298 1448 2339 61,3.
1482 2301 1594 2332 tutius
1613 2300 1726 2333 factio

210 2345 396 2376 noxiorum
416 2345 504 2386 agit,
525 2353 630 2384 quam
648 2343 717 2374 soli
735 2344 948 2376 innoeentes
963 2345 997 2375 H
1014 2344 1133 2384 11161,
1146 2344 1177 2377 3.
1214 2345 1294 2377 exul
1310 2363 1349 2367 —
1368 2344 1465 2377 solus
1485 2349 1557 2387 atq.
1570 2345 1726 2377 omnium

209 2390 442 2421 honestarum
467 2399 585 2420 rerum
611 2398 722 2430 egens
738 2387 761 2419 J
782 2389 838 2428 14,
862 2389 912 2421 17.
953 2389 1034 2421 loca
1052 2389 1130 2421 sola
1146 2391 1169 2422 J
1189 2389 1268 2430 103,
1292 2389 1321 2424 l.
1363 2389 1452 2422 solis
1475 2391 1546 2422 viis
1563 2391 1631 2422 HI
1651 2389 1725 2422 110.

208 2447 253 2462 =
269 2435 384 2466 solum.
415 2444 533 2475 neque
551 2432 666 2464 solum
684 2451 725 2455 —
744 2437 801 2464 set
819 2433 845 2464 C
863 2430 916 2472 37³,
941 2433 969 2464 1.
996 2433 1052 2474 39,
1071 2433 1102 2466 6.
1674 2452 1692 2463 2

254 2480 357 2511 solvo.
388 2478 506 2520 plebis
530 2479 586 2510 vis
611 2477 729 2509 soluta
754 2481 827 2519 atq.
853 2478 1017 2519 dispersa
1037 2479 1074 2509 in
1095 2479 1327 2511 multitudine
1343 2479 1366 2511 J
1383 2479 1436 2519 41,
1457 2478 1488 2512 6.
1530 2490 1649 2522 genus
1662 2479 1724 2511 ho-

209 2525 343 2556 minum
362 2524 515 2555 liberum
535 2526 607 2564 atq.
626 2523 779 2555 solutum
797 2523 824 2554 C
842 2522 880 2562 6,
904 2522 930 2554 1.
973 2523 1089 2555 soluto
1115 2524 1257 2566 inperio
1274 2525 1297 2556 J
1315 2523 1375 2563 39,
1394 2525 1425 2556 5.
1467 2524 1609 2557 solvere
1630 2525 1724 2556 iniu-

208 2571 300 2601 riam
318 2570 352 2600 H
371 2569 387 2600 Ι
405 2569 459 2608 41,
482 2568 532 2600 15.
568 2578 631 2600 aes
649 2567 807 2599 alienum
826 2586 866 2590 —
886 2578 930 2599 ex
948 2569 1240 2609 possessionibus
1257 2568 1398 2601 solvere
1417 2569 1444 2600 O
1462 2568 1515 2606 35,
1533 2569 1565 2602 3.
1600 2568 1724 2611 precio

209 2614 324 2646 soluto
342 2614 377 2645 H
393 2614 409 2645 Ι
426 2613 480 2653 41,
496 2613 547 2645 18.
581 2616 771 2655 argentum
790 2623 873 2644 aere
891 2612 1046 2644 solutum
1066 2616 1122 2644 est
1140 2613 1167 2653 C
1185 2612 1281 2651 33,3.
1308 2610 1454 2654 'poenas
1470 2613 1579 2645 solvit
1593 2612 1685 2653 J69,
1702 2613 1723 2645 4

209 2658 372 2701 (eapite).
399 2659 433 2689 H
450 2659 499 2690 IV
516 2657 571 2697 61,
593 2658 643 2690 12.
686 2658 732 2690 ad
749 2659 933 2689 menstrua
951 2657 1126 2689 solvenda
1142 2657 1178 2688 H
1194 2658 1244 2689 IV
1265 2657 1303 2688 15
1319 2668 1411 2698 susp.

252 2704 420 2735 somnium.
452 2713 536 2734 num
554 2703 691 2735 somnio
709 2701 985 2744 portenderetur
1003 2701 1217 2734 thensaurus
1235 2702 1269 2733 H
1286 2702 1339 2733 III
1356 2701 1408 2733 78.

253 2757 394 2780 somnus.
426 2749 540 2790 primo
559 2758 664 2787 eura,
691 2747 842 2787 deinde,
868 2747 921 2779 uti
947 2757 1095 2789 aegrum
1113 2746 1269 2778 animum
1287 2746 1399 2786 solet,
1424 2746 1599 2778 somnium
1625 2747 1723 2790 cepit

206 2793 229 2825 J
246 2794 300 2833 71,
319 2794 341 2824 2
358 2796 443 2825 conl.
461 2793 625 2825 hostibus
643 2792 750 2834 paulo
769 2795 853 2824 aute
872 2802 993 2824 somno
1011 2792 1130 2833 captis
1145 2791 1169 2823 J
1185 2790 1241 2832 99,
1259 2790 1286 2823 l.
1325 2791 1478 2822 dormire
1495 2792 1597 2833 prius
1614 2801 1721 2834 quam

208 2838 321 2869 somni
340 2838 469 2879 cupido
489 2840 585 2870 esset
603 2837 630 2869 C
652 2837 702 2877 13,
718 2837 749 2870 3.
787 2837 889 2869 multi
906 2836 1078 2879 mortales
1095 2836 1209 2868 dediti
1226 2836 1345 2871 ventri
1364 2839 1436 2877 atq.
1455 2846 1578 2869 somno
1596 2836 1623 2869 O
1641 2837 1674 2878 2,
1685 2836 1718 2869 8.

207 2892 329 2914 somno
350 2886 385 2914 et
402 2885 499 2914 metu
515 2882 681 2924 inpedita
699 2882 788 2924 fuga
804 2882 826 2913 J
843 2880 898 2922 99,
918 2881 948 2914 3.
989 2891 1112 2913 somno
1130 2883 1362 2922 experrectus
1378 2881 1400 2913 J
1419 2880 1473 2922 72,
1492 2881 1525 2913 2.
