1852 3294
824 236 955 263 mccx
1572 217 1654 258 309

169 337 350 378 permixtio
367 339 489 370 terrae
506 336 531 368 J
546 335 602 376 41,
624 335 676 367 10.

169 391 356 423 permoveo.
395 392 501 424 quem
526 391 584 413 res
606 383 711 412 tanta
738 377 875 412 ettam
893 383 997 412 atrox
1013 390 1084 411 uon
1101 378 1281 421 permovit
1304 377 1332 409 C
1355 376 1417 417 51,
1438 376 1490 410 10.
1530 376 1652 409 dolore

125 431 326 471 permotum
341 427 365 459 J
378 426 434 466 20,
452 427 485 458 4.
521 426 677 468 ancipiti
694 425 791 457 malo
808 428 991 467 permotus
1009 424 1036 455 C
1055 424 1110 462 29,
1129 423 1156 455 l.
1189 423 1431 456 vehementer
1444 433 1487 454 eo
1503 422 1652 464 negotio

124 476 310 516 permotus
325 472 349 504 J
366 471 405 510 6,
423 472 456 503 2.
498 474 682 513 permotus
706 471 871 502 oratione
897 469 1071 501 Caesaris
1089 469 1116 501 C
1134 468 1195 508 50,
1214 468 1246 500 4.
1289 468 1420 510 quibus
1444 467 1554 499 rebus
1570 477 1652 509 per-

125 521 224 550 mota
242 518 378 550 civitas
396 516 424 548 C
442 515 498 556 31,
523 515 550 548 1.
592 515 720 558 plebes
739 515 950 547 dominandi
967 514 1085 546 studio
1103 517 1268 556 permota
1285 512 1312 544 C
1331 512 1386 554 33,
1406 511 1438 545 3.
1481 522 1562 544 cum
1579 512 1650 544 vir-

124 566 202 595 tute
221 566 295 594 tum
313 562 437 605 gratia
454 562 525 594 viri
542 564 726 603 permotus
742 560 843 592 flexit
861 561 1017 591 animum
1035 559 1059 590 J
1075 558 1109 597 9,
1128 558 1160 591 3.

168 608 367 648 permulceo.
398 605 615 638 liberalibus
633 605 756 638 verbis
773 605 966 647 permulcti
984 607 1068 636 sunt
1084 604 1119 635 H
1135 604 1186 635 IV
1201 602 1234 635 6.
1257 621 1273 632 κ

167 653 340 693 pernities.
378 652 417 683 in
442 650 582 682 Catone
606 650 713 682 malis
736 650 914 692 pernities
933 649 960 681 C
978 649 1022 681 54
1034 673 1042 687 ,
1061 648 1094 681 3.
1136 648 1347 681 consulibus
1362 647 1559 690 pernitiem
1575 657 1651 678 ma-

124 697 371 730 chinabantur
388 695 416 727 C
438 695 495 736 18,
515 696 547 728 7.
590 696 636 727 ad
658 695 853 737 pernitiem
879 695 957 726 eius
981 694 1103 726 dolum
1128 704 1306 736 quaerere
1321 693 1346 725 J
1363 691 1418 731 70,
1439 692 1469 724 l'.
1509 692 1651 724 miseri-

123 742 249 775 cordia
271 742 310 774 in
332 741 528 783 pernitiem
553 751 686 772 casura
707 741 730 772 J
748 739 803 780 31,
821 739 876 771 21.
918 750 990 771 neu
1012 738 1120 771 malis
1136 739 1294 781 pernitie
1311 741 1436 770 nostra
1452 741 1554 769 tuam
1569 747 1650 779 pro—

122 788 242 820 latare
259 787 294 819 H
311 787 361 818 IV
377 785 433 826 61,
452 785 508 818 23.

166 833 382 873 pernitiosum
412 834 546 867 natura
570 833 780 873 serpentum
804 830 1009 872 pernitiosa
1030 840 1124 871 susp.
1142 829 1167 861 J
1182 827 1238 868 89,
1257 828 1289 860 5.
1329 828 1524 860 inhonesta
1542 830 1652 869 atque

122 878 324 920 pernitiosa
342 876 466 908 lubido
486 894 527 898 —
545 875 750 918 gratificari
768 876 791 907 J
808 875 840 915 3,
857 875 884 907 1.
925 884 1039 907 —osa
1055 874 1219 906 lubidine
1236 873 1405 916 pauliper
1421 883 1506 904 usus
1521 873 1546 904 J
1566 871 1595 911 l,
1615 870 1648 904 3.

122 922 332 966 periculosa
352 932 402 998 gc
425 921 627 964 pernitiosa
649 924 780 963 petunt
800 921 826 953 J
852 920 885 960 1,
903 920 937 952 5.
986 920 1119 951 absens
1144 929 1192 951 au
1214 928 1391 961 praesens
1415 917 1652 960 pernitiosior

124 971 222 1000 esset
236 968 260 999 J
277 966 332 1007 46,
377 991 384 999 .
458 999 463 1002 ,

166 1013 327 1053 perpello.
359 1011 553 1053 conlegam
570 1011 742 1053 pactione
764 1021 818 1053 pr.
843 1010 1073 1053 perpulerat,
1099 1020 1146 1041 ne
1163 1009 1192 1041 C
1209 1007 1264 1049 26,
1283 1009 1318 1040 4.
1357 1007 1489 1040 Aulum
1505 1017 1570 1050 spe
1587 1017 1649 1050 pa·

123 1058 257 1090 ctionis
273 1057 445 1100 perpulit,
463 1057 519 1088 uti
538 1074 575 1078 —
594 1056 618 1088 J
635 1055 690 1095 38,
709 1056 742 1087 2.

167 1104 350 1143 Perpenna,
366 1103 411 1133 Π.
428 1102 459 1133 Η
480 1102 492 1133 i
509 1100 563 1133 36.
589 1102 643 1133 III
659 1101 692 1132 4.
709 1101 740 1133 5.
766 1103 850 1132 male
867 1102 990 1141 leyitur
1006 1110 1123 1132 nomen
1140 1099 1175 1131 H
1192 1099 1206 1131 i
1222 1099 1255 1133 5.

167 1156 341 1188 perperam
357 1157 464 1189 quam
482 1150 581 1178 recte
601 1146 735 1178 fecisse
753 1146 778 1177 J
794 1145 850 1185 31,
868 1146 924 1177 27.

166 1193 346 1233 perpetior.
379 1192 522 1234 inperia
539 1201 653 1234 saeva
669 1201 864 1233 perpessos
878 1190 905 1222 C
928 1189 978 1230 19,
997 1190 1030 1222 5.
1072 1189 1170 1221 mala
1188 1198 1383 1231 perpessus
1401 1199 1440 1220 es
1456 1189 1481 1220 J
1504 1187 1576 1228 102,
1593 1187 1626 1220 8.

166 1240 357 1279 perpetuus.
388 1240 567 1279 perpetua
584 1246 676 1278 pace
696 1236 768 1267 frui
784 1236 818 1267 H
835 1236 884 1268 IV
902 1234 958 1275 61,
975 1235 1010 1266 2.
1399 1238 1402 1242 ”

166 1283 332 1323 perquiro.
363 1292 444 1314 eum
463 1285 536 1323 atq.
554 1281 832 1323 Metrophanem
849 1279 1088 1323 perquirebat
1104 1279 1140 1310 H
1158 1279 1212 1311 III
1232 1278 1282 1310 11.

167 1329 280 1360 Persa.
311 1328 449 1359 Persae
465 1327 490 1358 J
510 1325 561 1358 18.
587 1326 623 1358 H
637 1326 654 1358 1
671 1325 727 1358 63.
1049 1358 1051 1360 ,

166 1373 340 1413 perscribo
357 1367 415 1404 re's
432 1375 557 1414 gestas
574 1382 608 1413 p.
627 1371 668 1402 R.
688 1370 842 1413 carptIm
861 1370 888 1402 C
907 1370 939 1410 4,
958 1371 991 1404 2.
1032 1380 1143 1401 unam
1161 1369 1239 1401 eius
1257 1368 1496 1400 orationemJ
1513 1367 1568 1407 30,
1587 1369 1619 1400 4.

166 1419 361 1458 perscrutor
377 1416 570 1459 planitiem
589 1417 635 1457 ej.
652 1416 677 1448 J
692 1415 750 1455 93,
767 1416 799 1446 4.
1630 1424 1635 1427 ·

165 1471 355 1503 persequor.
394 1461 595 1494 Catilinam
621 1471 702 1492 cum
727 1460 892 1492 exercitu
915 1460 1086 1502 persequi
1104 1459 1131 1491 C
1148 1458 1203 1497 36,
1221 1456 1253 1491 3.
1295 1458 1493 1490 Sertorium
1512 1460 1549 1490 et
1565 1457 1650 1489 reli-

123 1509 229 1551 quias
247 1507 393 1539 exulum
410 1507 445 1538 H
461 1507 516 1538 ΙΙΙ
533 1505 588 1545 61,
611 1505 651 1537 18
674 1509 759 1538 conl.
784 1506 808 1538 J
825 1505 886 1543 39,
905 1505 938 1536 5.
980 1505 1026 1537 ab
1052 1503 1304 1547 persequendo
1328 1503 1443 1536 hostis
1460 1503 1648 1535 deterrere

120 1554 143 1586 J
161 1553 216 1594 50,
235 1551 268 1584 6.
302 1552 459 1584 indicem
478 1552 649 1593 persequi
667 1555 820 1583 conatus
835 1551 859 1582 J
873 1550 971 1589 71,5.
1006 1550 1146 1592 pariter
1163 1553 1198 1581 te
1218 1552 1401 1581 errantem
1419 1552 1529 1590 atque
1547 1548 1649 1580 illum

122 1598 455 1631 sceleratissumum
480 1597 650 1638 persequi
672 1596 696 1628 J
724 1595 804 1634 102,
829 1596 860 1628 5.
908 1598 1039 1627 tuasne
1063 1595 1218 1626 iniurias
1243 1604 1443 1636 persequar
1465 1594 1488 1626 J
1515 1593 1572 1633 14,
1591 1592 1647 1625 23.

124 1646 280 1685 accepta
296 1642 431 1673 iniuria
449 1642 639 1684 ignoscere
658 1651 765 1683 quam
782 1641 952 1682 persequi
970 1639 1161 1672 malebant
1178 1639 1206 1671 C
1220 1639 1253 1679 9,
1264 1640 1297 1671 5.
1331 1643 1456 1670 cetera
1474 1638 1649 1670 malificia

122 1693 197 1720 tum
206 1697 428 1730 persequare
439 1686 465 1718 C
474 1687 517 1718 52
539 1686 571 1717 4.
606 1690 752 1728 optume
769 1686 925 1717 omnium
936 1686 996 1726 qui
1007 1695 1071 1716 eas
1083 1695 1141 1716 res
1155 1685 1282 1716 dixere
1295 1682 1604 1726 persecutusJ95,
1614 1684 1648 1715 2.

167 1735 287 1765 Perses
305 1732 331 1764 c
349 1731 404 1770 51,
423 1731 456 1763 5.
481 1731 505 1763 J
520 1710 578 1767 {³1,
600 1731 628 1762 1.
654 1731 688 1762 H
706 1731 723 1762 1
740 1730 762 1762 6
779 1730 924 1770 (Persi).
951 1730 1000 1761 1v
1017 1729 1073 1768 61,
1091 1730 1124 1762 7.

166 1778 289 1810 Persis.
320 1776 485 1808 Persidis
495 1786 652 1818 regnum
670 1776 704 1806 Η
722 1776 773 1807 IV
789 1774 844 1813 61,
867 1773 918 1806 19.

166 1823 333 1863 persolvo.
366 1832 446 1853 cum
463 1820 674 1853 liberalitas
693 1820 892 1852 Orestillae
910 1820 986 1851 suis
1004 1820 1120 1861 copiis
1142 1836 1178 1841 —
1198 1818 1426 1861 persolveret
1444 1818 1471 1850 C
1489 1818 1545 1857 35,
1563 1818 1595 1850 3.

166 1868 352 1908 persuadeo
381 1866 523 1908 populo,
550 1866 603 1897 uti
625 1866 649 1897 J
666 1864 727 1905 32,
751 1865 780 1896 1.
799 1864 927 1905 (multa
945 1863 1167 1907 pollicendo)
1192 1863 1254 1902 46,
1273 1864 1305 1894 4.
1345 1863 1544 1905 Iugurthae
1567 1873 1648 1905 per-

123 1914 265 1957 suadet,
283 1922 328 1944 ne
345 1912 370 1944 J
385 1911 441 1951 32,
459 1912 492 1943 5.
533 1911 630 1943 Huic
647 1910 846 1953 persuadet
866 1927 902 1931 —
922 1913 1028 1952 petat
1043 1910 1066 1941 J
1084 1909 1145 1947 35,
1164 1909 1196 1941 2.
1238 1908 1351 1941 facile
1369 1908 1550 1941 Numidae
1567 1918 1648 1950 per·

122 1958 254 1992 suadet
268 1958 292 1989 J
309 1956 364 1998 61,
383 1957 416 1989 5.

166 2005 358 2044 pertaesum
375 2005 431 2034 est
448 2011 511 2034 vos
528 2001 687 2033 iniuriae
704 2001 739 2032 H
756 2001 808 2032 III
825 1999 880 2040 61,
899 1999 932 2032 8.

166 2050 348 2088 perterreo-
379 2047 586 2089 perterritis
605 2056 647 2077 ac
666 2045 917 2078 dubitantibus
936 2045 1069 2077 ceteris
1087 2044 1115 2076 C
1133 2043 1188 2084 28,
1211 2043 1239 2076 l.

167 2093 375 2133 pertimesco.
407 2102 446 2124 se
464 2093 599 2123 totiens
618 2091 737 2123 fusum
754 2091 948 2122 Numidam
972 2090 1234 2133 pertimescere
1250 2089 1274 2121 J
1294 2087 1369 2129 106,
1388 2088 1421 2120 3.
1462 2099 1535 2120 neu
1550 2089 1579 2120 1.
1596 2088 1647 2120 le'-

123 2142 249 2182 gatum
265 2138 545 2180 pertimesceret
560 2137 584 2168 J
604 2135 684 2176 108,
704 2136 735 2167 2.
779 2146 868 2177 quos
892 2135 1082 2178 languidos
1107 2134 1342 2176 socordisque
1367 2134 1589 2176 pertimuere
1614 2134 1648 2164 H

122 2185 177 2216 111
193 2182 249 2223 61,
267 2181 299 2214 8.
341 2193 447 2224 quem
465 2182 527 2213 ubi
545 2182 766 2223 pertimuere
787 2181 823 2212 H
839 2181 892 2213 111
908 2179 964 2220 61,
981 2180 1037 2212 21..

166 2229 333 2269 pertinax.
366 2227 609 2269 pertinaciter
626 2226 839 2257 retinebunt
855 2226 890 2257 H
906 2226 960 2257 111
976 2224 1031 2265 61,
1053 2225 1104 2257 17.

167 2273 330 2349 pertubeo.
369 2283 437 2314 quo
462 2271 527 2303 illa
546 2271 664 2303 oratio
681 2271 860 2313 pertinuit
877 2270 904 2303 C
921 2270 978 2311 51,
1001 2269 1052 2303 10.
1093 2280 1184 2313 pons
1209 2270 1247 2302 in
1270 2270 1442 2313 oppidum
1458 2270 1648 2313 pertinens

167 2363 335 2403 pertingo.
367 2361 473 2394 collis
491 2362 527 2393 in
545 2362 749 2393 inmensum
764 2362 979 2404 pertingens
994 2361 1019 2394 J
1034 2359 1090 2400 48,
1109 2360 1141 2393 3.

167 2408 338 2448 perturbo.
376 2406 558 2449 inplicare
582 2417 626 2438 ac
651 2406 864 2448 perturbare
890 2406 1048 2438 aeiemJ
1064 2405 1127 2445 59,
1145 2405 1177 2438 3.
1218 2405 1405 2447 paulisper
1429 2405 1550 2436 territi
1568 2415 1648 2447 per-

124 2453 318 2485 turbantur
333 2452 356 2484 J
374 2452 429 2491 59,
447 2452 480 2483 2.
523 2451 663 2483 inducit
680 2462 779 2494 eosq.
798 2451 1032 2494 perturbatos
1056 2450 1233 2483 interficit
1250 2450 1277 2482 C
1295 2449 1351 2489 60,
1369 2450 1402 2481 5.
1445 2449 1492 2481 ad
1508 2454 1648 2491 pertur-

125 2498 283 2530 bandam
302 2507 377 2529 rem
394 2508 429 2539 p.
449 2496 476 2528 C
498 2495 550 2535 18,
568 2497 601 2528 4.

167 2542 328 2582 pervenio
353 2542 399 2574 ad
422 2542 595 2584 oppidum
618 2542 654 2573 H
677 2541 732 2573 111
752 2541 802 2583 19.
846 2541 891 2573 ad
910 2542 1082 2584 oppidum
1099 2539 1229 2572 Suthul
1245 2539 1269 2571 J
1285 2538 1340 2577 37,
1360 2538 1392 2570 3.
1435 2539 1482 2570 ad
1499 2539 1649 2570 Zamam
1678 2563 1681 2565 ,

123 2588 147 2620 J
163 2588 218 2627 57,
242 2587 269 2619 l.
303 2587 349 2619 ad
372 2586 527 2618 Thalam
550 2587 574 2619 J
598 2586 659 2626 75,
678 2586 700 2618 9
718 2586 886 2627 (Thalam
903 2587 926 2619 J
944 2587 1004 2626 75,
1029 2586 1071 2625 1).
1114 2585 1159 2617 ad
1177 2584 1285 2616 Naris
1302 2584 1337 2615 H
1353 2584 1407 2615 ΙΙΙ
1423 2582 1484 2622 67,
1507 2583 1560 2615 14.
1602 2584 1650 2615 ad

126 2632 302 2666 Gaetulos
325 2632 349 2664 J
372 2630 434 2671 80,
458 2631 485 2663 1.
527 2632 565 2663 in
589 2632 758 2674 oppidum
784 2631 924 2664 Cirtam
941 2632 964 2663 J
986 2630 1065 2669 102,
1089 2629 1116 2661 l.
1158 2630 1196 2660 in
1220 2629 1374 2660 Pontum
1398 2628 1505 2660 HIII
1524 2628 1576 2659 12.
1611 2629 1649 2660 in

126 2677 318 2720 quamdam
343 2677 535 2719 planitiem
557 2677 582 2709 J
604 2676 667 2716 68,
684 2677 718 2708 2.
757 2677 796 2708 in
819 2677 939 2708 locum
963 2674 1180 2707 tumulosum
1203 2674 1226 2705 J
1249 2672 1305 2713 91,
1324 2672 1356 2705 3.
1398 2673 1437 2704 in
1455 2672 1649 2705 castellum

123 2723 146 2755 J
163 2721 219 2762 94,
238 2721 269 2755 3.
312 2722 350 2753 in
375 2725 499 2754 eastra
520 2722 668 2754 nuntius
692 2722 862 2764 pervenit
886 2721 913 2752 C
938 2720 994 2760 57,
1015 2720 1043 2750 l.
1087 2729 1155 2760 quo
1171 2718 1224 2750 ire
1242 2718 1478 2750 intenderant
1494 2729 1645 2760 perven-

124 2771 200 2800 tum
219 2771 277 2799 est
292 2767 316 2799 J
335 2765 412 2807 107,
429 2767 461 2798 7.
504 2777 599 2809 quae
617 2777 754 2809 genera
772 2767 809 2798 in
827 2768 994 2798 senatum
1011 2764 1249 2806 pervenerint
1264 2763 1287 2794 J
1303 2763 1342 2802 4,
1361 2763 1393 2795 4.
1434 2763 1473 2794 in
1496 2773 1648 2805 regnum

124 2812 337 2854 pervenisse
359 2812 383 2844 J
411 2811 469 2851 ll,
487 2810 520 2843 6.
562 2812 600 2843 in
624 2814 765 2843 tantam
791 2809 1044 2842 claritudinem
1068 2811 1287 2850 pervenerat
1305 2808 1329 2839 J
1346 2807 1377 2847 7,
1396 2807 1429 2839 4.
1470 2808 1649 2850 inperium

127 2857 173 2888 ad
190 2857 339 2899 ignaros
361 2856 531 2898 pervenit
548 2855 647 2895 051,
658 2856 714 2886 27.
749 2866 794 2887 ex
811 2864 883 2896 qua
900 2854 947 2886 ad
963 2863 1100 2896 paucos
1117 2852 1284 2894 divitiae,
1304 2853 1351 2885 ad
1368 2863 1443 2885 rem
1460 2863 1495 2896 p.
1514 2853 1648 2886 damna

128 2904 201 2943 atq.
221 2901 403 2933 dedecora
419 2900 653 2943 pervenerint
667 2901 691 2932 J
708 2899 762 2940 31,
784 2898 836 2931 19.
