1826 3282
527 245 830 275 ms'romAnvn
862 246 946 274 mn.
981 245 1032 273 111
1063 236 1202 276 5—7.
1567 230 1627 276 63.

95 359 249 387 summo
281 347 473 387 Antonius
513 352 551 387 et
592 348 690 386 infra
722 347 851 386 scriba
883 347 1034 387 Sertori
1062 346 1240 386 Versius:
1279 349 1319 386 et
1352 343 1450 384 alter
1491 345 1620 385 scriba

97 414 304 455 Maecenas
323 416 361 454 in
386 417 463 455 imo
484 415 636 463 medius
665 415 767 454 inter
788 413 1035 466 Tarquitium
1064 419 1102 454 et
1135 414 1337 453 dominum
1358 412 1620 464 Perpennam.

185 502 190 506 ’
207 494 313 528 Haec
334 494 378 526 de
394 504 510 535 coena
524 494 626 526 dicta
642 493 755 525 fuisse
766 517 775 532 ,
797 493 894 525 inter
915 503 1022 535 quam
1037 493 1220 526 Sertorius
1243 503 1277 525 a.
1299 493 1341 524 72
1358 492 1480 524 Oscae
1499 502 1522 524 a
1534 493 1621 524 Per-

95 549 219 581 penna
244 540 394 581 eiusque
419 539 529 571 sociis
554 539 698 570 occisus
723 541 790 577 est,
806 539 1060 570 certissumum
1075 542 1141 570 est.
1184 538 1261 570 Cfr.
1279 539 1404 570 Drum.
1422 538 1474 570 IV
1488 548 1523 580 p.
1541 536 1620 570 374.

94 585 262 616 Momms.
276 585 329 616 111
344 596 380 626 p.
396 578 451 616 31.
485 583 626 615 Adtulit
642 586 764 615 autem
781 593 826 615 ea
841 584 943 616 Serv.
962 584 1008 615 ad
1025 583 1116 615 Aen.
1130 584 1148 615 I
1160 582 1227 616 698
1239 586 1280 614 ut
1295 583 1445 615 doceret
1457 583 1497 614 in
1508 582 1622 614 tricli-

95 630 156 661 nio
173 629 331 661 medium
356 629 486 668 locum,
515 629 600 671 quia
623 628 761 660 domini
779 629 876 670 apud
893 629 1051 661 maiores
1069 628 1211 668 fuisset,
1235 628 1541 660 honestissumum
1558 628 1621 660 ha·
1638 630 1643 636 ’

94 674 222 706 bitum.
266 674 337 706 Pro
362 675 465 715 iyitur
483 673 604 705 Guelf.
622 674 658 705 Π
674 674 760 711 ideo,
786 676 861 705 tum
875 684 1100 716 praenomen
1117 674 1230 705 Fabii
1251 673 1357 705 Titius
1373 674 1415 713 L,
1447 673 1568 705 Tucius
1591 673 1634 705 R.

97 719 217 751 Guelf.
234 719 280 758 Π;
298 723 481 761 postremo
498 720 588 750 inter
603 719 790 761 tarquinium
807 723 842 750 et
858 721 986 751 domum
1003 720 1205 761 Perpennae
1223 718 1313 750 L‘R.
1332 719 1416 750 Vos.
1436 718 1558 750 Guelf.
1573 719 1620 750 Π.

96 763 218 797 Guelf.
244 764 262 795 1
285 774 428 795 omnem
453 763 572 795 locum
597 764 730 796 omisit.
779 759 930 796 Ultuma
955 764 1070 796 verba
1096 764 1384 796 conmemoravit
1400 764 1512 795 etiam
1528 763 1620 796 Non.

93 820 128 851 p.
157 808 235 850 193,
261 819 330 851 quo
355 809 537 841 dominum
563 819 644 841 esse
663 809 722 840 cui
738 809 939 841 serviretur
955 809 1175 841 ostenderet.
1216 809 1274 840 Ibi
1291 809 1394 840 libri:
1420 810 1522 841 alteri
1534 810 1620 841 scri—

94 855 167 886 bam
191 858 225 885 et
247 864 362 886 cenas.
405 853 532 886 Omnis
549 853 653 891 locus
673 854 883 886 iamdudum
900 854 1098 886 secundum
1117 854 1269 886 aliorum
1286 854 1504 896 scriptorum
1519 855 1622 886 testi-

94 899 216 932 monia
241 899 455 932 emendatus
481 902 548 931 est.
1355 901 1358 904 ⁴

209 989 267 1028 *5
300 989 380 1042 [Kr.
402 994 435 1027 5.
468 991 507 1027 G.
532 988 607 1041 19].
668 989 718 1028 Et
745 990 993 1041 Perpennam
1031 989 1131 1029 forte
1163 991 1364 1041 cognoscit
1401 989 1521 1030 mulio
1559 1003 1623 1030 re·

95 1057 322 1108 demptoris.

206 1136 361 1178 Propter
384 1136 614 1178 redemptoris
638 1135 857 1169 vocabulum
888 1136 1017 1169 adlata
1048 1140 1133 1169 sunt
1162 1137 1258 1169 haec
1285 1137 1401 1170 verba
1427 1138 1473 1170 ab
1498 1138 1621 1170 Schol.

95 1181 142 1213 ad
166 1171 254 1213 Hor.
280 1181 398 1223 Epist.
432 1181 545 1221 11‚2‚-
572 1181 627 1212 72.
669 1180 875 1214 Secundum
908 1192 953 1214 ea
985 1192 1080 1223 quae
1111 1184 1204 1225 App.
1230 1182 1266 1214 b.
1293 1193 1325 1214 c.
1357 1183 1375 1214 1
1398 1181 1465 1215 115
1495 1195 1530 1225 p.
1556 1183 1624 1216 530

94 1225 215 1258 Bekk.
241 1226 286 1258 de
311 1226 530 1268 Perpennae
556 1226 849 1268 adprehensione
874 1227 1072 1260 memoriae
1096 1227 1271 1269 prodidit,
1298 1227 1458 1259 dubitari
1482 1229 1622 1270 nequit,

95 1272 181 1314 quin
194 1271 240 1303 ad
254 1281 334 1303 eam
349 1282 425 1303 rem
438 1271 691 1314 spectaverint
704 1282 857 1313 eamque
873 1272 919 1304 ab
938 1282 1106 1304 caussam
1120 1272 1213 1304 libro
1225 1272 1278 1304 III
1295 1272 1525 1315 adsignanda
1538 1273 1621 1306 sint.

209 1352 235 1402 6
267 1360 348 1414 [Kr.
368 1367 401 1400 7.
432 1363 472 1399 G.
495 1360 575 1414 83].
630 1362 746 1402 Parte
768 1366 999 1413 consumpta
1032 1362 1178 1402 relicua
1202 1362 1437 1413 cadaverum
1458 1363 1505 1402 ad
1537 1364 1622 1403 diu-

94 1430 291 1470 turnitatis
321 1441 436 1469 usum
458 1428 654 1469 salierent.

206 1508 323 1541 Prisc.
348 1509 383 1540 X
406 1519 441 1551 p.
467 1507 552 1541 546:
579 1506 757 1550 (Sisenna)
782 1520 804 1541 a
829 1511 960 1542 ‘sallio'
988 1510 1247 1542 ‘salliendorum’
1272 1510 1373 1547 dimit,
1398 1521 1466 1542 non
1491 1512 1623 1543 ‘sallen-

95 1554 234 1586 dorum'.
283 1554 464 1596 Sallustius
492 1564 572 1586 vero
605 1556 645 1594 in.
662 1554 719 1587 111
751 1555 986 1587 historiarum:
1023 1559 1128 1597 parte
1153 1572 1198 1577 —
1222 1555 1400 1587 sallerent
1426 1557 1622 1588 ‘sallerent'
1680 1560 1684 1564 ”

94 1600 185 1631 dtaeit
208 1610 230 1631 a
255 1601 356 1631 ‘sallo
367 1601 386 1637 ’,
411 1609 478 1631 non
502 1610 525 1630 a
549 1600 690 1631 ‘sal:‘io'.-
748 1599 916 1632 Diomed.
941 1611 976 1642 p.
1003 1600 1086 1632 375:
1118 1601 1183 1632 sed
1210 1605 1344 1632 veteres
1375 1600 1622 1642 ambiguitatem
1674 1620 1678 1623 -

93 1645 335 1686 appellationis
357 1647 502 1676 vitantes
532 1648 567 1676 et
590 1647 779 1686 analoyiam
808 1650 987 1688 sequentes
1012 1647 1162 1678 ‘sallitus
1183 1648 1270 1677 sum'
1301 1647 1465 1678 direrunt
1488 1657 1510 1678 a
1530 1651 1624 1688 posi-

93 1691 183 1721 tione
209 1691 326 1722 ‘sallo'
351 1699 418 1722 non
443 1690 586 1729 ‘sallio'‚
620 1693 656 1720 ut
680 1691 861 1722 Sallustius
884 1691 1100 1722 historiarum
1125 1695 1248 1733 quarto
1274 1693 1325 1725 ait.
1346 1691 1487 1723 relicua
1512 1692 1622 1724 cada-

94 1745 184 1767 vera.
209 1734 256 1766 ad
279 1734 555 1766 diuturnitatem
570 1744 658 1766 usus
679 1735 824 1766 sallere.
850 1753 895 1758 —-
917 1736 1010 1767 Rem
1027 1735 1198 1767 inlustrat
1215 1739 1407 1778 excerptor
1422 1736 1504 1768 Val.
1522 1737 1621 1769 Max.

94 1780 164 1811 VII
187 1778 221 1818 6,
247 1778 290 1811 3:
316 1779 448 1811 Horum
471 1783 597 1811 trucem
619 1781 845 1821 pertinaciam
868 1782 903 1811 in
926 1782 1090 1812 consimili
1108 1781 1267 1821 facinore
1288 1781 1623 1822 Calagurritanorum

93 1824 299 1857 eaeecrabilis
321 1824 477 1866 impietas
499 1834 725 1866 superyressa
747 1829 810 1856 est.
861 1824 926 1863 Qui
947 1836 1011 1867 quo
1033 1827 1309 1866 perseverantius
1333 1829 1527 1868 interempti
1542 1826 1623 1859 Ser-

92 1873 177 1902 torii
197 1869 367 1901 cineribus
390 1869 594 1902 obsidionem
613 1870 826 1910 frustrantes
836 1871 939 1910 fidem
951 1874 1187 1911 praestarent,
1213 1873 1293 1913 quia
1315 1874 1434 1903 nullum
1451 1875 1514 1903 iam
1532 1873 1626 1904 aliud

92 1916 126 1946 in
150 1915 232 1946 urbe
257 1925 370 1947 eorum
393 1919 578 1956 supererat
602 1917 734 1952 animal,
760 1925 889 1947 uxores
910 1925 992 1946 suas
1016 1919 1180 1958 natosque
1204 1917 1253 1947 ad
1273 1926 1364 1947 usum
1387 1917 1543 1956 nefariae
1561 1918 1622 1949 da-

92 1962 147 2002 pis
169 1964 353 1997 verterunt,
380 1957 510 2002 quo‘que
527 1961 651 1991 diutius
675 1964 809 1991 armata
832 1963 983 1992 iuventus
1006 1962 1140 1993 viscera
1162 1971 1226 1992 sua
1247 1961 1434 1993 visceribus
1457 1966 1528 1994 suis
1551 1964 1622 1994 ale-

93 2010 181 2044 rent,
206 2005 416 2044 infelices
439 2006 697 2037 cadaverum
720 2006 935 2048 reliquias
957 2007 1113 2037 sallire
1145 2016 1211 2038 non
1236 2006 1416 2044 dubitavit,
1448 2007 1544 2038 unde
1577 2007 1622 2038 si-

93 2050 166 2082 mul
189 2049 305 2083 verba
329 2051 367 2082 in
390 2049 573 2082 Prisciani
597 2050 700 2082 libris
725 2051 862 2082 rectius
887 2060 995 2092 quam·
1019 2050 1057 2082 in
1074 2051 1264 2083 Diomedis
1289 2051 1426 2084 tradita
1452 2062 1533 2084 esse
1560 2052 1622 2084 ad-

93 2099 212 2138 paret.
376 2106 380 2110 ·
398 2103 403 2106 ·

208 2176 233 2214 7
267 2174 347 2228 [Kr.
368 2179 401 2213 6.
433 2177 474 2213 G:
498 2174 571 2228 11].
622 2175 690 2214 Set
709 2175 919 2228 Pompeius
940 2188 960 2214 a
992 2176 1119 2227 prima
1145 2175 1412 2215 'adulescentia
1440 2188 1622 2215 sermone

94 2243 291 2301 fautorum
320 2238 484 2285 similem
523 2242 606 2282 fore
644 2255 686 2283 se
725 2243 893 2283 credens
923 2243 1146 2282 Alexandro
1181 2244 1265 2294 regi
1297 2244 1395 2282 sacta
1427 2244 1622 2293 consulta-

94 2322 170 2361 que
200 2311 284 2349 eius
311 2310 468 2361 quidem
496 2309 713 2350 aemulator
741 2315 838 2350 erat.

206 2390 297 2423 Non.
323 2399 358 2431 p.
387 2388 451 2421 163
475 2389 572 2421 hunc
596 2389 715 2422 locum
747 2400 776 2422 s.
809 2389 981 2422 lemmate
1013 2393 1160 2422 aemulus
1190 2395 1242 2423 est
1265 2395 1419 2423 sectator
1440 2393 1493 2422 vel
1515 2392 1623 2423 imita-

93 2439 151 2467 tor
175 2433 317 2474 adtulit,
342 2434 426 2465 libri
450 2445 536 2467 vero
561 2437 745 2467 aemulatus
768 2439 845 2469 erat
871 2435 1056 2468 exhibent.
1097 2436 1189 2468 Tum
1216 2436 1311 2478 apud
1329 2436 1483 2468 eundem
1501 2448 1535 2478 p.
1554 2435 1620 2468 342

94 2479 160 2511 sub
192 2479 364 2511 lemmate
397 2481 606 2512 accusativus
630 2490 698 2522 pro
721 2482 875 2522 genetivo
904 2480 1023 2522 prima
1053 2481 1170 2514 verba
1198 2491 1312 2523 usque
1346 2481 1392 2513 ad
1416 2482 1621 2513 Alea-andro

92 2526 170 2567 regi
191 2524 311 2567 posita
336 2528 439 2556 sunt..
480 2524 570 2556 Cum
594 2525 706 2567 igitur
729 2525 874 2557 Noniul
889 2526 1011 2568 priore
1036 2525 1116 2558 loco
1148 2526 1193 2558 ob
1219 2526 1487 2558 substantivum
1511 2537 1621 2557 aemu-

93 2572 144 2602 lus
167 2569 260 2602 haec
284 2569 400 2602 verba
424 2570 763 2610 conmemoraverit‚
784 2570 900 2603 altero
923 2570 1004 2603 loco
1028 2571 1148 2603 nullus
1166 2572 1359 2613 genetivus
1382 2581 1446 2612 pro
1471 2580 1621 2602 accusa-

93 2616 169 2647 tivo
186 2615 404 2655 inveniatur,
424 2626 512 2657 ergo
530 2614 670 2648 relicua
684 2615 801 2648 verba
818 2616 998 2648 excidisse
1015 2616 1096 2648 luce
1113 2616 1247 2648 elarius
1265 2617 1323 2655 sit,
1346 2615 1509 2657 plerique
1526 2615 1621 2657 prio·

93 2670 153 2691 res
179 2660 338 2692 editores
367 2663 513 2692 aemulus
540 2659 618 2692 erat
648 2661 842 2703 scripsere.
892 2660 1031 2693 Contra
1054 2662 1235 2700 Kritzius,
1269 2660 1499 2702 grammatici
1531 2660 1618 2691 lem-

94 2705 202 2737 matis
226 2705 316 2736 nihil
340 2705 571 2737 tribuendum
596 2716 678 2737 esse
702 2706 890 2746 dictitans,
917 2708 1101 2738 aemulatus
1125 2710 1201 2738 erat
1226 2705 1369 2746 recepit
1399 2704 1506 2745 eique
1532 2704 1621 2736 Ger-

93 2749 238 2782 lachius
261 2749 457 2782 obsecutus
483 2753 550 2782 est.
600 2750 719 2790 Quam
745 2751 941 2783 audaciam
965 2752 1076 2783 etiam
1102 2750 1289 2792 superavit
1316 2750 1488 2790 Wagner.
1513 2749 1556 2781 A.
1583 2760 1621 2792 g.

93 2795 145 2832 IX
169 2805 203 2837 p.
231 2793 296 2827 196
325 2796 419 2827 dicta
448 2797 667 2838 consultaque
698 2806 771 2828 eum
802 2800 986 2828 aemulatus
1009 2799 1086 2826 erat
1111 2794 1265 2826 rescribi
1289 2793 1431 2825 iubens.
1487 2794 1536 2825 At
1561 2804 1623 2827 au—

93 2839 221 2872 dacius
245 2839 389 2873 videtur
412 2843 554 2872 tantam
580 2840 831 2872 confusionem
857 2851 901 2872 ac
925 2840 1238 2882 perturbationem
1262 2838 1356 2871 bono
1381 2839 1622 2880 grammatico

93 2884 287 2926 inponere,
315 2895 395 2917 cum
420 2886 637 2927 praesertim
664 2885 780 2917 altero
804 2885 884 2917 loco
909 2885 1024 2917 verba
1048 2883 1112 2915 illa
1136 2883 1234 2915 nullo
1260 2883 1364 2915 modo
1390 2884 1536 2916 adferre
1561 2895 1622 2927 po-

93 2929 217 2969 tuerit,
243 2930 275 2961 si
298 2933 448 2962 aemulor
471 2930 509 2962 in
534 2930 588 2962 eis
614 2930 700 2968 fuit;
726 2933 784 2961 set
808 2930 839 2961 si
863 2933 1009 2961 aemulus
1033 2933 1109 2960 erat
1134 2928 1308 2970 scriptum
1335 2928 1416 2969 fuit,
1442 2929 1571 2962 mirum
1585 2930 1624 2963 id
