1826 3282
532 234 833 262 fllsromARvM
861 233 945 260 mn.
975 226 1131 262 1-90-
1143 224 1201 262 96.
1571 215 1626 255 59

100 338 351 380 respondentis.
400 335 598 369 Sallustius:
621 336 676 368 ita
699 335 834 367 fiducia
859 344 966 376 quam
992 333 1217 376 argumentis
1241 332 1431 376 purgatior
1455 343 1506 366 es.
1556 331 1628 374 Qui

103 383 279 425 cuiusque
306 382 361 414 rei
386 381 590 414 insimulati
614 381 772 420 fuerint,
788 390 894 412 nemo
919 379 1063 411 dixerit.

216 462 270 502 90
298 461 379 514 [Kr.
401 465 458 523 89.
501 463 541 499 G.
563 459 642 513 81].
704 459 802 499 Cum
832 458 953 498 multa
985 458 1197 498 dissereret
1225 457 1327 498 ludis
1356 457 1523 510 Apollini
1553 457 1629 497 cir-

103 529 303 569 censibus:

154 642 163 648 ,
216 608 321 640 Arus.
348 619 383 651 p.
409 607 476 639 245
501 616 583 639 cum
606 606 780 642 lemmate
805 607 876 638 ludi
898 607 971 638 Deo
995 610 1083 638 sunt.
1125 605 1290 637 Rectene
1307 605 1484 644 dubitem,
1511 614 1631 637 annon

103 653 363 696 grammaticus
380 653 555 695 deceptus
573 651 671 684 falsa
688 651 882 693 scriptura,
901 652 1055 693 Apollini
1070 661 1134 693 pro
1152 651 1332 692 Apollinis,
1351 650 1416 683 illa
1429 649 1629 693 scripserit,

103 699 268 736 iudicent
292 709 348 730 me
374 698 568 730 doctiores.
618 697 851 738 Quamquam
875 696 1112 729 obscuritatis
1143 695 1318 728 tenebras
1342 696 1380 727 in
1404 699 1480 728 tam
1503 695 1632 738 paucis

104 743 270 786 reliqu—iis
295 743 498 775 diffundere
522 741 618 775 velle
644 742 795 774 arduum
822 745 896 781 est,
931 744 1057 774 tamen
1083 741 1172 773 illud
1198 744 1336 773 certum
1360 741 1523 780 videtur,
1556 751 1644 776 rem⁴

103 789 290 821 insolitam
316 789 430 821 fuisse
456 791 497 820 ut
520 788 558 819 in
581 787 677 819 ludis
702 786 834 829 aliquis
860 787 907 819 ad
923 786 1094 829 populum
1111 786 1264 826 diceret,
1290 796 1408 828 neque
1432 786 1470 818 id
1494 786 1634 818 factum

106 845 208 872 esse.
239 833 312 866 nisi
344 844 426 866 cum
456 832 612 876 populus
637 832 805 875 graviore
839 831 962 874 aliqua
993 842 1032 863 re
1057 831 1228 863 inritatus
1255 834 1291 863 et
1316 832 1497 864 adcensus
1523 833 1632 870 esset,

105 884 146 911 ut
178 879 225 912 ab
249 879 298 911 M.
325 878 446 911 Tullio
478 878 658 910 Cicerone
693 887 768 910 cos.
800 877 895 909 ludis
926 876 1203 919 Megalensibus
1235 875 1381 917 (Drum.
1407 877 1439 908 V
1469 888 1505 918 p.
1539 874 1633 916 435).

107 925 192 964 Qua
214 935 253 956 re
277 924 368 956 haut
394 923 553 956 absurda
583 923 742 964 suspicio
767 922 929 961 videtur,
963 922 1010 962 ad
1041 922 1197 954 eandem
1222 932 1298 953 rem
1321 922 1542 964 pertinuisse
1565 921 1636 953 hoc

106 969 366 1012 fragmentum,
386 972 495 1012 atque
512 967 558 1001 40
576 971 612 1000 et
624 967 681 1000 41.
718 968 775 1000 De
788 967 883 999 ludis
895 966 1167 1010 Apollinaribus
1186 967 1256 999 vid.
1271 967 1413 999 Preller
1425 967 1468 999 R.
1482 965 1636 1008 Mythol.

107 1026 142 1058 p.
169 1013 236 1047 269
260 1025 312 1057 sq.
721 1043 723 1045 .

223 1094 271 1134 91
307 1092 388 1146 [Kr.
413 1098 469 1131 92.
499 1095 538 1131 G.
564 1092 642 1145 84],
701 1092 878 1143 Frugum
908 1091 1121 1143 pabulique
1148 1090 1274 1131 laetus
1301 1102 1408 1141 ager.

221 1172 325 1204 Arus.
344 1183 380 1214 p.
399 1172 467 1205 244
484 1181 566 1203 cum
581 1171 754 1203 lemmate
780 1173 888 1203 laetus
911 1172 1008 1203 leuius
1031 1172 1094 1203 rei.
1136 1170 1238 1203 Serv.
1266 1170 1313 1202 ad
1328 1171 1439 1212 Verg.
1458 1170 1500 1202 A.
1519 1170 1537 1202 Ι
1553 1169 1636 1201 441:

107 1220 317 1250 doctissumus
341 1217 466 1255 umbra,
493 1221 552 1249 aut
573 1218 736 1258 septimus
758 1214 899 1262 [fusus]
922 1220 983 1254 est,
1009 1220 1067 1248 aut
1090 1216 1268 1248 secundum
1284 1215 1432 1247 Probum
1451 1217 1638 1256 genetivus,

109 1268 145 1295 ut
167 1265 212 1295 sit
236 1265 436 1295 laetissimus
460 1262 607 1302 umbrae,
633 1264 719 1294 sicul
743 1261 946 1293 Sallustius:
972 1261 1117 1304 frugum
1143 1278 1184 1283 ——
1211 1271 1312 1302 ager.
1353 1259 1459 1302 Apud
1485 1260 1639 1292 eundem

112 1308 159 1340 ad
182 1309 235 1340 XI
259 1307 326 1341 338
351 1307 522 1340 scribitur
541 1308 724 1348 fructuum.
773 1307 902 1339 Utrum
924 1306 1022 1338 haec
1046 1306 1161 1338 verba
1185 1305 1223 1337 in
1247 1305 1493 1347 descriptione
1518 1305 1639 1347 singu-

109 1353 199 1386 laris
225 1353 412 1386 cuiusdam
437 1352 616 1396 regionis,
645 1363 692 1384 an
717 1351 903 1396 amplioris
919 1354 1042 1384 terrae
1066 1351 1215 1391 fuerint,
1241 1350 1401 1383 discerni
1418 1360 1489 1383 non
1506 1353 1640 1393 potest.

225 1432 280 1473 92
313 1432 393 1485 [Kr.
415 1436 472 1470 93.
501 1433 541 1470 G.
563 1430 640 1485 38].
697 1431 785 1482 lpse
815 1431 933 1470 animi
961 1434 1086 1470 atrox.

226 1512 330 1544 Arus.
356 1523 392 1554 p.
418 1510 485 1543 215
509 1521 538 1543 s.
564 1521 599 1545 v.
625 1500 731 1543 izt'rox
754 1511 849 1542 huius
872 1512 935 1542 rei.

227 1591 279 1631 93
309 1591 390 1644 [ΚΓ.
412 1594 469 1629 96.
501 1593 540 1629 G.
563 1589 641 1643 43].
698 1590 792 1630 Post
821 1589 890 1629 ubi
916 1589 1057 1629 fiducia
1087 1589 1242 1628 nimius.

228 1670 333 1702 Arus.
359 1681 395 1712 p.
422 1669 491 1702 249
515 1679 544 1702 s.
570 1680 606 1702 v.
632 1653 838 1701 nimius-hac
861 1680 912 1701 re.
959 1668 1085 1700 Verba
1110 1670 1211 1700 certe
1229 1668 1383 1700 ducibus
1399 1668 1485 1708 illis,
1512 1668 1572 1710 qui
1598 1668 1645 1700 ad

117 1715 393 1748 Chalcedonem'
416 1715 462 1746 ab
479 1714 694 1746 Mithridate
710 1714 800 1746 victi
819 1716 914 1753 sunt,
941 1713 1174 1746 conveniunt.
1215 1713 1271 1750 In,
1298 1713 1391 1755 quod
1410 1716 1496 1747 ante
1516 1715 1646 1755 fiducia

115 1761 274 1804 positum
300 1763 391 1799 erat,
417 1762 518 1792 recte
545 1759 709 1792 codicum
735 1759 957 1791 auctoritate
982 1758 1255 1794 Lindemannus
1279 1758 1429 1791 delevit.

232 1840 286 1880 94
318 1838 398 1892 [ΚΡ.
416 1842 473 1876 97.
506 1840 545 1876 G.
563 1837 640 1891 26].
701 1837 806 1877 Orbe
836 1842 1033 1877 terrarum
1065 1841 1253 1876 extorres.

229 1929 336 1962 Arus.
362 1940 398 1971 p.
424 1927 508 1964 229:
541 1929 695 1961 eaetorm's
718 1929 781 1960 leis.
831 1928 913 1960 Lib.
942 1928 1009 1960 Gn.
1036 1938 1227 1960 numerum
1248 1927 1332 1960 libri
1355 1927 1496 1966 omisit,
1528 1930 1585 1959 set
1611 1930 1648 1959 et

116 1976 149 2008 is
175 1978 212 2007 et
235 1973 496 2007 Ambrosianus
523 1973 740 2016 scripturam
758 1976 917 2011 tuentur,
943 1984 1007 2015 pro
1033 1983 1105 2015 qua
1121 1972 1206 2005 olim
1225 1972 1403 2004 edebatur
1419 1972 1500 2004 urbe
1516 1976 1648 2014 patria-

117 2031 181 2064 que
206 2024 379 2053 eoetorres.
426 2019 529 2051 Inter
552 2019 694 2061 piratas
709 2018 851 2054 >multos
877 2018 991 2050 fuisse
1018 2018 1148 2060 quibus
1176 2018 1214 2049 in
1238 2018 1482 2050 Romanorum
1506 2017 1647 2060 inperio

118 2066 165 2108 (is
192 2065 286 2098 enim
314 2067 371 2097 est
393 2064 488 2097 orbis
511 2062 695 2105 terrarum)
723 2063 878 2106 amplius
902 2063 1075 2095 habitare
1100 2074 1172 2096 non
1196 2063 1346 2103 licebat,
1373 2063 1464 2095 satis
1490 2065 1647 2097 constat.

233 2144 286 2184 95
315 2143 395 2197 [Kr.
416 2147 474 2182 98.
505 2145 545 2182 G.
570 2142 648 2196 61].
703 2142 832 2194 Copiis
861 2144 1029 2193 integra.

233 2216 337 2255 Arus.
363 2233 399 2265 p.
425 2221 510 2255 236:
545 2225 678 2264 inteyer
700 2224 759 2254 illa
781 2233 831 2254 re.
887 2222 945 2254 De
976 2209 1126 2265 regione
1159 2221 1262 2254 cuius
1293 2216 1563 2264 opes'nondum
1588 2231 1649 2252 ex-

118 2269 277 2302 haustae
296 2270 430 2306 essent,
457 2267 616 2300 fortasse
641 2267 686 2299 de
706 2267 830 2300 Gallia
845 2267 1089 2308 Narbonensi,
1115 2267 1250 2299 dictum
1269 2267 1384 2300 fuisse
1402 2266 1578 2309 (Momms.
1598 2266 1651 2298 111

120 2325 156 2357 p.
185 2313 241 2346 27.
268 2314 393 2345 Drum.
419 2313 470 2344 IV
494 2324 530 2355 p.
556 2310 636 2354 370)
662 2312 741 2345 veri
765 2312 895 2344 simile.

235 2402 289 2442 96
320 2398 405 2455 [ΚΓ.
423 2404 467 2441 ιιι
491 2407 520 2440 1.
553 2404 592 2441 G.
614 2417 649 2454 p.
671 2401 771 2455 150].

494 2481 677 2531 Epistula
710 2482 782 2521 Gn.
811 2478 977 2532 Pompei
1004 2480 1062 2521 'ad
1088 2487 1281 2544 senalum.

235 2560 292 2592 De
322 2559 393 2591 hac
427 2559 583 2602 epistula
617 2571 650 2592 a.
677 2561 721 2592 74
745 2561 787 2592 L.
814 2560 958 2592 Licinio
982 2561 1135 2593 Lucullo
1160 2561 1209 2593 M.
1236 2561 1382 2593 Aurelio
1415 2560 1524 2592 Cotta
1557 2570 1650 2592 coss.

122 2605 162 2637 in
186 2607 319 2637 senatu
344 2608 466 2637 actum
492 2615 573 2637 esse
599 2616 618 2638 c
669 2609 745 2638 stat
769 2605 878 2646 (Plut.
905 2606 1030 2648 Pomp.
1058 2606 1113 2638 20.
1139 2606 1282 2638 Lucull.
1309 2606 1341 2638 5.
1371 2605 1527 2647 Appian.
1554 2605 1589 2636 b.
1617 2616 1649 2636 c.

122 2651 141 2683 I
160 2649 228 2682 111
253 2661 289 2692 p.
315 2650 380 2682 527
405 2649 554 2691 Bekk.).
602 2616 681 2683 121
707 2661 740 2683 a.
766 2650 811 2683 75
834 2651 878 2683 L.
905 2650 1062 2683 Octavio
1088 2651 1130 2683 G.
1156 2651 1303 2683 Aurelio
1329 2650 1437 2682 Cotta
1462 2660 1554 2682 coss.
1580 2650 1650 2680 Ro-

124 2706 221 2728 mam
246 2694 407 2727 adlatam
433 2705 515 2727 esse
539 2705 586 2727 ex
609 2706 661 2727 or.
689 2696 732 2728 G.
759 2695 891 2739 Cottae
917 2695 961 2727 fr.
987 2696 1024 2728 11
1047 2695 1110 2735 41,
1135 2694 1158 2728 6
1188 2706 1315 2737 parum
1341 2698 1441 2726 certe
1468 2693 1651 2726 concludi-

125 2744 201 2779 tur,
235 2750 316 2772 cum
349 2743 476 2783 aperte
507 2739 599 2772 illud
621 2740 744 2773 dicere
770 2741 929 2783 potuerit
953 2741 1099 2772 etiamsi
1123 2740 1279 2772 nondum
1304 2739 1450 2771 litterae
1477 2739 1523 2770 ab
1547 2739 1650 2781 inpe-

124 2785 307 2818 ratoribus
330 2785 465 2818 missae
491 2785 675 2817 adessent.
717 2785 799 2825 Qua
823 2796 862 2817 re
882 2785 1029 2817 adducti
1046 2784 1148 2816 multi
1166 2795 1246 2816 eam
1265 2783 1459 2826 epistulam
1475 2783 1568 2817 libro
1583 2785 1650 2824 ΙΠ,

127 2840 195 2872 quo
220 2839 339 2862 resxa.
365 2830 417 2867 74,
435 2832 561 2872 gestas
588 2833 781 2862 enarratas
813 2830 928 2864 fuisse
955 2832 1094 2861 certum
1120 2832 1186 2868 est,
1215 2829 1523 2871 adsignavernnt,
1557 2839 1650 2872 quae

126 2875 311 2907 sententia
334 2874 499 2907 nonnihil
523 2875 755 2907 munimenti·
771 2885 814 2906 eo
840 2874 994 2915 accipit,
1029 2873 1121 2914 quod
1145 2873 1228 2906 veri'
1247 2873 1366 2905 simile
1391 2877 1464 2914 est,
1497 2875 1649 2917 scripto-

126 2929 222 2959 rem,
250 2923 290 2951 ut
315 2930 382 2964 ars.
400 2930 444 2952 ac
469 2919 563 2952 ratio
587 2919 757 2952 videntur
780 2915 986 2962 postulare,
1020 2928 1114 2960 quae
1147 2918 1194 2951 ad
1215 2919 1537 2962 praeparationem
1560 2919 1650 2953 belli
