1826 3268
229 247 278 288 18
670 258 968 286 msTomARVM
998 258 1082 284 Lm.
1110 258 1124 284 1
1154 251 1211 286 48.
1235 251 1292 288 49.

226 360 388 399 deducta
416 364 530 410 atque
562 359 744 409 inposita:
784 371 830 397 ex
856 357 1027 397 lubidine
1048 349 1157 408 leges
1186 358 1555 408 inpe1·antur‚‚cum
1579 358 1735 398 interim
1763 373 1793 393 ’ῑ

226 439 293 465 vos
322 424 483 476 legatos·
499 430 536 464 et
564 426 720 469 decreta
753 426 909 476 paratis.
967 425 1118 471 Quanto
1145 425 1390 464 mehercules
1428 426 1574 464 avidius
1599 438 1734 477 pacem
1795 408 1800 418 .

226 494 423 544 petieritis,
455 496 561 531 tanto
592 492 737 532 bellum
768 495 896 532 acrius
927 494 1017 539 erit,
1055 506 1144 532 cum
1174 492 1369 543 intelleget
1403 504 1444 532 se
1482 497 1587 532 metu
1614 494 1735 544 magis

226 572 340 611 quam
376 572 500 612 aequo
528 564 565 599 et
594 559 699 599 bono
728 565 996 600 sustentatum.
1027 556 1030 559 ’
1058 561 1156 601 Nam
1187 561 1251 612 qui
1275 561 1410 600 turbas
1436 565 1474 599 et
1503 560 1661 600 caedem
1683 562 1734 600 ci·
1761 563 1803 598 18

192 640 206 663 5
226 628 327 666 vium
360 628 486 667 odisse
511 629 563 667 eit
592 632 630 667 et
659 628 708 689 ob
739 629 777 667 id
806 633 955 668 armato
979 629 1124 681 Lepido
1153 640 1220 667 vos
1249 629 1420 667 inermos
1450 629 1603 673 retinet,
1636 640 1735 679 quae

227 696 334 734 victis
356 693 555 735 toleranda
582 700 682 741 sunt,
716 709 759 735 ea
784 709 871 735 cum
895 696 1024 735 facere
1045 697 1198 747 possitis
1218 696 1415 748 patiamini
1442 696 1570 747 potius
1591 699 1735 735 censet.

226 762 280 801 Ita
313 762 365 802 illi
395 776 415 802 a
448 763 553 803 vobis
584 776 741 815 pacem,
775 764 882 803 vobis
909 764 957 803 ab
989 764 1052 803 illo
1082 764 1227 803 belluni
1258 764 1404 803 suadet.
1464 763 1568 802 Haec
1597 763 1629 801 si
1656 762 1736 813 pla·
1763 766 1805 800 19

228 834 327 875 cent,
360 832 391 870 si
420 835 525 870 tanta
552 832 716 882 torpedo
747 833 896 871 animos
926 831 1117 883 obrepsit,
1152 836 1193 870 ut
1223 831 1330 871 ohliu
1359 831 1551 870 scelerum
1580 829 1736 874 Cinnae,
1781 833 1788 837 '

228 899 338 937 euius
373 899 412 937 in
443 899 582 938 urbem
620 900 746 939 reditu
787 900 906 939 decus
937 900 1084 939 ordinis
1111 899 1226 939 huius
1257 900 1419 943 interiit,
1456 897 1575 937 nihilo
1611 898 1738 936 minus

184 979 214 1003 lo
228 978 294 1004 vos
325 970 439 1018 atque
469 968 654 1017 coniuges
694 972 731 1006 et
768 967 912 1006 liberos
943 967 1087 1019 Lepido
1116 967 1343 1018 permissuri
1374 967 1473 1010 sius,
1510 965 1600 1016 quid
1640 976 1738 1015 opus

229 1034 418 1073 decretis?
465 1035 555 1086 quid
584 1035 724 1074 auxilio
756 1034 902 1074 Catuli?
961 1034 1061 1080 Quin
1094 1036 1126 1074 is
1157 1038 1194 1073 et
1223 1033 1285 1072 alii
1314 1033 1406 1072 boni
1431 1045 1515 1072 rem
1545 1031 1739 1085 publicam
1763 1038 1807 1072 2⁰

228 1101 372 1140 frustra
402 1106 551 1141 curant.
610 1103 738 1152 Agite,
779 1107 821 1141 ut
844 1102 969 1141 lubet!
1006 1106 1140 1154 parate
1178 1101 1286 1140 vobis
1319 1101 1477 1151 Cethegi
1516 1105 1631 1151 atque
1668 1098 1739 1139 alia

227 1169 472 1220 proditorum
503 1171 740 1222 patrocinia,
780 1171 845 1221 qui
873 1172 1028 1221 rapinas
1064 1175 1101 1210 et
1126 1169 1303 1209 incendia
1332 1170 1550 1208 instaurare
1581 1167 1742 1218 eupiunt

226 1241 267 1275 et
295 1249 434 1276 rursus
464 1237 671 1277 advorsum
701 1238 795 1277 deos
833 1239 983 1289 penatis
1022 1250 1160 1278 manus
1197 1249 1362 1276 armare.
1422 1236 1489 1275 Sin
1517 1235 1675 1275 libertas
1705 1238 1743 1273 et

184 1316 319 1343 1:7vel'a
356 1306 478 1355 magis
509 1304 681 1356 placent,
729 1306 926 1345 decernite
959 1307 1073 1356 digna
1108 1307 1263 1345 nomine
1297 1308 1335 1344 et
1372 1308 1510 1354 augete
1542 1303 1740 1354 ingenium

228 1373 320 1411 viris
353 1371 531 1412 fortibus,
597 1373 715 1412 Adest
753 1386 874 1412 novos
905 1375 1115 1419 exereitus,
1157 1374 1205 1412 ad
1244 1373 1319 1411 hoc
1358 1371 1532 1411 coloniae
1568 1373 1806 1421 veterum‘2l

230 1440 404 1486 militum,
436 1440 616 1479 nobilitas
648 1442 784 1487 omnis,
817 1442 937 1481 duces
960 1443 1130 1493 optumi:
1162 1441 1316 1479 fortuna
1342 1439 1523 1479 meliores
1545 1438 1739 1489 sequitur:

230 1509 305 1546 iam
335 1507 409 1553 illa,
446 1521 544 1559 quae
575 1510 751 1549 socordia
784 1514 910 1548 vostra
941 1509 1114 1549 conlecta
1149 1513 1249 1553 sunt,
1283 1507 1515 1546 dilabentur.

344 1575 426 1621 Qua
458 1589 502 1615 re
537 1578 585 1615 ita
628 1589 790 1616 censeo:
833 1578 1017 1628 quoniam
1054 1577 1102 1615 M.
1143 1576 1310 1627 Lepidus
1346 1575 1558 1614 exercitum
1594 1574 1742 1625 privato
1766 1583 1810 1615 22

185 1654 217 1680 20
232 1643 391 1682 oonsilio
429 1648 606 1695 paratum
648 1657 734 1684 cum
775 1646 966 1695 pessumis
1005 1649 1042 1684 et
1079 1644 1255 1683 hostibus
1296 1644 1353 1682 rei
1393 1642 1571 1693 publicae
1608 1645 1742 1680 contra

232 1711 345 1750 huius
385 1712 530 1751 ordinis
566 1714 834 1767 auctoritatem
849 1721 858 1726 ”
873 1713 918 1752 ad
956 1712 1095 1751 urbem
1127 1712 1252 1756 ducit,
1293 1709 1348 1750 ut'i
1387 1710 1533 1760 Appius
1563 1708 1745 1748 Claudius

232 1780 403 1818 interrex
444 1793 531 1819 cum
569 1780 612 1827 Q.
646 1780 779 1820 Catulo
813 1792 886 1831 pro
924 1780 1082 1819 consule
1123 1783 1160 1819 et
1199 1777 1516 1829 ceteris-quibus
1551 1776 1743 1826 inperium

233 1851 291 1898 est
319 1847 408 1886 urbi
439 1848 632 1898 praesidio
659 1850 746 1893 sint,
771 1860 1009 1900 operamque
1041 1848 1133 1887 dent
1163 1860 1212 1886 ne
1244 1846 1334 1898 quid
1365 1857 1429 1884 res
1450 1843 1604 1897 publica
1626 1843 1744 1882 detri-

232 1916 350 1954 menti
382 1915 517 1966 capiat.

343 2028 375 2060 8.
404 2027 543 2060 Charis.
571 2040 604 2071 p.
630 2029 691 2060 86:
729 2029 863 2071 Tor-por
888 2033 919 2060 el
945 2028 1045 2060 animi
1067 2031 1099 2058 el
1124 2028 1279 2068 eorporis
1309 2027 1431 2058 (licitur
1456 2024 1656 2061 debilitatio,
1681 2023 1749 2056 sei--

232 2076 308 2105 lieet
333 2085 354 2105 (ι
377 2075 554 2115 torpedine
575 2076 680 2115 pisce,
707 2078 797 2105 euius
821 2077 975 2106 contactu
998 2082 1122 2114 eorpus
1145 2072 1340 2103 hebetatur:
1370 2071 1457 2102 unde
1483 2070 1660 2102 Sallustius
1683 2069 1745 2101 hoe

231 2120 316 2150 idem
340 2120 449 2150 vitium
472 2119 697 2160 torpedinem
722 2120 821 2151 dz'oez't.
878 2119 968 2150 Non.
996 2129 1029 2160 p.
1058 2116 1123 2148 155
1150 2117 1204 2148 ed.
1231 2117 1272 2148 R.
1305 2117 1439 2157 Tor-por
1461 2115 1596 2157 generis
1619 2117 1744 2146 mascn-

231 2166 291 2195 lz'nz'
312 2181 356 2186 ——
386 2163 541 2205 Torpeclo
563 2164 723 2204 feminini.
765 2159 942 2195 Sallus-titis
966 2164 1058 2195 Hist.
1084 2162 1139 2193 lib.
1166 2163 1199 2193 1:
1226 2162 1318 2193 haee
1345 2161 1375 2192 si
1400 2160 1558 2203 placent,
1580 2159 1615 2191 «si
1640 2162 1744 2191 tanta

231 2208 380 2250 torpedo
407 2208 543 2240 animos
569 2209 748 2251 oppressit
774 2208 954 2248 [obressit,
981 2218 1077 2250 supr.
1107 2219 1140 2249 p.
1168 2208 1209 2238 L.
1237 2206 1398 2249 obrepsit
1420 2206 1502 2244 AJ].

231 2333 263 2365 2.
292 2333 434 2373 Quanto
459 2332 501 2368 Q.
551 2334 598 2364 Et
623 2326 756 2374 quanto
784 2333 873 2365 Cort.
945 2344 1000 2364 me
1025 2331 1172 2364 hercule
1198 2331 1240 2365 Ἣ.
1291 2341 1346 2362 me
1373 2328 1548 2361 Hercules
1573 2326 1674 2359 Link.
1699 2344 1745 2349 -—

232 2377 264 2410 3.
291 2378 481 2420 intelleget
498 2377 540 2412 23.
568 2374 605 2400 ¹—-
634 2379 666 2410 5.
693 2379 841 2421 Requiro
866 2377 984 2410 odisse
1010 2388 1048 2409 se
1077 2378 1138 2416 ait,
1165 2388 1205 2408 ne
1231 2386 1293 2408 vos
1318 2376 1470 2416 ohposz'to
1494 2377 1624 2406 careat.
1690 2372 1743 2403 in—

234 2434 349 2455 ermos
374 2423 416 2457 Q.
464 2423 620 2454 inermes
648 2423 738 2455 Cort.
771 2441 812 2445 ——
844 2423 877 2454 8.
911 2423 1091 2465 oppressit
1121 2421 1164 2456 (Β.
1221 2421 1383 2463 obrepsit
1414 2420 1501 2452 Non.
1531 2419 1630 2451 codd.
1656 2417 1747 2461 quod

230 2468 438 2511 probandum
469 2473 614 2510 propter
649 2469 717 2510 Ep.
761 2468 806 2500 ad
837 2468 942 2500 Caes.
975 2468 1009 2499 II
1040 2467 1077 2506 8,
1112 2468 1142 2498 7.
1194 2467 1282 2498 Tac.
1321 2466 1414 2497 Hist.
1452 2465 1504 2496 III
1539 2463 1599 2495 63:
1640 2465 1746 2495 tanta

232 2514 381 2556 torpedo
413 2514 599 2546 invaserat
631 2514 798 2545 animum.
831 2531 874 2535 —
915 2512 965 2544 11.
1001 2513 1135 2544 aliboni
1161 2511 1203 2546 Q.
1236 2529 1280 2552 ⁶—-
1313 2510 1364 2542 1⁶2.
1398 2513 1437 2541 ut
1467 2508 1510 2543 ffi.
1566 2508 1618 2539 uti
1653 2500 1745 2539 Cori.

232 2577 277 2582 -—
318 2558 369 2590 14.
402 2558 536 2590 nomini
567 2557 609 2592 Q.
658 2576 699 2581 —
743 2558 793 2590 15.
834 2568 943 2590 novos
976 2557 1018 2592 ΕΒ.
1059 2576 1095 2579 —
1143 2556 1193 2588 17.
1230 2556 1394 2588 socordia
1429 2557 1553 2585 nostra
1590 2552 1745 2590 collecta

234 2606 316 2636 sunt
344 2603 386 2639 ἓξ.
443 2603 597 2635 collecta
629 2606 710 2635 sunt
742 2603 906 2635 socordia
936 2607 1060 2635 nostra
1094 2603 1184 2635 Cort.
1240 2604 1363 2634 vostra
1394 2609 1455 2641 eqo
1487 2609 1581 2630 conr.
1613 2614 1658 2620 —-
1690 2596 1744 2628 18.

235 2649 402 2692 quoniam
426 2649 585 2691 Lepidus
610 2647 653 2683 Q.
710 2648 877 2690 quoniam
902 2649 950 2680 M.
977 2648 1138 2690 Lepidus
1165 2646 1222 2678 Or.
1241 2652 1298 2668 2—
1329 2644 1384 2676 20.
1417 2644 1469 2675 uti
1495 2642 1537 2677 23.
1586 2646 1626 2674 ut
1653 2643 1744 2674 Cor-t.

1498 2696 1512 2711 O
1704 2708 1711 2713 -

233 2713 276 2718 ——-
300 2694 354 2726 21.
381 2704 520 2737 procos.
546 2693 605 2728 Ἑρ

349 2809 400 2847 49
434 2807 512 2860 [Kr.
536 2815 571 2846 et
593 2809 630 2845 G.
652 2805 728 2858 53].
787 2806 973 2857 Lepidum
1003 2805 1263 2855 paenitentem
1291 2801 1436 2841 consili.
1476 2813 1483 2822 ·

349 2898 488 2930 Charis.
509 2909 542 2940 p.
562 2897 645 2929 253:
664 2901 798 2938 oportet
814 2907 873 2935 me,
888 2897 1037 2938 poenitet
1053 2906 1111 2933 me,
1126 2896 1231 2937 pudet
1249 2904 1306 2931 me,
1321 2896 1413 2934 piyet
1430 2902 1488 2925 me.
1508 2890 1653 2933 quamvis
1668 2888 1742 2921 Sul-

235 2944 350 2973 lusle‘us
363 2944 490 2974 (Inversa
506 2947 537 2974 in
552 2946 660 2984 prima
674 2943 835 2974 leis-toria:
851 2941 1027 2984 Lepidum
1042 2940 1285 2982 poenitentem
1302 2937 1454 2970 consilii.
1465 2936 1745 2977 ——Quamquam
