1826 3282
486 234 789 262 ms‘ronmuvm
818 234 904 261 me.
938 233 990 260 111
1019 225 1205 274 ‘IS—81.
1555 216 1609 256 93

201 334 256 374 78
287 332 368 387 [Kr.
389 338 446 373 96.
477 335 517 372 G.
538 332 616 386 82].
675 332 820 371 Contra
848 331 912 371 ille
941 330 1039 371 calvi
1070 334 1179 370 ratus
1205 328 1359 382 quaerit
1387 328 1486 367 extis
1515 338 1611 366 num

87 402 239 442 somnio
264 401 538 441 ostenderetur
563 400 833 453 thensaurus..
974 397 1016 424 '⁸

201 479 357 521 Eutych.
383 490 419 522 p.
446 477 528 511 195:
554 480 658 511 ‘volvo
681 480 805 515 volm’s',
833 476 935 509 ‘solvo
960 479 1082 514 solvis',
1110 477 1235 508 ‘calvo’
1259 475 1299 507 id
1320 478 1372 506 est
1396 473 1548 514 decipio,
1575 477 1611 504 ut

88 529 140 558 est
163 526 256 567 apud
279 524 459 556 Salustium
482 525 516 556 in
539 524 756 556 historiarum
780 522 854 554 libr.
873 522 948 553 111:
975 524 1102 553 contra
1120 520 1182 552 ille
1208 519 1307 552 calvi
1330 522 1468 560 ratusq.
1493 521 1611 549 retex-

88 570 136 602 tis
161 580 206 602 ne
232 569 371 602 somnio
395 568 651 601 ostenderetur
672 567 885 605 thesaurus3
913 576 1006 608 quae
1032 569 1132 597 recte
1158 565 1205 598 ab
1222 564 1475 597 Lindemanno
1493 573 1612 595 emen-

89 615 179 647 data
203 618 304 654 sunt,
338 624 408 646 nec
433 613 541 647 video
566 623 630 645 cur
653 623 717 655 pro
742 612 980 644 ostenderetur
1002 610 1212 642 necessario
1234 610 1502 651 portenderetur
1525 607 1613 639 scri-

89 658 248 691 bundum
273 659 332 691 sit.
380 658 496 690 Prisc.
521 658 611 690 VIII
633 669 669 700 p.
694 656 779 690 431:
807 659 915 689 ‘calvo
940 656 1074 687 cavillo'
1099 665 1164 696 pro
1191 656 1355 694 ‘calvillo',
1380 654 1472 686 cuius
1492 654 1612 695 primi-

89 706 186 736 tivum
211 704 391 737 Sallustius
415 706 449 735 in
473 703 530 736 ΙΙΙ
553 703 769 735 historiarum
791 703 906 743 ponit:
932 700 1030 733 calvi
1055 704 1166 731 ratus.
1208 699 1262 730 Id.
1288 699 1322 730 X
1346 710 1380 741 p.
1399 697 1483 730 506:
1510 701 1613 730 ‘calvo

89 749 210 786 calvi',
235 749 324 781 unde
347 748 529 781 Sallustius
551 748 586 780 in
610 748 667 779 III
690 748 906 780 historiarum
929 746 1120 786 infinitivum
1143 744 1273 785 passivi
1292 745 1454 785 protulit:
1486 746 1614 774 contra

90 793 154 826 ille
182 792 274 837 [illae
300 791 377 836 LK]
405 792 503 826 calvi
527 796 640 831 ratus,
660 793 766 824 ‘calvi'
785 802 855 833 pro
881 791 1027 832 ‘decipi'.
1067 789 1159 821 Non.
1186 799 1220 830 p.
1247 788 1286 820 4:
1322 788 1469 820 Calvitm·
1493 788 1614 820 dictum

90 843 143 871 est
162 839 365 879 smstratur,
391 839 524 870 ductum
547 849 569 870 a
592 839 695 870 calvis
718 837 863 873 mimicis,
890 835 982 879 quod
995 836 1064 867 sint
1080 833 1228 869 omnibus
1250 834 1447 874 fmtstratui.
1471 850 1516 855 —
1539 833 1615 864 Sal·

91 886 209 916 Iustius
225 884 361 916 Histor.
379 883 436 915 lib.
454 883 530 914 111:
548 882 752 915 contrullae
771 881 870 914 calvi
886 883 1000 912 ratus.
1018 897 1062 902 —
1080 879 1161 919 Qua
1177 878 1223 910 de
1240 888 1280 909 re
1296 878 1390 910 haec
1407 878 1506 910 dicta
1524 877 1614 909 fuis-

92 931 192 969 sent,
217 938 336 970 neque
363 927 428 960 alii
445 927 638 960 ostendere
656 945 700 949 —
723 927 795 959 nisi
819 926 915 959 forte
931 924 1124 957 Debrossii
1148 923 1297 956 somniis
1314 925 1350 954 te
1368 923 1452 954 duci
1476 922 1615 965 pateris

92 991 129 996 -
160 983 277 1015 neque
303 983 371 1024 ego
395 972 561 1006 invenire
585 973 699 1015 potui.
749 971 919 1004 Ceterum
942 968 1135 1002 Lucullum
1153 967 1278 1000 Sullae
1303 969 1440 999 monitu
1464 967 1616 999 multum

91 1018 242 1051 somniis
265 1018 440 1051 tribuisse
463 1017 561 1049 Plut.
586 1020 744 1049 testatur
768 1017 858 1048 Luc.
877 1026 908 1048 c.
926 1014 989 1054 23;
1016 1017 1124 1056 atque
1144 1024 1166 1045 a
1190 1013 1375 1045 veteribus
1399 1013 1616 1044 thensauros

91 1063 242 1095 multum
267 1063 452 1105 quaesitos
478 1072 578 1103 esse,
612 1061 808 1095 ostendunt
839 1070 933 1102 quae
966 1058 1043 1092 Cic.
1077 1058 1121 1091 de
1146 1058 1258 1091 divin.
1285 1058 1322 1090 II
1346 1057 1407 1098 65,
1437 1056 1501 1090 134
1532 1067 1615 1090 con—

91 1108 315 1142 memoravit.

205 1186 258 1226 79
293 1184 374 1240 [Kr.
394 1191 451 1225 97.
493 1188 532 1224 G.
554 1184 633 1238 31].
687 1185 951 1237 Exaudirique
973 1175 1101 1223 ‘sonus
1130 1181 1494 1222 Bacchanaliorum.

204 1265 296 1297 Non.
328 1276 363 1308 p.
397 1263 482 1297 333:
520 1264 827 1297 Bacchanaliorum
848 1274 914 1306 pro
940 1254 1206 1300 bacchanalium,
1238 1266 1275 1293 ut
1303 1263 1553 1302 vectigaliorum
1583 1265 1618 1292 et

93 1311 350 1352 eonpitaliorum
367 1314 401 1342 et
417 1311 621 1342 novaliorum
645 1314 679 1342 et
700 1310 735 1342 V
732 1309 981 1341 ulcanaliorum.
1023 1308 1222 1340 Sallustius:
1247 1306 1483 1348 exaudirique
1508 1316 1618 1338 sonus

93 1354 446 1397 Bacchanaliorum..
477 1354 641 1387 Macrob.
667 1353 745 1386 Sat.
760 1355 781 1386 Ἰ
805 1354 827 1385 4
842 1364 877 1396 p.
896 1352 960 1385 211
978 1353 1062 1395 Bip.
1104 1352 1189 1384 Nam
1213 1356 1247 1385 et
1263 1351 1443 1384 Sallustius
1465 1352 1499 1383 in
1516 1354 1618 1383 terlio

93 1399 425 1433 Bacchanaliorum
450 1402 511 1432 ait.
551 1399 693 1432 Charis.
718 1410 754 1442 p.
771 1397 816 1431 62
842 1398 928 1439 (vid.
955 1398 1000 1430 fr.
1025 1398 1081 1430 IV·
1100 1395 1171 1438 68).

207 1477 261 1518 80
292 1478 372 1532 [Kr.
399 1483 455 1516 98.
488 1480 528 1516 G.
549 1477 605 1530 9].
666 1477 942 1517 Coniuratione
973 1476 1129 1517 claudit.

206 1558 324 1590 Prisc.
350 1557 383 1589 X
406 1568 442 1600 p.
468 1556 553 1589 514:
577 1557 746 1588 invenitur
768 1560 879 1588 tamen
905 1556 1181 1597 ‘claudeo'‚‚sed
1203 1559 1237 1587 et
1261 1550 1404 1587 ‘claudo'
1428 1565 1494 1596 pro
1520 1556 1620 1587 ‘clau-

96 1603 196 1635 dico'.
251 1601 431 1635 Sallustius
459 1604 494 1634 in
525 1602 580 1634 111
610 1602 847 1635 historiarum:
879 1601 1131 1634 coniuratione
1165 1600 1314 1632 claudit.
1369 1599 1494 1632 Verba
1524 1599 1619 1631 haec

98 1650 275 1690 conru'pta
308 1657 406 1686 esse,
447 1650 549 1679 certe
590 1657 700 1679 sensu
728 1657 874 1689 prorsus
906 1656 1034 1678 carere
1074 1645 1349 1678 concedundum
1389 1648 1445 1676 est
1474 1644 1620 1677 Klotzio

95 1691 205 1724 Arch.
223 1692 290 1724 XV
313 1703 351 1734 p.
366 1690 434 1724 308
458 1702 525 1734 sq.,
550 1702 620 1724 nec
644 1702 732 1725 vero
759 1692 812 1724 eis
837 1691 1093 1723 substituenda
1118 1700 1199 1723 esse
1225 1690 1341 1724 verba
1364 1688 1420 1730 61,
1439 1689 1500 1721 25:
1527 1692 1620 1731 igno-

95 1738 212 1769 rantia
234 1747 292 1769 res
316 1737 454 1769 claudit.

211 1814 261 1855 81
293 1814 375 1868 [Kr.
398 1819 458 1853 99.
495 1817 534 1853 G.
556 1814 633 1867 21].
692 1814 842 1854 Dubius
872 1813 1022 1854 consili.

212 1893 316 1926 Aras.
342 1904 377 1936 p.
404 1893 471 1926 225
496 1903 525 1942 s.
551 1904 585 1927 v.
611 1893 730 1926 dubius
753 1895 860 1926 leuius.

768 2130 857 2172 Lib.
886 2131 955 2172 1v.

215 2231 370 2265 Constat
391 2231 461 2265 hoc
484 2231 577 2264 libro
603 2232 649 2264 ab
674 2232 847 2265 Sallustio
871 2235 1050 2266 narratas,
1067 2231 1180 2264 fuisse
1206 2242 1266 2264 res
1292 2231 1466 2265 advorsus
1483 2232 1623 2264 Mithri-

103 2277 215 2310 daten
241 2288 275 2310 a.
301 2276 436 2310 71—69
460 2281 598 2320 gestas,
623 2277 713 2309 belli
729 2277 873 2311 servilis
891 2278 1027 2310 exitum
1045 2288 1079 2310 a.
1098 2277 1159 2317 71,
1186 2277 1320 2309 bellum
1345 2278 1623 2310 Macedonicum

103 2333 148 2355 ac
171 2322 391 2355 Thracicum
417 2333 451 2355 a.
477 2323 521 2355 72
546 2326 584 2355 et
606 2322 663 2362 71,
688 2323 890 2365 piratarum
912 2323 1109 2355 latrocinia
1134 2333 1167 2354 a.
1194 2321 1358 2361 71—69,
1384 2323 1539 2364 denique
1566 2333 1624 2354 res

102 2367 264 2400 urbanas
290 2378 324 2400 a.
341 2367 384 2400 71
403 2371 440 2400 et
454 2366 498 2399 70
522 2370 660 2410 gestas.
701 2367 806 2408 Quod
830 2364 862 2399 si'
887 2378 932 2400 ex
948 2368 1126 2407 omnibus,
1153 2378 1246 2409 quae
1273 2368 1423 2410 cognita
1447 2367 1624 2399 habemus

103 2412 148 2445 de
179 2412 290 2444 totius
322 2413 443 2455 operis
467 2411 731 2455 descriptione,
763 2412 843 2445 veri
874 2413 992 2445 simile
1019 2416 1091 2452 est,
1118 2413 1333 2454 scriptorem
1361 2423 1478 2454 neque
1503 2423 1563 2444 res
1586 2412 1625 2443 in

102 2457 264 2500 singulos
290 2467 405 2490 annos
430 2456 594 2500 digestas
618 2458 847 2497 narravisse,
873 2468 992 2500 neque
1019 2467 1112 2500 quae
1130 2458 1228 2489 inter
1245 2468 1284 2489 se
1303 2457 1546 2489 cohaererent
1570 2458 1622 2488 ni-

102 2502 171 2534 mis
194 2501 304 2545 longo
329 2503 449 2545 spatio
472 2502 688 2545 interposito
714 2503 819 2545 quasi
843 2501 1099 2545 discerpsisse,
1133 2513 1206 2534 non
1235 2513 1367 2535 vereor
1397 2513 1442 2534 ne
1473 2502 1510 2532 in
1535 2502 1625 2533 levi·

101 2547 192 2579 tatis
223 2547 361 2580 crimen
391 2548 593 2588 incurram,
627 2547 833 2580 cum-hunc
864 2547 1027 2580 ordinem
1058 2558 1178 2580 rerum
1208 2547 1272 2579 lib.
1297 2547 1347 2579 IV
1371 2550 1625 2578 enarratarum

51 2634 55 2637 ι
102 2591 219 2624 fuisse
244 2595 421 2625 statuam:
457 2592 612 2635 primum
643 2592 758 2624 fuisse
789 2592 877 2624 belli
908 2592 1051 2626 servilis
1081 2593 1239 2631 exitum,
1271 2595 1311 2622 ut
1342 2594 1532 2633 postquam
1565 2601 1624 2622 ex-

102 2639 218 2669 tremo
248 2636 312 2669 lib.
345 2638 399 2669 111
429 2637 557 2670 urbem
587 2638 741 2670 Romam
770 2637 810 2669 in
840 2647 1016 2670 summum
1047 2637 1243 2669 discrimen
1280 2636 1474 2668 adductum
1510 2635 1624 2667 fuisse

103 2685 291 2714 narratum
309 2685 408 2723 erat,
436 2682 560 2715 statim
575 2682 683 2714 huius
706 2682 791 2714 libri
806 2683 999 2725 principio,
1018 2693 1086 2724 quo
1104 2681 1208 2713 modo
1226 2691 1268 2712 eo
1285 2680 1448 2722 periculo
1465 2680 1624 2712 liberata

107 2730 215 2766 esset,
240 2726 397 2759 lectores
421 2727 656 2766 docerentur3
680 2727 719 2759 in
744 2726 878 2769 qua're
903 2737 985 2759 cum
1010 2736 1171 2758 summae
1197 2725 1354 2757 fuissent
1369 2725 1418 2756 M.
1438 2724 1565 2756 Crassi
1590 2728 1627 2756 et

107 2769 175 2803 Gn.
201 2771 353 2814 Pompei
376 2775 521 2814 partes,
547 2772 672 2804 statim
697 2772 864 2804 adiectas
882 2772 995 2803 fuisse
1021 2781 1080 2802 res
1103 2771 1265 2802 urbanas
1282 2779 1349 2811 per
1366 2769 1512 2801 eosdem
1529 2770 1626 2802 viros

107 2818 229 2855 actas;
261 2816 393 2848 deinde
427 2817 619 2855 transiisse
650 2817 863 2859 scriptorem
896 2816 943 2848 ad
971 2815 1107 2847 bellum
1138 2815 1175 2845 in
1200 2814 1349 2855 regione
1373 2814 1521 2846 Italiam
1545 2825 1625 2857 pro-

106 2860 207 2902 piore
225 2864 367 2903 gestum
377 2860 637 2903 (Thracicum),
655 2865 731 2893 tum
749 2862 949 2903 piratarum
968 2860 1148 2898 facinora,
1166 2858 1321 2900 denique
1339 2858 1474 2890 bellum
1486 2859 1628 2891 Mithri-

53 2938 57 2941 ,
107 2904 268 2937 (laticum
295 2905 411 2937 ab·eo
441 2909 623 2948 tempore,
657 2916 726 2948 quo
756 2905 928 2937 Lucullus
961 2914 1083 2946 regem
1114 2904 1151 2935 iu
1175 2913 1242 2935 sua
1267 2903 1381 2947 ipsius
1405 2904 1548 2938 dicione
1572 2905 1625 2937 iu-

375 3068 381 3075 a
