1826 3282
540 231 841 259 ms'romARvm
864 232 946 258 Lm.
970 231 1020 258 111
1051 225 1110 260 60.
1141 224 1197 259 61.
1575 216 1628 256 79

218 330 303 370 *60
334 331 416 384 [Kr.
435 335 482 370 63
501 340 539 371 et
557 336 636 370 64..
659 334 699 370 G.
721 336 768 369 66
787 339 825 370 et
842 330 920 383 67],
965 330 1063 376 Quia
1084 330 1282 381 principes
1303 327 1554 379 intellegendi
1574 327 1632 367 di-

105 399 191 438 vina
221 398 393 444 ruerunt,
419 403 673 444 vetustatem,
706 403 749 438 ut
779 403 929 444 cetera,
959 399 998 437 in
1024 399 1151 438 maius
1178 398 1466 450 conponentem
1487 396 1632 436 altores

103 466 204 506 Iovis
233 465 504 506 celebravisse.

216 545 437 577 Lactantius
459 545 545 577 inst.
571 545 645 578 div.
669 544 688 577 I
711 544 774 585 21,
799 543 862 576 41·
887 545 993 576 Hanc
1016 547 1120 576 totam
1142 544 1331 586 opinionem
1355 538 1454 586 quasi
1475 554 1498 575 a
1517 545 1632 585 poetis

99 591 215 631 fictam
243 590 423 623 Sallustius
452 592 585 632 respuit
614 592 781 632 voluitque
813 591 986 636 inqeniose
1010 590 1251 631 interpretari,
1287 599 1349 621 cur
1379 591 1508 621 altores
1536 588 1632 622 Iovis

104 636 260 667 dieantur
287 634 426 667 curetes
445 635 555 677 fuisse
579 639 613 667 et
627 638 679 667 sic
694 638 762 667 ait:
788 635 873 676 quia
890 632 1074 676 principes
1090 633 1322 676 intelligendi
1339 633 1453 666 divini
1470 633 1630 673 fuerunt,

103 682 346 718 vetustatem,
370 683 411 712 ut
435 683 561 712 cetera
583 681 623 712 in
646 679 763 712 maius
789 682 1067 721 componentem
1093 678 1227 710 altores
1250 679 1351 711 Iovis
1369 678 1629 711 celebravisse.

103 742 147 747 —
171 725 215 757 In
240 725 369 767 quibus
393 725 517 758 verbis
541 726 654 758 divina
677 724 940 757 restituendum
968 734 1049 755 esse
1073 723 1283 755 iamdudum
1306 726 1538 766 perspectum
1561 726 1628 755 est.

104 769 200 810 Quid
231 773 353 802 autem
384 770 508 802 obstat
539 780 608 812 quo
639 770 758 802 minus
787 769 882 801 haec
913 768 1027 801 verba
1059 768 1171 800 etiam
1210 768 1306 811 apud
1337 768 1550 801 Sallustium
1584 767 1630 800 ab

103 814 215 848 verbo
239 815 385 847 dicendi
407 814 468 847 vel
493 815 675 847 sentiendi
705 824 886 857 suspensa
909 813 1024 845 fuisse
1049 814 1280 845 statuamus?
1327 813 1391 845 Set
1423 823 1503 845 cum
1527 810 1630 846 Serv.

105 860 152 892 ad
175 860 284 902 Verg.
309 860 400 892 Aen.
425 861 482 892 111
507 859 572 892 104
594 871 630 903 p.
659 858 723 892 193
747 860 804 892 Li.
837 859 931 892 haec
956 858 1167 900 scripserit:
1199 857 1378 900 (Iupiter)
1410 860 1478 890 illie
1506 860 1632 890 dicitur

104 915 178 937 esse
203 907 364 942 nutritus,
398 906 490 948 quod
518 909 554 936 ut
578 899 757 937 Sallustius
781 906 879 942 dicia
912 904 989 936 ideo
1008 904 1165 944 finqz'tur,
1198 905 1278 945 quia
1298 905 1427 944 primos
1454 903 1632 935 Cretenses

103 954 237 982 constat
260 954 425 982 invenisse
447 952 658 992 νεῖίρίοηεηι,
692 960 816 982 omnes
845 949 940 981 haec
971 951 1136 980 extrema
1166 947 1281 981 verba
1304 958 1368 990 pro
1394 948 1631 980 Sallustianis

103 995 355 1028 venditavere.
402 995 495 1027 Mihi
518 999 617 1028 certe
641 1005 714 1028 non
737 995 881 1037 longius
905 1004 928 1026 a
951 994 1030 1026 veri
1054 993 1178 1036 specie
1203 992 1334 1025 abesse
1358 993 1520 1034 videtur,
1548 1004 1631 1025 con-

97 1042 346 1073 'mentatorem
375 1040 517 1083 Vergili
550 1040 704 1073 eundem
739 1039 859 1072 locum
892 1042 1000 1081 atque
1024 1038 1281 1079 Lactantium,
1315 1041 1371 1069 set
1401 1039 1475 1070 suis
1507 1038 1630 1071 verbis

104 1084 300 1118 rettulisse.

217 1163 397 1204 Quoniam
429 1164 632 1197 orationem
658 1163 701 1197 G.
726 1163 850 1196 Licini
873 1162 991 1195 Macri
1022 1172 1055 1194 a.
1086 1160 1130 1194 73
1162 1161 1328 1194 habitam
1360 1171 1439 1194 esse
1473 1165 1629 1202 constat,

104 1211 161 1242 set
185 1219 280 1251 quae
305 1212 482 1251 sequente
508 1219 604 1242 anno
629 1209 881 1251 promulgatae
899 1211 984 1244 sunt
999 1207 1122 1250 leges,
1149 1217 1214 1239 eas
1231 1207 1428 1239 Sallustius
1443 1206 1538 1239 libro
1555 1208 1631 1239 1111
1689 1205 1694 1217 ¹

105 1255 390 1287 conmemoravit
414 1254 507 1296 (vid.
535 1255 586 1286 IV
602 1253 679 1296 35),
711 1258 842 1287 contra
872 1263 930 1286 res
960 1252 1006 1285 ab
1032 1263 1125 1285 coss.
1153 1263 1186 1284 a.
1212 1252 1257 1284 72
1280 1253 1324 1284 L.
1352 1251 1471 1285 Gellio
1498 1255 1535 1284 et
1560 1253 1628 1285 Gn.

104 1298 275 1332 Cornelio
299 1299 458 1331 Lentulo
484 1299 659 1332 advorsus
677 1299 895 1342 Spartacum
920 1300 1046 1341 gestas
1069 1297 1133 1329 lib.
1152 1297 1209 1330 111
1232 1300 1404 1330 narratas
1428 1297 1542 1329 fuisse
1569 1297 1630 1329 ad-

103 1347 211 1386 paret
234 1354 279 1376 ex
302 1344 348 1376 fr.
373 1344 446 1385 70Ἰ
467 1345 548 1377 veri
578 1344 696 1377 simile
726 1354 800 1377 non
829 1343 975 1376 videtur
997 1346 1080 1386 post
1104 1342 1194 1374 belli
1217 1342 1363 1375 servilis
1386 1342 1570 1385 principia
1595 1345 1632 1374 et

103 1390 330 1422 incrementa
354 1389 497 1421 demum
521 1390 566 1422 de
590 1389 698 1422 rebus
729 1389 938 1422 domesticis
962 1388 1207 1421 Romanorum
1238 1387 1374 1420 dictum
1406 1388 1541 1428 fuisse,
1575 1392 1632 1419 set

104 1437 189 1477 post
219 1444 278 1466 res
311 1434 406 1467 domi
438 1445 471 1467 a.
499 1434 543 1467 73
574 1438 699 1477 gestas
732 1436 942 1467 enarratum
976 1443 1058 1465 esse
1082 1432 1220 1464 bellum
1245 1432 1502 1475 Spartacicum
1528 1443 1562 1464 a.
1587 1432 1631 1464 73

104 1482 142 1511 et
158 1479 213 1519 72,
240 1483 278 1511 et
300 1479 395 1512 libro
412 1480 465 1512 IV
488 1480 703 1523 scriptorem
727 1490 786 1512 res
810 1480 972 1511 urbanas
998 1489 1032 1511 a.
1059 1478 1102 1510 72
1127 1478 1333 1521 repetiisse.
1375 1479 1446 1518 Qui
1466 1478 1554 1510 ordo
1570 1477 1630 1510 vel

104 1534 147 1556 eo
173 1525 452 1566 conmendafflr,
486 1526 581 1568 quod
610 1526 709 1557 inter
740 1525 876 1558 bellum
901 1523 1155 1567 Spartacicum
1186 1523 1313 1557 civiles
1340 1523 1544 1555 discordias
1568 1523 1630 1555 ob—

103 1569 254 1602 ticuisse
280 1573 562 1603 consentaneum
589 1573 656 1603 est.

204 1637 265 1700 '61
302 1660 463 1719 [131282
495 1663 534 1720 G.
556 1632 716 1714 p.'152].

488 1740 624 1780 Oratio
651 1740 790 1779 Macri
812 1740 901 1778 trib.
924 1739 1032 1789 pleb.
1063 1739 1121 1778 ad
1139 1739 1247 1788 pleb.

65 1832 79 1865 1
222 1818 284 1864 Si,
315 1817 505 1864 Quirites,
535 1830 677 1869 parum
708 1807 1017 1862 existumaretisJ
1045 1817 1137 1869 quid
1157 1818 1265 1856 inter
1288 1818 1347 1856 ius
1370 1829 1390 1855 a
1415 1817 1631 1856 maioribus

106 1886 287 1926 relictum
317 1885 427 1925 vobis
458 1890 496 1925 et
521 1885 598 1930 hoc
623 1897 645 1923 a
666 1885 773 1925 Sulla
805 1890 986 1938 paratum
1017 1885 1216 1923 servitium
1245 1885 1471 1929 interesset,
1499 1885 1631 1924 multis

108 1953 203 1993 mihi
237 1954 513 1993 disserundum
543 1954 637 1998 fuit,
669 1953 914 2004 docendique
945 1964 1042 2004 quas
1072 1952 1123 1991 ob
1153 1952 1314 1991 iniurias
1345 1956 1383 1990 et
1412 1953 1631 2003 quotiensa

106 2021 284 2073 patribus
315 2025 462 2061 armata
490 2020 627 2072 plebes
651 2021 876 2061 secessisset
900 2021 1035 2072 utique
1065 2020 1238 2059 vindices
1263 2020 1478 2070 paravisset
1505 2021 1631 2059 omnis

60 2100 81 2132 2
106 2088 213 2129 iuris
231 2090 294 2128 sui
316 2088 497 2128 tribunos
526 2087 681 2139 plebei?
717 2101 823 2128 nunc
858 2088 1011 2127 hortari
1046 2088 1163 2127 modo
1201 2087 1365 2126 relicum
1403 2092 1462 2126 est
1498 2091 1537 2126 et
1571 2089 1658 2127 ires

0 2163 24 2180 s
62 2167 83 2201 3
107 2157 279 2208 primum
298 2157 370 2202 via,
396 2169 472 2208 qua
494 2156 778 2207 capessundam
799 2155 970 2196 arbitror
993 2154 1233 2195 libertatem..
1278 2154 1413 2209 Neque
1432 2158 1496 2194 me
1517 2167 1631 2206 prae-

107 2225 217 2270 terit,
256 2229 421 2276 quantas
458 2236 554 2275 opes
590 2223 803 2263 nobilitatis
837 2222 945 2262 solus
977 2224 1177 2274 inpotens,
1210 2223 1316 2261 inani
1349 2224 1479 2274 specie
1510 2216 1658 2274 magi-'

107 2296 271 2337 stratus,
302 2291 450 2343 pellere
482 2292 746 2331 dominatione
772 2292 976 2343 incipiam,
1011 2294 1236 2342 quantoque
1266 2291 1386 2330 tutius
1414 2290 1532 2330 factio
1560 2303 1630 2329 no-

47 2372 50 2373 ’
107 2360 260 2398 xiorum
290 2363 380 2409 agat
407 2372 524 2411 quam
551 2359 624 2398 soli
651 2361 892 2399 innocentes.

62 2437 83 2468 4
221 2426 289 2466 Set
317 2431 475 2478 praeter
502 2439 613 2479 spem
641 2426 786 2466 bonam
816 2439 863 2466 ex
888 2426 1017 2472 vobis,
1054 2437 1154 2478 quae
1183 2430 1331 2465 metum
1368 2427 1476 2471 vicit,
1515 2426 1631 2465 statui
1645 2438 1676 2463 ιο

110 2494 334 2534 certaminis
354 2495 518 2538 advorsa
536 2507 610 2547 pro
633 2494 814 2535 libertate
836 2495 989 2546 potiora
1012 2506 1097 2534 esse
1118 2494 1209 2533 forti
1229 2495 1312 2533 viro
1333 2506 1450 2546 quam
1471 2495 1629 2532 omnino

219 2585 331 2617 Tns'r.
359 2595 437 2617 sen.
489 2584 518 2618 l.
552 2586 687 2618 Donat.
721 2586 768 2618 ad
798 2586 889 2618 Ter.
908 2584 1054 2618 Phorm.
1079 2584 1098 2617 I
1123 2584 1159 2625 1,
1187 2583 1246 2616 11:
1276 2585 1386 2616 Haud
1414 2586 1630 2619 eaeisstmans:

107 2640 173 2671 pro
195 2631 388 2664 aestimans.
437 2629 636 2663 Sallustius:
662 2631 712 2671 Si,
738 2631 902 2671 Quirites
926 2641 1053 2672 parum
1079 2629 1352 2662 existimaretis.
1589 2648 1593 2653 ·

219 2731 311 2763 VAB.
339 2741 418 2764 scu.
462 2730 492 2763 1.
527 2731 611 2773 quid
642 2731 730 2764 libri.
770 2731 864 2773 quod
891 2731 983 2764 Cort.
1016 2748 1061 2753 —-
1090 2730 1123 2762 3.
1150 2728 1377 2770 docendique
1401 2727 1446 2762 23.
1495 2728 1627 2761 docen-

108 2775 262 2818 dumque
286 2778 348 2808 rel.
390 2775 468 2809 Non
491 2777 617 2814 dubito,
644 2778 721 2820 quin
746 2776 973 2818 docendique
997 2786 1109 2807 verum
1131 2778 1247 2811 s1t‚at
1270 2774 1420 2814 mitigari
1441 2774 1545 2806 credo
1570 2775 1629 2806 du-

35 2860 40 2865 ·
107 2821 233 2857 mium,
265 2824 299 2852 si
316 2825 397 2863 post
421 2822 504 2853 illud
526 2822 697 2853 adiciatur
718 2831 801 2860 vos,
833 2826 869 2852 ut
891 2821 1061 2853 sententia
1084 2819 1167 2851 haec
1190 2822 1254 2849 sit:
1286 2822 1365 2860 ‘eqo
1394 2821 1498 2850 multa
1526 2819 1630 2851 verba

103 2865 225 2905 faeere
248 2866 420 2903 deberem,
451 2877 511 2898 vos
541 2867 675 2899 discere
699 2866 892 2898 deberetis.
923 2882 970 2888 —
999 2864 1032 2895 5.
1057 2863 1133 2895 ΤΕ.
1159 2863 1233 2894 PL.
1260 2861 1303 2897 23.
1376 2863 1552 2896 relicuum
1582 2863 1626 2899 Β.

107 2926 153 2932 --
173 2908 206 2941 8.
233 2909 327 2942 facti
350 2911 559 2943 onoxiorum
583 2910 626 2945 Q.
655 2928 696 2934 —
724 2909 775 2942 10.
803 2913 860 2942 set
883 2908 926 2943 ffi-
953 2926 998 2931 -
1023 2907 1076 2940 11.
1102 2908 1241 2950 potiore
1267 2906 1311 2942 ἓξ.
