1852 3294
830 231 962 257 mnnx
1008 204 1014 213 ¹
1574 215 1657 256 305

171 329 275 369 pedet
299 330 498 362 exercitum
522 329 672 361 instruit
696 328 724 361 Ο
748 328 809 370 59,
833 330 862 361 l.
909 329 1002 362 satis
1024 329 1166 372 inpigre
1192 329 1315 362 occiso
1338 329 1462 372 pedite
1485 330 1608 361 nostro
1631 326 1656 360 J

131 373 207 414 101,
225 373 258 406 6.
300 374 444 416 pedites
461 375 485 407 J
501 375 533 414 7,
553 375 585 406 2.
612 373 673 415 49,
696 374 727 406 1.
751 374 814 415 51,
834 374 866 407 3.
893 374 954 416 59,
973 374 1005 408 3.
1031 374 1094 415 68,
1114 375 1147 407 4.
1173 373 1228 416 69,
1248 374 1281 406 2.
1305 373 1363 414 91,
1380 374 1414 406 4.
1440 373 1496 415 97,
1514 373 1548 406 5.
1578 372 1652 414 101,

127 418 160 451 5.
179 417 212 451 6.
237 429 330 461 susp.
348 420 374 451 J
389 418 444 460 50,
463 419 495 452 3.
526 418 601 460 105,
619 419 651 451 2.

171 465 336 504 pedester.
369 465 499 507 copiae
516 465 707 507 pedestres
724 465 747 496 J
765 463 820 504 49,
843 464 871 496 1.
897 465 953 505 52,
973 464 1005 497 5.

169 510 280 548 pellis.
311 512 435 542 vestes
453 510 496 542 de
514 509 672 551 pellibus
690 509 747 541 H
738 521 749 541 1
772 509 822 541 19.

169 554 269 593 pello}
300 554 397 596 pulsi
414 554 495 586 loco
513 554 540 586 Ο
558 553 598 594 9,
617 555 649 586 4.
691 554 830 586 milites
853 554 956 607 puls-'i
975 555 1133 597 fugatiq.
1157 555 1181 587 J
1204 555 1265 595 74,
1285 554 1318 587 3.
1360 565 1448 597 quos
1471 554 1590 598 pelli
1579 540 1653 587 iarn

127 603 325 641 acceperat
341 600 366 631 J
386 598 533 639 101,10.
577 610 656 636 cum
675 599 843 631 omnibus
861 600 977 642 copiis
994 599 1106 632 Italia
1124 599 1228 643 pulso
1245 601 1281 632 H
1298 600 1316 632 Ι
1332 600 1386 632 54.
1428 611 1517 643 agro
1534 600 1569 632 H
1587 599 1604 632 1
1619 599 1653 633 9.

123 644 234 720 ῗῆτέειΙ
243 644 302 728 Ἐξ
307 645 324 676 1
346 642 403 676 46.
451 644 601 676 sedibus
625 645 650 677 J
672 644 734 686 41,
753 643 786 676 8.
835 656 924 687 opes
947 645 1156 677 nobilitatis
1184 645 1431 679 dominatione
1455 645 1594 702 pellere
1617 645 1653 677 H

169 734 326 765 Pelorum
342 734 377 765 H
394 734 444 766 IV
460 733 515 765 21.

166 780 316 818 penates.
347 779 407 811 dei
424 790 458 821 p.
477 780 512 811 H
525 780 542 811 I
558 778 614 819 48,
637 779 688 811 16.
707 779 761 812 20.
787 780 821 812 II
840 780 894 817 41,
914 780 946 813 3.
964 780 998 812 4.
1022 779 1078 821 96,
1104 781 1131 812 l.

166 824 303 863 pendeo.
342 824 446 856 cuius
471 825 571 857 vitae
596 825 734 867 necisq.
759 829 924 867 potestas
950 837 994 857 ex
1020 826 1152 858 alienis
1180 825 1307 868 opibus
1328 825 1465 868 pendet
1480 826 1504 858 J
1525 825 1576 866 14,
1595 824 1651 858 23.

122 869 293 910 quoniam
320 880 403 911 spes
429 880 553 912 opesq.
579 870 658 902 eius
683 881 727 901 ex
751 874 857 912 patre
883 881 948 902 suo
973 871 1174 913 penderent
1190 871 1215 903 J
1235 870 1348 911 107,4
1328 872 1362 902 4.
1404 870 1580 902 inbecilla
1598 875 1654 903 est

123 913 311 954 fortitudo,
330 914 413 946 dum
431 915 569 957 pendet
586 915 649 946 Η
640 927 651 946 ι
675 914 745 947 103.

166 959 274 997 pendo
297 960 484 1011 stipendia
509 959 536 991 Ο
554 959 617 1000 20,
636 960 670 991 7.
711 960 874 1003 vectigal
898 961 922 992 Ι
940 960 1001 1001 31,
1020 960 1052 993 9.
1094 971 1233 1003 poenas
1259 960 1426 994 volentes
1443 960 1651 1003 pependere

121 1001 228 1043 J76,
254 1003 286 1036 6.
333 1005 439 1046 parvi
462 1005 622 1047 pendere
649 1005 676 1037 Ο
707 1005 764 1045 12,
783 1006 815 1038 2.
848 1006 909 1045 52,
928 1005 960 1037 9.
986 1029 1032 1034 -
986 1007 1186 1048 -quibus
1210 1007 1241 1038 si
1267 1007 1458 1048 quicquam
1483 1017 1652 1048 umquam

120 1049 217 1087 pensi
234 1049 366 1081 fuisset
383 1049 411 1081 Ο
429 1050 491 1089 52,
510 1049 565 1082 34.
607 1060 725 1092 neque
750 1030 788 1082 i’d
807 1030 943 1092 quibhs
967 1051 1083 1083 modis
1109 1051 1373 1093 adsequeretur
1398 1069 1435 1073 —
1456 1051 1651 1104 quicquain

122 1093 227 1135 pensi
246 1093 410 1126 habebat
428 1094 455 1126 Ο
475 1074 507 1134 5,
526 1095 558 1126 2.
601 1106 751 1138 prorsus
764 1106 883 1137 neque
908 1096 1032 1127 dicere
1050 1106 1167 1138 neque
1188 1097 1314 1128 facere
1334 1097 1527 1138 quicquam
1544 1098 1651 1139 pensi

122 1138 285 1170 habebat
302 1139 330 1171 Ο
347 1139 411 1178 23,
430 1140 462 1171 2.
505 1140 596 1171 nihil
621 1141 728 1183 pensi
752 1151 871 1183 neque
890 1141 1068 1173 moderati
1086 1141 1224 1173 habere
1243 1141 1270 1173 Ο
1292 1142 1344 1182 12,
1363 1141 1395 1174 2.
1436 1141 1529 1173 nihil
1546 1142 1652 1198 pensi

121 1193 239 1225 neque
258 1185 379 1216 sancti
397 1184 533 1216 habere
550 1185 575 1217 J
591 1185 645 1225 41,
665 1185 698 1217 9.

165 1236 268 1267 penes
284 1229 333 1260 M.
344 1230 449 1261 Porc.
461 1230 622 1262 Laecam
642 1234 825 1263 convocat
842 1231 935 1271 Ο27,
947 1230 968 1263 3
986 1230 1103 1271 (antea
1119 1230 1210 1274 per).
1244 1232 1300 1263 ius
1319 1235 1356 1263 et
1372 1232 1554 1274 inperium
1573 1232 1652 1263 eius

121 1283 316 1314 peuesvos
335 1275 528 1314 esseJ14,
551 1274 671 1308 lconl.
691 1275 758 1316 26,
765 1276 798 1307 2.
825 1275 879 1314 31,
897 1275 930 1308 9.
954 1275 1005 1311 16,
1023 1275 1080 1308 20.
1106 1242 1162 1317 4p1,
1181 1277 1213 1308 7.
1239 1276 1381 1318 HI41,
1401 1277 1434 1308 7.
1457 1276 1507 1309 13.
1521 1275 1576 1309 23.
1592 1277 1648 1308 24.

121 1317 211 1350 fides
230 1319 309 1351 eius
327 1320 380 1351 rei
396 1330 510 1362 penes
529 1323 698 1353 auctores
718 1321 786 1352 erit
802 1322 825 1353 J
841 1319 898 1362 17,
919 1320 952 1352 7.

164 1364 260 1403 penis
278 1363 305 1395 C
328 1364 379 1402 14,
396 1365 430 1397 2.

163 1416 276 1448 penso.
308 1410 550 1442 frumentaria
565 1410 649 1453 lege
667 1411 791 1442 munia
808 1414 934 1443 vostra
950 1413 1153 1453 pensantur
1169 1411 1205 1442 H
1222 1411 1275 1442 ΙΙΙ
1291 1410 1346 1451 61,
1371 1410 1421 1444 19.

100 1473 102 1475 -
163 1461 225 1492 per
241 1464 382 1486 omnem
401 1456 604 1487 exercitum
604 1438 767 1488 ¹:laetitia
786 1466 930 1488 maeror
944 1473 990 1478 —
1007 1456 1249 1498 agitabantur
1266 1456 1293 1488 Ο
1311 1455 1367 1496 61,
1384 1455 1418 1488 9.
1451 1467 1516 1498 ρει·
1534 1456 1650 1488 omnis

61 1502 65 1507 '
119 1497 220 1532 locus
239 1502 276 1530 et
294 1503 496 1532 conventus
514 1500 558 1532 de
578 1501 678 1533 facto
703 1501 865 1533 consulis
891 1502 1028 1544 agitari
1032 1482 1069 1532 e’J
1085 1500 1146 1540 30,
1171 1501 1199 1533 l.
1240 1501 1398 1533 hiemem
1415 1512 1489 1534 non
1505 1512 1571 1544 per
1587 1512 1650 1544 op-

119 1543 206 1584 pida
224 1544 283 1586 egi
302 1545 336 1575 H
354 1545 389 1576 II
405 1543 460 1585 96,
471 1545 503 1577 5.
538 1556 604 1588 ρει
620 1547 788 1579 tramites
804 1565 848 1569 —
867 1547 1057 1578 antevenit
1073 1546 1097 1578 J
1114 1526 1169 1585 48,
1178 1546 1212 1578 2.
1245 1557 1310 1588 per
1327 1549 1506 1578 terrarum
1525 1547 1647 1578 orbem

119 1587 357 1621 celebrantur
380 1589 407 1621 Ο
431 1589 471 1630 8,
495 1588 529 1622 3.
575 1591 655 1622 dies
678 1601 743 1633 per
772 1602 913 1623 omnem
937 1591 1102 1623 Africam
1134 1591 1344 1624 celebratus
1366 1592 1391 1623 J
1416 1591 1478 1632 66,
1503 1592 1535 1623 2.
1585 1603 1651 1635 ρει·

119 1643 270 1675 regnum
283 1634 546 1667 Ariobarzanis
561 1636 752 1668 contendit
767 1637 863 1668 ad—
878 1636 913 1667 H
926 1636 976 1667 IV
989 1635 1043 1667 51.
1073 1647 1140 1678 per
1153 1647 1293 1668 omnem
1303 1637 1469 1669 Africam
1482 1637 1584 1669 fama
1596 1638 1649 1669 di-

118 1678 288 1720 volgatur
303 1679 327 1711 J
347 1678 398 1719 13,
423 1679 450 1711 l.
484 1691 550 1722 per
565 1680 649 1713 loca
666 1680 831 1713 saltuosa
849 1681 1049 1713 exercitum
1067 1682 1218 1713 ductare
1236 1682 1259 1713 J
1276 1681 1383 1721 38,1.
1418 1693 1486 1724 per
1501 1682 1649 1714 divorsa

120 1727 248 1755 euntes
266 1724 301 1755 H
318 1725 370 1756 IV
385 1705 440 1756 52.
482 1735 548 1767 per
564 1725 647 1757 loca
666 1726 840 1768 aequalia
856 1726 1033 1757 harenam
1052 1726 1231 1758 excitavit
1246 1727 1271 1758 J
1288 1706 1342 1765 79,
1360 1725 1393 1758 6.
1425 1737 1491 1770 ρει·
1507 1738 1648 1759 omnem

117 1769 348 1810 provinciam
368 1772 512 1802 atroces
530 1770 653 1802 famae
673 1771 708 1802 H
724 1771 742 1802 Ι
758 1770 813 1802 67.
854 1781 920 1813 per
937 1771 1071 1802 montis
1088 1771 1177 1813 fuga
1194 1771 1230 1802 H
1246 1772 1282 1803 H
1298 1770 1360 1810 41,
1378 1770 1410 1804 6.
1451 1782 1518 1814 per
1533 1776 1649 1804 totam

117 1813 244 1845 urbem
263 1814 416 1856 vigiliae
433 1814 660 1847 haberentur
677 1815 704 1847 Ο
723 1815 785 1856 30,
806 1816 837 1847 7.
878 1826 944 1858 ρει·
960 1816 1160 1858 municipia
1184 1817 1222 1847 in
1238 1816 1399 1848 vinculis
1414 1783 1603 1849 hzibendos
1620 1817 1648 1849 Ο

117 1857 173 1896 51,
191 1857 247 1891 43
273 1859 329 1899 52,
352 1859 402 1891 14.
446 1860 624 1892 incedunt
641 1871 707 1903 per
723 1871 787 1892 ora
803 1866 929 1893 vostra
944 1861 969 1892 J
985 1859 1039 1900 31,
1062 1860 1113 1892 10.
1147 1871 1213 1903 per
1228 1871 1380 1903 pronum
1398 1857 1657 1894 incitabantur

117 1903 152 1934 H
170 1904 223 1936 111
239 1904 296 1936 22.
332 1915 399 1947 per
415 1902 655 1937 munitionem
673 1905 792 1938 locum
811 1905 1020 1937 introeundi
1037 1905 1138 1937 dedit
1154 1906 1178 1937 J
1194 1906 1250 1947 38,
1269 1905 1301 1938 6.
1344 1917 1410 1949 ρει·
1425 1907 1559 1939 montis
1576 1907 1650 1938 iter

119 1947 243 1980 facere
264 1949 291 1981 Ο
305 1948 360 1988 56,
379 1950 401 1981 4
417 1953 502 1982 conl.
522 1950 577 1989 57,
600 1950 629 1982 1.
664 1951 766 1983 nisus
783 1954 1072 1993 prospectusque
1091 1961 1159 1997 per
1173 1961 1263 1983 saxa
1279 1951 1304 1983 J
1319 1950 1374 1991 94,
1397 1951 1427 1983 1.
1463 1961 1565 1984 arma
1583 1962 1650 1994 per

116 1993 263 2026 Italiam
281 1996 468 2037 oportunis
486 1995 578 2027 locis
595 2006 728 2038 parare
748 1995 775 2027 Ο
794 1996 855 2035 24,
874 1996 906 2028 2.
946 2006 1013 2038 per
1029 1995 1132 2038 Alpis
1154 1992 1229 2028 iter
1252 1997 1417 2038 patefeci
1434 1997 1470 2037 H
1486 1997 1522 2028 II
1537 1996 1594 2037 96,
1613 1997 1646 2028 4.

116 2049 183 2080 per
205 2041 374 2072 tramites
398 2040 596 2083 perfugere
621 2041 648 2072 Ο
673 2041 736 2081 57,
761 2040 789 2072 l.
835 2051 901 2083 per
922 2040 1080 2072 hostium
1105 2041 1325 2073 munitiones
1350 2059 1387 2063 —
1408 2022 1606 2084 pergerent
1623 2042 1647 2074 J

117 2082 171 2124 23,
190 2084 222 2116 2.
257 2095 323 2127 per
340 2095 494 2128 magnas
512 2086 728 2118 solitudines
745 2086 915 2128 pervenit
931 2086 955 2117 J
971 2084 1069 2123 80,1.
1103 2097 1169 2128 per
1186 2086 1335 2119 idoneos
1352 2086 1468 2119 saltus
1485 2087 1648 2119 insidiae

116 2129 260 2170 positae
284 2130 320 2161 H
344 2130 380 2162 11
407 2130 458 2162 15.
507 2131 610 2163 venti
634 2142 699 2173 per
723 2141 817 2163 cava
841 2134 963 2163 terrae
989 2131 1096 2162 citati
1119 2131 1154 2162 H
1178 2131 1213 2163 11
1236 2131 1292 2164 43.
1336 2133 1646 2174 quaesitissumae

119 2190 157 2195 —
176 2185 243 2216 per
259 2185 401 2207 omnem
419 2176 648 2217 provinciam
666 2176 701 2207 H
717 2176 753 2207 II
769 2175 832 2214 23,
850 2176 882 2208 4.
924 2186 990 2218 per
1015 2176 1121 2208 collis
1140 2177 1244 2218 sequi
1260 2177 1285 2208 J
1299 2176 1355 2216 55,
1374 2175 1406 2209 8.
1447 2187 1513 2220 per
1529 2178 1648 2210 omnis

97 2244 99 2246 .
116 2222 234 2251 terras
254 2230 318 2251 aes
336 2219 496 2252 alienum
515 2221 646 2262 ingens
665 2224 745 2252 erat
763 2220 790 2252 Ο
812 2220 870 2260 16,
888 2221 920 2253 4.
961 2222 1067 2263 quasi
1090 2220 1178 2253 mali
1197 2238 1235 2244 —
1255 2232 1327 2254 non
1351 2232 1418 2264 per
1441 2226 1555 2255 totam
1572 2223 1646 2254 Ita-

115 2263 295 2296 liam-sint
313 2264 341 2297 C
358 2265 421 2305 52,
446 2265 496 2300 15.
538 2276 604 2308 per
624 2268 768 2298 ceteras
786 2266 908 2308 gentis
927 2263 1027 2308 [conl.
1046 2266 1083 2297 H
1098 2267 1133 2298 11
1149 2265 1205 2309 39]
1225 2266 1318 2299 clari
1339 2267 1428 2299 estis
1446 2268 1482 2299 H
1498 2268 1515 2299 I
1531 2267 1593 2307 41,
1615 2267 1646 2299 1.

116 2319 182 2351 ρει·
195 2319 336 2341 οιιιῐιειιι
353 2310 581 2352 provinciam
592 2321 705 2352 grave
716 2311 878 2353 precium
889 2311 1068 2343 fructibus
1081 2311 1116 2343 H
1129 2311 1184 2343 ΙΙΙ
1200 2311 1229 2343 1.
1259 2322 1325 2354 per
1332 2312 1559 2354 Lycaonlam
1568 2316 1647 2344 ten-

116 2354 203 2385 dere
218 2355 251 2386 H
272 2355 300 2386 V
318 2354 370 2386 1¹.
410 2366 476 2397 per
491 2356 611 2387 media
629 2356 708 2387 eius
727 2359 850 2388 castra
863 2357 1021 2388 transire
1036 2356 1061 2388 J
1078 2355 1152 2396 107,
1164 2356 1197 2389 5.
1231 2357 1399 2399 legiones
1417 2368 1483 2400 per
1498 2358 1645 2390 Italiam

115 2398 278 2440 Regium
294 2416 330 2421 —
352 2403 587 2432 transvectae
604 2400 628 2432 J
644 2399 699 2441 28,
714 2399 748 2432 6.
781 2411 848 2443 per
863 2402 944 2433 vias
962 2412 1005 2433 ac
1022 2404 1125 2433 tecta
1141 2402 1330 2434 visebatur
1346 2403 1381 2434 H
1398 2403 1433 2434 II
1449 2401 1504 2442 23,
1517 2402 1548 2434 1.
1582 2413 1648 2445 per

117 2444 361 2476 centurias-
382 2447 520 2477 turmas
547 2445 825 2478 distribueratJ
841 2445 956 2486 91,1.
995 2450 1035 2478 ut
1057 2457 1123 2489 per
1146 2447 1311 2489 singulos
1337 2450 1436 2479 artus
1461 2448 1647 2489 expiraret

117 2489 151 2519 H
169 2489 186 2519 I
203 2487 259 2520 30.
277 2501 325 2516 :z
340 2500 406 2531 per
424 2500 468 2522 ea
485 2493 652 2532 tempora
667 2491 691 2523 J
711 2490 762 2532 11,
781 2491 813 2523 5.
854 2502 921 2533 ρει·
937 2491 1034 2523 idem
1052 2495 1193 2533 tempus
1209 2492 1234 2523 J
1249 2490 1644 2531 63,1.70,1.114,1.

115 2543 183 2575 per
196 2533 355 2566 hiemem
365 2534 572 2567 fabricatae
582 2535 736 2568 HIV51.
761 2539 979 2578 pernoctem
989 2537 1169 2579 piscariH
1182 2537 1216 2567 II
1229 2535 1284 2567 66.
1303 2546 1369 2578 per
1377 2537 1575 2568 triennium
1584 2537 1646 2568 vix

116 2588 260 2611 annuus
278 2582 442 2622 sumptus
460 2580 569 2612 datus
587 2584 643 2613 est
659 2581 694 2612 H
711 2581 747 2612 11
762 2579 826 2621 96,
844 2581 878 2613 2.
918 2582 974 2613 uti
997 2592 1062 2623 per
1084 2580 1236 2623 vigilias
1260 2580 1405 2612 solebat
1421 2581 1443 2612 J
1461 2580 1524 2621 99,
1548 2580 1574 2612 l.
1599 2593 1646 2609 :-

115 2633 183 2666 per
199 2624 438 2667 magistratus
457 2625 742 2658 administrabat
756 2627 780 2659 J
801 2625 858 2665 19,
877 2626 909 2658 7.
951 2637 1017 2668 per
1041 2625 1254 2667 Iugurtham
1278 2625 1394 2656 omnis
1417 2635 1475 2656 res
1493 2634 1645 2668 asperas

116 2668 1361 2757 253232171’122‘c⁰ifssd5¹¹¹ffinif³ff1piiiff¹iPffiitiifffflsstffissrgssauffi
1382 2669 1644 2747 {3?.÷3.¹¹3.⁰‘1’3-

117 2757 273 2800 gurthae
292 2759 415 2791 scelus
434 2760 702 2792 condonaretur
717 2761 740 2793 J
756 2761 819 2800 27,
837 2761 870 2792 2.
911 2770 976 2802 per
994 2758 1190 2790 Gabinium
1216 2762 1359 2790 ceteros
1377 2760 1599 2791 conveniunt
1616 2759 1644 2792 Ο

115 2803 171 2840 44,
191 2802 222 2835 1.
264 2814 330 2846 per
347 2806 496 2843 nuntios
513 2805 654 2837 consuli
674 2809 807 2837 cuncta
825 2804 1060 2836 declarantur
1078 2802 1105 2834 Ο
1123 2802 1178 2842 46,
1200 2804 1230 2835 1.
1269 2814 1335 2845 per
1351 2803 1494 2846 legatos
1511 2808 1646 2836 cuneta

117 2847 270 2880 edoctus
294 2848 322 2880 Ο
347 2849 414 2887 45,
441 2849 468 2881 1.
507 2860 574 2891 per
598 2850 766 2881 Fulviam
795 2849 972 2880 effecerat
997 2847 1024 2879 Ο
1049 2848 1111 2884 25,
1129 2847 1162 2879 3.
1202 2865 1248 2871 —
1270 2866 1311 2871 —
1337 2848 1507 2881 Ciceroni
1524 2849 1644 2882 dolum

117 2893 288 2924 enuntiat
312 2893 340 2924 C
364 2893 427 2934 28,
446 2894 479 2925 2.
520 2905 588 2936 ρει·
610 2894 777 2926 homines
802 2912 841 2916 -
870 2891 1038 2935 explorat
1053 2893 1076 2924 J
1093 2891 1155 2933 35,
1173 2892 1207 2925 5.
1248 2893 1345 2925 idem
1369 2892 1410 2925 fit
1427 2894 1563 2926 ceteris
1579 2905 1646 2937 per

154 2970 171 2987 e
211 2958 393 2992 SALLnsr.
414 2970 473 2992 en.
491 2961 675 2993 Dra-recu.
724 2961 772 2992 ΙΙ.
1163 2949 1166 2951 ’
1320 2948 1374 2987 20
