1852 3294
833 262 966 288 innnx
1574 246 1654 286 253

142 367 240 397 esset
257 363 285 396 C
302 363 357 405 51,
376 363 432 397 34.
473 373 531 396 res
547 362 628 406 ipsa
646 372 778 405 aspera
796 365 862 402 est,
883 365 940 394 set
955 372 1020 395 vos
1037 371 1110 394 non
1126 361 1266 393 timetis
1283 370 1364 393 eam
1381 359 1409 393 C
1426 360 1483 400 52,
1500 358 1555 392 28.
1596 360 1656 392 Iu-

140 409 307 453 gurtham
331 409 370 441 in
393 409 522 441 amicis
544 408 701 448 habere,
725 407 844 450 magis
868 408 1057 450 magisque
1083 417 1163 439 eum
1187 407 1226 438 in
1242 407 1322 438 dies
1340 405 1514 449 amplecti
1529 406 1553 439 J
1571 405 1602 446 7,
1621 405 1653 439 6.

139 455 247 488 lictor
262 454 472 497 Iugurthae,
491 463 598 486 carus
617 456 864 496 acceptusque
884 453 918 484 ei
935 462 1080 495 semper
1097 453 1219 484 fuerat
1234 452 1258 484 J
1279 451 1330 493 12,
1349 450 1381 484 3.
1415 470 1459 474 —
1475 451 1654 484 adductus

140 501 313 543 inperitia
331 500 457 542 legati,
476 498 646 532 subdolus
664 499 742 530 eius
762 508 897 540 augere
922 498 1142 530 dementiam
1159 499 1182 530 J
1199 496 1260 539 38,
1282 496 1311 529 1.
1352 497 1498 530 stativis
1522 498 1654 529 castris

140 545 276 578 milites
292 539 554 585 habebat‚'set
575 553 693 586 neque
718 543 978 579 muniebantur
1001 554 1046 575 ea
1069 553 1186 585 neque
1209 542 1362 585 vigiliae
1380 542 1656 575 deducebantur

140 591 163 623 J
180 591 236 631 45,
254 591 286 623 5.
326 590 520 629 Bomilcar,
538 590 602 622 ubi
620 599 701 622 eum
718 589 801 621 Rut.
819 592 1116 631 praetergressus
1134 591 1190 620 est
1205 589 1228 621 J
1245 588 1305 626 52,
1324 589 1356 620 5.
1397 589 1516 620 Mario
1536 605 1574 610 —
1594 598 1654 621 co—

140 637 280 680 gnitum
298 639 354 668 est
373 653 409 658 —
429 637 562 667 narnis
582 652 619 657 —
637 636 662 668 J
677 633 740 674 60,
758 634 791 666 5.
835 644 877 666 eo
901 634 1006 666 modo
1031 633 1202 676 agitabat
1227 650 1264 655 —
1290 634 1430 666 Tamen
1452 634 1483 666 is
1508 651 1549 656 —
1566 633 1654 666 talis

139 682 195 714 vir
211 691 284 713 non
301 681 461 713 audebat
475 681 500 713 J
515 679 571 720 63,
589 679 622 712 6.
662 689 776 712 novos
799 689 904 711 nemo
920 682 996 711 tam
1014 679 1134 711 clarus
1152 682 1249 719 erat,
1276 679 1363 721 quin
1378 680 1418 711 ‘is
1437 696 1474 701 —
1499 680 1524 712 J
1540 678 1602 719 63,
1621 679 1653 712 7.

139 730 329 769 suspectus
353 727 432 768 regi
458 729 495 758 et
518 726 598 768 ipse
632 736 713 758 eum
737 725 943 768 suspiciens
965 725 990 757 J
1015 723 1075 764 70,
1105 724 1134 756 l.
1180 723 1407 767 principibus
1436 728 1544 757 notus
1575 729 1654 757 erat

140 775 214 814 atq.
233 782 294 804 eos
310 774 464 804 noverat
480 771 508 803 C
525 770 586 811 40,
604 771 637 803 2.
678 770 741 803 ubi
757 774 889 803 ventus
906 770 1081 802 harenam
1099 770 1286 810 excitavit,
1307 780 1351 801 ea
1367 770 1391 801 J
1407 769 1462 810 79,
1481 771 1513 802 5.
1555 775 1654 802 artes

138 817 223 859 illis,
244 816 304 859 qui
321 816 466 849 coluere
486 826 560 856 eas,
580 816 673 848 nihil
689 815 865 848 obiiciunt
881 816 904 848 J
921 814 976 856 85,
986 814 1041 847 43.
1074 815 1206 847 vineae
1226 815 1451 857 agebantur:
1469 826 1554 848 nam
1572 826 1652 847 cum

140 873 207 895 eae
227 879 264 884 —
283 862 307 895 J
322 861 384 904 92,
403 861 436 894 8.
479 862 523 894 de
547 862 656 894 rebus
673 861 798 894 Sullae
815 879 859 883 —
877 861 939 903 qui
957 871 1020 893 eas
1037 871 1094 893 res
1115 879 1152 883 —
1170 861 1195 893 J
1211 859 1271 901 95,
1291 861 1323 892 2.
1365 861 1538 893 benificia
1556 861 1652 893 acci-

138 918 238 950 pere,
256 910 314 939 set
331 918 377 940 ea
394 925 437 930 -
453 907 605 939 reddere
623 907 647 939 J
662 905 724 946 96,
742 907 774 938 2.
814 906 947 938 flumen
965 905 1172 938 Mulucham
1189 915 1260 938 non
1278 906 1458 948 egrediar,
1481 917 1598 949 neque
1616 906 1654 938 id

142 970 178 975 —
199 953 336 985 intrare
354 953 472 985 sinam
488 952 512 985 J
532 951 612 993 110,
631 952 663 984 7.
706 952 802 992 Quin
825 952 856 984 is
882 955 919 984 et
942 951 1007 983 alii
1031 951 1066 983 H
1081 952 1099 983 I
1114 950 1169 992 48,
1192 949 1243 983 19.
1285 955 1390 983 scuta
1407 970 1449 974 —
1466 962 1588 984 verum
1607 962 1653 984 ea

137 999 162 1031 J
183 997 246 1039 94,
269 997 298 1030 1.
339 1008 446 1040 reges
473 1015 510 1020 —
536 1008 620 1029 nam
646 997 683 1029 id
705 1007 837 1029 nomen
860 997 980 1039 inperi
1002 998 1157 1039 primum
1182 997 1253 1028 fuit
1276 996 1303 1028 O
1321 997 1359 1038 2,
1389 997 1416 1029 1.
1458 997 1653 1040 praeclara

137 1044 291 1086 ingenia
308 1042 483 1075 extollere
501 1046 651 1086 potuere
668 1060 712 1066 -—
736 1053 780 1075 ea
798 1043 905 1084 copia
922 1042 950 1074 C
967 1041 1005 1083 8,
1024 1042 1057 1074 5.
1100 1042 1212 1074 fuisse
1237 1042 1298 1084 qui
1325 1059 1362 1064 —
1389 1043 1654 1075 existumarent

138 1106 180 1111 —
199 1091 254 1120 set
271 1099 315 1121 ex
333 1088 416 1120 aliis
433 1088 541 1120 rebus
557 1089 676 1132 magis
700 1098 806 1130 quam
831 1088 924 1130 quod
950 1087 1118 1130 cuiquam
1137 1093 1347 1130 conpertum
1364 1088 1400 1119 id
1418 1089 1531 1128 foret,
1557 1089 1652 1121 haec

138 1134 238 1166 fama
260 1133 413 1173 valebat
437 1133 464 1166 O
492 1133 549 1174 14,
570 1134 602 1165 7.
647 1133 827 1166 Faesulas
852 1136 925 1175 atq.
950 1133 988 1164 in
1013 1143 1094 1165 eam
1116 1136 1259 1175 partem
1282 1133 1452 1165 Etruriae
1478 1133 1506 1165 C
1529 1134 1591 1174 27,
1621 1134 1650 1166 1.

138 1182 304 1212 senatum
323 1179 481 1211 advocat
497 1189 703 1222 magnaque
723 1178 932 1221 frequentia
950 1180 1028 1211 eius
1046 1178 1183 1210 ordinis
1202 1177 1229 1210 C
1246 1177 1306 1216 46,
1324 1177 1356 1210 6.
1397 1182 1540 1211 noctem
1566 1183 1652 1212 ante

139 1235 292 1267 capere,
318 1235 363 1256 ne
390 1224 474 1267 quid
500 1235 543 1257 eo
567 1225 686 1267 spatio
708 1227 906 1256 novaretur
922 1223 950 1255 G
967 1223 1028 1264 55,
1050 1224 1079 1255 1.
1122 1224 1345 1266 quinquenni
1363 1241 1400 1246 —
1419 1235 1486 1267 per
1501 1235 1545 1257 ea
1561 1229 1651 1257 tem-

137 1280 227 1312 pora
243 1270 267 1302 J
286 1269 378 1308 13,5.
414 1270 612 1309 exercitum
629 1269 816 1301 hiemandi
832 1269 953 1311 gratia
971 1268 1151 1308 conlocat,
1171 1279 1289 1311 neque
1307 1269 1343 1301 id
1360 1273 1503 1312 tempus
1521 1271 1543 1302 J
1552 1270 1607 1312 61,
1617 1270 1650 1306 3.

136 1318 326 1358 nupserat.
352 1315 486 1347 Verum
511 1324 556 1347 ea
579 1315 811 1347 necessitudo
827 1315 851 1347 J
868 1313 930 1354 80,
948 1313 980 1346 6.
1020 1325 1093 1346 non
1110 1317 1194 1347 sunt
1211 1315 1403 1357 conposita
1418 1317 1534 1348 verba
1551 1326 1649 1348 mea:

137 1361 244 1403 parvi
266 1360 304 1392 id
327 1360 426 1392 facio
443 1361 467 1393 J
483 1359 542 1397 85,
561 1359 615 1393 31.
654 1362 769 1403 primo
792 1360 971 1402 pecuniae
996 1359 1128 1391 deinde
1151 1360 1271 1402 inperi
1294 1361 1425 1403 cupido
1449 1362 1581 1394 crevit:
1606 1372 1651 1394 ea

140 1423 178 1428 —
197 1406 371 1438 materies
389 1405 491 1438 fuere
509 1405 537 1437 C
558 1404 608 1446 10,
619 1404 651 1438 3.
683 1408 824 1437 tantum
841 1405 1023 1448 inperium
1035 1405 1158 1437 fecere
1176 1423 1218 1428 —
1235 1422 1272 1427 —
1293 1408 1354 1447 qui
1372 1416 1416 1438 ea
1433 1406 1527 1439 bene
1544 1410 1652 1450 parta

137 1452 199 1484 vix
216 1452 413 1483 retinemus
432 1450 459 1483 C
476 1450 530 1488 51,
548 1450 603 1482 42.
644 1450 787 1493 pecoris
811 1454 848 1483 et
872 1450 1135 1493 mancipiorum
1156 1451 1315 1493 praedas
1339 1462 1449 1494 agere
1475 1463 1555 1495 eaq.
1575 1463 1649 1485 mu—

136 1499 216 1528 tare
232 1496 256 1528 J
272 1496 326 1536 45,
338 1496 371 1528 5.
397 1496 599 1528 amicitiam
616 1497 903 1538 societatemque
921 1500 1100 1539 rogatum,
1117 1514 1162 1518 ——
1177 1496 1241 1528 ubi
1259 1507 1304 1529 ea
1320 1497 1505 1539 inpetrata
1520 1499 1541 1531 J
1552 1498 1606 1538 77,
1617 1498 1649 1532 3.

137 1545 288 1574 senatus
310 1559 354 1564 —
380 1542 487 1583 eique
512 1541 707 1574 decrevere
729 1542 754 1574 J
776 1540 837 1582 28,
868 1542 900 1573 2.
948 1541 1075 1584 plebes
1097 1559 1140 1564 —
1165 1542 1304 1574 animos
1337 1552 1458 1575 eorum
1482 1544 1506 1576 J
1528 1544 1590 1584 45,
1616 1545 1648 1576 5.

137 1597 279 1620 omnem
296 1587 497 1629 equitatum
515 1590 552 1619 et
574 1597 655 1619 cum
673 1587 726 1618 eis
742 1587 766 1619 J
781 1585 843 1627 91,
863 1587 896 1619 4.
938 1587 1109 1619 iniuriam
1133 1587 1259 1619 facere
1277 1588 1313 1619 id
1331 1587 1473 1620 demum
1492 1593 1591 1621 esset
1605 1607 1648 1613 —

136 1633 191 1664 uti
209 1631 236 1664 C
258 1632 354 1674 l2,5.
370 1645 415 1660 =
431 1633 492 1664 Ad
505 1642 649 1675 sequens
666 1636 773 1674 aptat.
794 1632 1092 1664 contumeliosum
1109 1633 1147 1664 in
1165 1643 1227 1665 eos
1246 1633 1351 1674 foret,
1370 1634 1401 1666 si
1420 1635 1563 1676 equites
1579 1635 1650 1668 Ro—

137 1677 235 1709 mani
251 1696 293 1700 —
310 1677 540 1709 traderentur
555 1677 579 1709 J
595 1676 656 1718 65,
676 1678 708 1708 2.
745 1687 809 1710 eas
827 1678 992 1718 divitias,
1010 1688 1091 1709 eam
1116 1679 1246 1710 bonam
1270 1679 1406 1719 famam
1422 1680 1603 1722 putabant
1621 1681 1648 1713 C

138 1723 170 1762 7,
188 1721 220 1754 6.
261 1733 308 1754 ea
324 1722 465 1754 demum
484 1721 585 1754 firma
603 1722 766 1754 amicitia
785 1726 840 1754 est
857 1722 884 1754 O
901 1721 964 1763 20,
982 1723 1014 1754 2.
1057 1733 1150 1765 quae
1173 1741 1209 1746 —-
1241 1733 1286 1756 ea
1304 1722 1509 1758 ¹crudelitas
1527 1743 1567 1748 —
1587 1727 1649 1758 ad-

136 1767 296 1810 pellatur
320 1767 347 1799 C
371 1767 430 1807 51,
453 1766 504 1799 14.
547 1777 608 1799 eos
632 1778 750 1800 mores
774 1778 926 1810 eamque
949 1767 1166 1800 modestiam
1188 1768 1257 1801 viri
1281 1771 1437 1812 cognovi
1461 1770 1488 1802 C
1512 1770 1573 1812 51,
1596 1770 1647 1804 16.

138 1823 182 1845 ea
199 1823 286 1845 vero
303 1812 486 1845 dementia
504 1815 559 1855 est
576 1812 604 1844 C
617 1811 672 1851 58,
684 1811 735 1844 16.
769 1813 918 1853 Mauris,
938 1814 1109 1856 quoniam
1127 1815 1157 1846 is
1174 1824 1287 1847 novos
1304 1815 1419 1847 hostis
1438 1816 1650 1849 adcesserat

135 1857 160 1891 J
174 1856 234 1899 82,
258 1857 286 1890 1.
327 1861 461 1892 motum
486 1867 532 1890 an
550 1858 736 1901 ignaviam
754 1868 800 1890 an
817 1858 1038 1890 dementiam
1059 1869 1139 1891 eam
1157 1859 1338 1902 adpellem
1362 1861 1396 1892 H
1412 1861 1429 1892 I
1444 1860 1506 1901 48,
1527 1861 1580 1893 12.
1603 1875 1650 1891 =

136 1903 181 1936 In
203 1913 255 1936 or.
275 1903 341 1936 obl.
369 1904 430 1946 qui
448 1902 632 1936 Catilinae
657 1904 886 1944 nuntiarent,
912 1914 957 1936 ne
983 1914 1063 1936 eum
1083 1921 1119 1926 —
1139 1908 1320 1937 terrerent
1343 1905 1371 1938 C
1388 1905 1449 1946 48,
1467 1907 1500 1939 4.
1542 1908 1648 1940 ambo

136 1958 243 1992 reges
261 1949 397 1981 adeant
411 1966 450 1971 —
471 1949 656 1981 nuntient:
674 1948 770 1981 velle
789 1953 825 1981 et
842 1959 992 1981 censere
1010 1959 1072 1982 eos
1090 1967 1130 1973 -
1149 1950 1339 1983 discedere
1355 1951 1380 1983 J
1395 1951 1450 1992 21,
1468 1953 1501 1984 4.
1536 1963 1647 1996 seque

138 1994 184 2027 ad
201 2004 282 2026 eum
300 1994 346 2026 ab
364 1997 495 2027 senatu
511 1994 642 2026 missos
655 1994 784 2035 J25‚5.
816 1994 906 2026 dicit
923 2004 961 2027 se
979 1995 1125 2027 missum
1144 1996 1346 2038 quaesitum
1365 1997 1410 2028 ab
1429 2008 1471 2030 eo
1487 1997 1512 2030 J
1532 1997 1604 2037 109,
1614 1999 1646 2032 2.

135 2039 234 2082 regis
250 2039 373 2072 verbis
389 2039 541 2082 petiere,
561 2039 649 2072 duos
667 2058 709 2063 —-
727 2040 773 2071 ad
791 2050 870 2072 eum
888 2039 1048 2072 mitteret
1062 2041 1087 2073 J
1099 2041 1172 2082 102,
1183 2042 1215 2073 2.
1248 2043 1420 2074 nuntiant
1435 2044 1648 2086 Iugurtham

137 2088 222 2117 ante
240 2095 302 2117 eos
321 2084 530 2117 consedisse
546 2085 570 2118 J
590 2084 664 2126 106,
684 2085 715 2117 5.
740 2098 786 2113 =
808 2085 846 2118 id
863 2085 954 2117 adeo
971 2085 999 2118 O
1017 2084 1071 2126 37,
1090 2085 1122 2118 2.
1144 2086 1195 2118 11.
1220 2087 1245 2119 J
1260 2086 1314 2127 65,
1325 2086 1356 2120 3.
1386 2087 1459 2128 110,
1469 2090 1502 2121 4.
1530 2088 1604 2131 111,
1618 2089 1647 2124 1.

135 2129 276 2162 urbana
292 2129 430 2172 plebes,
450 2140 494 2162 ea
510 2140 598 2163 vero
616 2130 643 2162 C
661 2130 722 2169 37,
740 2131 774 2163 4.
816 2130 1012 2163 secundum
1031 2142 1075 2164 ea
1096 2131 1120 2164 J
1137 2131 1193 2171 14,
1213 2132 1247 2165 3.·
1286 2136 1414 2166 contra
1431 2145 1476 2166 ea
1491 2134 1516 2167 J
1531 2135 1593 2174 57,
1611 2135 1645 2169 5.

135 2173 190 2215 85,
210 2175 242 2207 2.
284 2174 330 2207 ad
347 2175 385 2207 id
401 2174 474 2208 loci
492 2175 520 2207 C
538 2176 593 2216 45,
612 2175 643 2209 3.
687 2193 723 2198 —
745 2194 785 2198 —
803 2175 964 2208 locorum
979 2176 1004 2208 J
1019 2175 1079 2217 63,
1097 2175 1131 2209 6.
1170 2181 1253 2220 post
1269 2178 1306 2210 id
1323 2178 1481 2212 locorum
1496 2181 1522 2213 J
1538 2181 1592 2222 72,
1611 2182 1645 2214 2.

135 2220 223 2253 Post
241 2231 285 2252 ea
301 2220 373 2253 loci
388 2221 412 2253 J
431 2220 505 2260 102,
527 2221 556 2253 1.
579 2233 626 2249 =
650 2232 695 2253 ea
713 2220 855 2254 familia
880 2225 1007 2262 ortum,
1026 2225 1065 2254 ut
1081 2240 1125 2245 —
1142 2221 1169 2255 C
1187 2222 1241 2263 31,
1260 2222 1282 2255 6
1303 2227 1389 2256 conl.
1407 2224 1462 2266 33,
1481 2225 1513 2258 6.
1539 2225 1593 2264 34,
1616 2226 1644 2259 1.

135 2265 197 2306 57,
218 2265 247 2297 l.
273 2266 297 2298 J
313 2264 374 2305 63,
393 2266 426 2298 5.
467 2266 505 2298 111
520 2265 709 2306 laborare,
728 2270 767 2298 ut
784 2266 839 2298 illi
855 2266 1033 2299 deberent
1048 2268 1072 2300 J
1087 2267 1150 2309 96,
1169 2268 1201 2301 2.
1242 2269 1277 2301 111
1297 2271 1358 2312 agi
1375 2274 1416 2302 ut
1432 2289 1474 2294 —-—
1490 2272 1515 2304 J
1530 2272 1591 2312 27,
1611 2273 1645 2305 2.

134 2314 174 2343 ut
193 2328 230 2333 —
252 2321 343 2354 agas
364 2311 402 2343 id
427 2311 518 2343 dono
542 2311 649 2344 datur
673 2315 747 2354 atq.
773 2312 952 2355 accipitur
974 2313 1009 2344 Η
1031 2313 1067 2345 11
1089 2313 1149 2355 41,
1169 2314 1201 2346 5.
1242 2315 1279 2347 id
1301 2316 1405 2348 modo
1430 2316 1645 2360 festinabat,

135 2355 273 2388 Bocchi
288 2366 418 2398 pacem
434 2356 636 2389 inminuere
652 2357 677 2389 J
692 2356 747 2397 81,
766 2357 798 2389 4.
831 2367 904 2390 non
920 2358 958 2390 id
976 2358 1108 2402 agitur,
1126 2359 1279 2392 bonisne
1299 2371 1345 2392 an
1363 2362 1469 2394 malis
1486 2364 1646 2395 moribus

135 2400 400 2441 vivamusC52,
414 2400 466 2433 10.
501 2411 614 2434 suane
633 2412 680 2434 an
696 2402 839 2435 Metelli
855 2403 989 2436 virtute
1006 2405 1156 2446 periret,
1174 2405 1211 2438 id
1228 2407 1333 2438 modo
1352 2408 1488 2449 agitari
1505 2409 1529 2440 J
1547 2408 1600 2450 70,
1611 2409 1644 2441 5.

134 2458 180 2474 z:
203 2446 296 2478 is—
313 2446 371 2488 qui
389 2446 417 2478 C
434 2446 473 2487 2,
492 2447 524 2478 4.
542 2445 575 2479 9.
609 2447 646 2488 5,
666 2447 697 2479 7.
723 2446 762 2488 8,
780 2448 813 2480 4.
839 2447 879 2490 9,
895 2449 928 2481 4.
958 2449 1015 2490 12,
1033 2449 1196 2490 5.13,1.
1223 2450 1329 2491 20,1.
1348 2452 1381 2485 7.
1405 2453 1461 2492 22,
1479 2453 1511 2486 3.
1538 2454 1593 2493 27,
1611 2454 1643 2487 4.

134 2491 190 2532 44,
209 2491 242 2524 5.
267 2490 323 2532 48,
341 2490 374 2524 6.
401 2490 455 2533 50,
475 2491 506 2525 3.
525 2493 557 2524 4.
582 2492 637 2534 51,
657 2493 690 2525 4.
708 2491 741 2525 8.
759 2492 792 2526 9.
817 2493 872 2535 52,
892 2493 923 2527 3.
945 2493 997 2527 13.
1023 2494 1078 2536 58,
1101 2495 1152 2528 17.
1178 2497 1202 2529 J
1218 2496 1250 2537 2,
1269 2497 1301 2529 4.
1327 2497 1360 2537 4,
1378 2496 1410 2529 8.
1435 2497 1468 2537 9,
1487 2498 1519 2531 3.
1549 2498 1642 2539 11,8.

136 2535 189 2578 12,
208 2536 241 2569 3.
270 2536 332 2578 14,
350 2535 383 2569 8.
412 2536 523 2577 17,1.
540 2538 573 2570 2.
591 2537 623 2570 7.
659 2536 864 2579 18,11.12.
890 2539 951 2580 20,
969 2540 1002 2573 2.
1027 2540 1088 2582 23,
1107 2541 1140 2573 2.
1166 2540 1226 2581 30,
1246 2542 1277 2574 4.
1310 2541 1644 2582 31„3.10.12.18,

134 2581 198 2622 33,
218 2582 251 2614 2.
283 2582 343 2623 35,
363 2582 395 2614 7.
428 2581 489 2623 40,
512 2582 542 2615 1.
572 2583 633 2624 41,
656 2583 670 2615 1
696 2583 840 2625 (earum
862 2595 999 2627 rerum,
1026 2596 1119 2628 quae
1143 2588 1260 2629 prima
1284 2587 1457 2620 mortales
1482 2589 1643 2631 ducunt).

134 2627 197 2665 42,
216 2626 237 2660 3
262 2627 329 2667 (ea
346 2638 438 2670 quae
456 2629 640 2662 secundae
658 2640 715 2662 res
734 2633 875 2671 amant,
894 2630 1052 2663 lascivia
1070 2635 1143 2673 atq.
1162 2632 1331 2674 superbia
1348 2632 1533 2666 incessere
1557 2638 1643 2667 conl.

133 2671 168 2703 H
184 2673 235 2704 IV
250 2671 311 2712 61,
330 2671 378 2714 3).
403 2673 463 2711 47,
484 2672 513 2706 1.
538 2672 600 2715 48,
619 2674 649 2708 3.
675 2673 736 2715 49,
758 2674 786 2708 l.
805 2676 837 2707 2.
862 2674 922 2717 56,
944 2676 960 2707 1
986 2676 1044 2717 (111
1070 2686 1114 2708 ea
1138 2680 1240 2718 parte
1265 2687 1336 2718 qua
1354 2679 1425 2709 sita
1452 2683 1532 2711 erat
1555 2683 1642 2713 conl.

133 2716 239 2757 59,1.
265 2716 319 2758 93,
338 2717 386 2759 6).
411 2717 516 2756 61,1.
542 2718 604 2760 64,
622 2721 655 2752 2.
680 2719 740 2758 65,
757 2720 790 2752 2.
815 2719 871 2759 66,
891 2721 920 2753 1.
946 2720 1058 2760 69,1.
1083 2720 1144 2760 85,
1162 2720 1193 2753 3.
1212 2720 1245 2753 8.
1271 2721 1331 2761 86,
1351 2722 1384 2754 5.
1413 2722 1486 2764 101,
1505 2723 1537 2757 8.
1567 2725 1641 2767 102,

137 2761 188 2794 15.
218 2761 297 2801 105,
315 2762 348 2795 4.
383 2762 464 2804 108,
483 2762 515 2796 3.
550 2763 632 2806 113,
651 2764 682 2798 3.
716 2765 751 2797 H
774 2766 791 2798 Ι
816 2765 879 2806 41,
898 2765 930 2798 3.
964 2765 1024 2806 48,
1047 2765 1076 2797 1.
1095 2766 1128 2797 5.
1150 2765 1202 2797 10.
1234 2765 1339 2799 Ι163.
1370 2768 1426 2800 111
1448 2768 1508 2810 61,
1529 2770 1560 2802 7.
1586 2771 1641 2805 63.

132 2807 183 2839 IV
199 2806 254 2846 61,
277 2807 327 2840 10.
345 2807 401 2840 20.
436 2809 497 2851 qui
511 2826 557 2832 —
571 2810 603 2842 is
621 2810 649 2842 C
669 2809 720 2848 10,
738 2811 771 2842 2.
801 2810 852 2851 14,
872 2811 892 2841 2
909 2815 942 2842 et
959 2810 991 2843 3.
1017 2810 1073 2850 37,
1091 2810 1123 2842 5.
1156 2810 1213 2851 51,
1237 2810 1288 2843 10.
1311 2812 1362 2844 12.
1385 2813 1436 2846 14.
1462 2814 1517 2848 43.
1543 2815 1641 2857 61,2.

133 2852 157 2883 J
176 2852 227 2892 14,
245 2851 278 2885 9.
299 2852 351 2886 12.
377 2852 431 2892 76,
449 2851 481 2886 6.
508 2853 562 2895 79,
581 2855 614 2887 4.
639 2854 701 2895 85,
723 2855 774 2886 11.
797 2854 848 2888 13.
866 2855 920 2887 25.
938 2855 993 2887 42.
1019 2855 1055 2886 Η
1072 2856 1090 2887 Ι
1106 2855 1160 2897 41,
1180 2856 1208 2889 1.
1233 2855 1288 2896 48,
1313 2857 1338 2890 1.
1360 2857 1409 2890 18.
1452 2861 1530 2893 eius
1547 2863 1644 2895 modi

136 2897 198 2938 qui
215 2896 242 2929 C
259 2897 314 2936 51,
333 2896 388 2930 32.
423 2909 467 2931 ex
483 2909 527 2932 eo
543 2909 691 2932 numero
709 2900 769 2942 qui
784 2900 807 2932 J
825 2898 878 2938 35,
898 2899 920 2931 6
935 2902 1021 2932 conl.
1038 2898 1092 2940 38,
1111 2899 1144 2933 6.
1182 2912 1227 2934 ea
1243 2903 1375 2945 gratia,
1396 2906 1489 2948 quod
1504 2907 1529 2940 J
1544 2908 1588 2940 54
1610 2909 1643 2944 5.

135 2940 190 2984 80,
209 2941 240 2974 4.
282 2942 317 2974 {a
336 2943 429 2985 quod
447 2943 475 2976 c
493 2943 546 2986 14,
569 2944 598 2977 1.
624 2943 680 2985 30,
697 2945 731 2976 2.
755 2944 810 2984 51,
828 2943 882 2977 20.
906 2945 1001 2986 J47,
1019 2945 1052 2979 2.
1078 2945 1132 2988 56,
1154 2945 1183 2980 1.
1211 2946 1286 2991 102,
1307 2947 1360 2984 15.
1591 2934 1598 2950 ⁷
