1826 3268
594 259 893 289 ms'rORIARVM
920 257 1002 288 me.
1030 258 1045 287 1
1073 252 1131 290 48.
1576 239 1628 285 17

47 369 86 402 11
113 363 417 404 subvortundae.
478 364 615 415 Agitur
644 363 747 402 enim
778 374 824 402 ac
844 356 1052 402 ‘laceratur
1091 362 1208 401 animi
1238 360 1418 411 cupidine
1442 364 1481 399 et
1508 372 1628 399 noxa-

113 444 201 472 rum
229 437 356 477 metu,
389 443 530 484 expers
559 430 706 475 consili,
733 430 905 481 inquies,
941 425 1038 469 haec
1067 435 1183 481 atque
1210 428 1274 467 illa
1305 417 1516 479 temptans,
1547 440 1629 467 me-

113 501 185 539 tuit
214 501 335 539 otium
364 501 445 539 odit
474 498 634 543 bellum,
665 497 759 537 luxu
789 503 905 550 atque
934 497 1086 537 licentia
1117 497 1331 536 carendum
1358 496 1462 536 videt
1487 518 1544 524 —
1572 500 1628 535 at—

46 575 89 608 12
114 581 190 620 que
216 569 370 607 interim
399 566 571 606 abutitur
600 566 950 607 vostrasocordia.
997 565 1131 617 Neque
1153 564 1247 603 mibi
1274 565 1366 616 satis
1394 564 1528 604 consili
1558 568 1627 609 est,

81 640 258 675 *metum
293 647 342 673 an
378 635 570 684 ignaviam
607 645 655 672 an
696 633 929 672 dementiam
966 646 1050 672 eam
1088 631 1298 683 adpellem:
1333 633 1412 684 qui
1447 632 1662 672 videminis

110 704 306 742 intuentes
334 701 435 741 mala
471 702 581 753 quasi
619 700 766 740 fulmen
799 705 935 751 optare
976 713 1018 740 se
1051 701 1215 752 quisque
1250 712 1300 739 ne
1337 700 1529 750 adtingat,
1571 703 1629 739 set

43 778 85 812 13
109 770 321 822 prohibere
348 783 396 810 ne
428 770 561 809 conari
588 769 758 821 q‘uidem.
819 769 867 808 Et
907 781 1052 820 quaeso
1087 768 1351 813 considerate,
1392 780 1508 819 quam
1536 780 1629 807 con-

110 850 219 877 vorsa
252 850 385 877 rerum
413 842 551 877 natura
581 838 640 876 sit.
701 837 822 876 Antea
859 835 1005 876 malum
1045 836 1245 888 publicum
1276 836 1449 881 occulte,
1488 835 1628 875 auxilia

109 906 235 958 palam
266 905 562 945 instruebantur
592 910 630 944 ct
667 918 713 944 eo
748 905 841 943 boni
867 904 989 943 malos
1019 904 1131 944 facile
1157 904 1374 944 anteibant:
1414 916 1519 943 nunc
1554 916 1629 955 pax

109 979 147 1013 et
177 975 386 1013 concordia
415 973 685 1013 disturbantur
714 960 862 1024 palam,
894 973 1158 1012 defenduntur
1188 972 1360 1012 occulte:
1398 971 1539 1024 quibus
1565 972 1674 1013 illam

43 1049 84 1081 14
109 1041 264 1093 placent
294 1043 332 1081 in
361 1042 480 1081 armis
511 1046 621 1085 sunt,
661 1053 728 1080 vos
755 1042 793 1080 in
824 1046 943 1080 metu.
1004 1040 1104 1086 Quid
1142 1041 1377 1092 expectatis?
1414 1041 1487 1079 nisi
1527 1039 1628 1078 sorte

108 1110 228 1161 pudet
258 1114 325 1149 aut
354 1110 460 1160 piget
489 1113 596 1148 recte
623 1109 765 1148 facere.
823 1109 880 1147 An
908 1108 1043 1160 Lepidi
1069 1109 1250 1149 mandata
1275 1110 1424 1148 animos
1446 1109 1629 1147 movere?

107 1178 174 1228 qui
202 1177 358 1228 placere
390 1178 442 1215 ait
471 1188 541 1215 sua
563 1177 702 1228 cuique
723 1176 835 1222 reddi
866 1181 903 1215 et
936 1176 1060 1216 aliena
1081 1181 1198 1222 tenet,
1230 1176 1321 1216 belli
1352 1178 1438 1233 iura
1458 1176 1630 1215 rescindi

107 1257 197 1283 cum
225 1246 308 1295 ipse
340 1246 458 1285 armis
488 1248 620 1294 cogat,
660 1245 852 1283 civitatem
883 1245 1107 1284 confirmari
1138 1244 1279 1296 quibus
1308 1245 1528 1295 ademptam
1559 1250 1627 1283 ne·

106 1317 182 1362 gat,
215 1313 446 1351 concordiae
475 1313 598 1362 gratia
623 1311 751 1364 plebei
772 1312 1021 1351 tribuniciam
1047 1317 1278 1363 potestatem
1302 1312 1453 1351 restitui
1482 1325 1529 1351 ex
1550 1325 1624 1364 qua
1642 1329 1672 1354 15

43 1390 83 1422 15
108 1392 245 1420 omnes
282 1380 499 1425 discordiae
538 1380 741 1420 adcensae.
801 1380 987 1420 Pessume
1022 1381 1195 1420 omnium
1234 1385 1350 1432 atque
1386 1381 1628 1432 inpudentis-

105 1461 228 1492 sume‚
257 1448 377 1488 tibine
397 1452 549 1500 egestas
573 1449 713 1487 civium
745 1455 782 1487 et
808 1447 936 1487 luctus
957 1461 1075 1488 curae
1103 1453 1205 1494 sunt,
1238 1450 1301 1488 cui
1321 1448 1416 1488 nihil
1441 1453 1499 1488 est
1522 1449 1628 1489 domi

96 1517 178 1556 'nisi
206 1517 326 1556 armis
361 1521 518 1568 partum
564 1521 630 1556 aut
666 1528 738 1568 per
772 1517 980 1556 iniuriam?
1038 1517 1214 1556 Alterum
1247 1516 1492 1556 consulatum
1528 1518 1627 1569 petis

106 1585 216 1636 quasi
245 1586 416 1636 primum
442 1584 672 1630 reddideris,
703 1583 806 1624 bello
837 1584 1090 1624 concordiam
1120 1586 1277 1637 quaeris
1307 1597 1385 1637 quo
1409 1590 1520 1636 parta
1551 1586 1626 1625 dis-

105 1651 299 1697 turbatur,
329 1642 452 1692 nostri
482 1652 672 1703 proditor,
701 1653 783 1692 istis
803 1654 956 1699 infidus,
987 1653 1109 1693 hostis
1128 1654 1302 1692 omnium
1321 1653 1531 1693 bonorum.
1576 1655 1625 1694 Ut
1638 1670 1671 1696 20

106 1723 144 1758 te
172 1732 301 1771 neque
326 1720 529 1759 hominum
557 1732 685 1771 neque
716 1721 882 1760 deorum
909 1722 1040 1773 pudet,
1074 1734 1172 1773 quos
1201 1733 1272 1772 per
1298 1722 1415 1761 fidem
1446 1727 1511 1761 aut
1537 1735 1626 1774 per-

42 1798 82 1830 16
106 1788 206 1826 iurio
242 1787 405 1827 violasti!
464 1787 538 1834 Qui
559 1788 720 1839 quando
748 1788 836 1827 talis
866 1802 926 1834 es,
962 1801 1122 1828 maneas
1159 1791 1197 1828 in
1236 1791 1426 1829 sententia
1464 1795 1502 1829 et
1533 1792 1625 1831 reti-

104 1867 198 1894 neas
228 1867 335 1894 arma
371 1860 409 1895 te
444 1855 602 1901 hortor,
643 1869 720 1896 neu
760 1856 998 1907 prolatandis
1023 1857 1298 1902 seditionibus,
1335 1859 1486 1909 inquies
1527 1859 1624 1909 ipse,

103 1935 177 1961 nos
205 1924 242 1962 in
273 1923 530 1962 sollicitudine
569 1924 755 1964 adtineas.
823 1924 957 1977 Neque
992 1929 1030 1964 te
1059 1926 1301 1976 provinciae,
1341 1937 1469 1976 neque
1504 1926 1624 1976 leges,

103 2002 231 2042 neque
262 1991 325 2030 dei
356 1995 516 2042 penates
544 1992 667 2031 civem
696 1993 908 2044 patiuntur.
966 1993 1092 2044 Perge
1118 2006 1191 2045 qua
1222 1997 1398 2045 coeptaS,
1435 1998 1477 2033 ut
1507 2007 1622 2046 quam
1637 2010 1669 2036 25

103 2063 346 2098 maturrume
376 2060 513 2098 merita
543 2060 726 2100 invenias.

39 2136 79 2169 ιτ
218 2125 294 2193 Vos
319 2131 460 2173 autem,
489 2132 621 2179 patres
643 2116 864 2180 conscripti,
895 2141 972 2181 quo
996 2141 1120 2180 usque
1142 2129 1360 2168 cunctando
1390 2142 1473 2168 rem
1496 2130 1622 2181 publi-

104 2206 189 2234 cam
220 2195 382 2234 intutam
409 2196 607 2246 patiemini
645 2201 684 2235 et
721 2197 849 2236 verbis
888 2208 995 2236 arma
1035 2197 1297 2248 temptabitis‘?
1350 2197 1520 2237 Dilectus
1555 2199 1622 2238 ad-

102 2274 258 2301 vorsum
289 2275 356 2301 vos
384 2263 516 2308 habiti,
547 2265 736 2314 pecuniae
762 2265 918 2316 publice
950 2269 987 2304 et
1009 2266 1187 2316 privatim
1210 2260 1395 2310 extortae,
1430 2267 1621 2317 praesidia

217 2374 268 2407 15.
301 2376 416 2408 Prisc.
442 2377 492 2408 VI
516 2388 550 2419 p.
576 2376 642 2409 243
666 2378 714 2409 H.
740 2379 905 2410 invenitur
929 2380 1027 2410 eliam
1053 2379 1178 2420 ‘plebaeie
1201 2374 1337 2420 plebei.
1385 2378 1564 2413 Sallustius
1587 2382 1620 2412 in

101 2420 375 2506 ξιεζιὲἶιίιῖἶξατηιηυ
399 2421 521 2463 plebei
545 2423 778 2455 tribuniciam
802 2428 1022 2465 potestatem
1049 2425 1138 2464 (nam
1165 2424 1279 2466 ‘plebs'
1306 2425 1432 2466 ‘plebis
1454 2426 1542 2466 facit
1563 2437 1620 2468 ye-

106 2589 135 2622 1.
162 2589 283 2632 agitur
306 2589 350 2625 Q.
401 2591 546 2633 angitur
570 2594 602 2624 in
625 2593 704 2624 Vat.
723 2593 743 2624 2
768 2604 841 2625 esse
865 2594 1026 2626 traditur.
1052 2612 1095 2616 —
1121 2594 1163 2625 5.
1179 2593 1354 2626 videmini
1378 2595 1498 2626 itanta
1522 2595 1618 2627 mala

101 2634 145 2669 Q.
193 2635 366 2667 videmini
391 2637 533 2668 intenta
558 2637 655 2670 mala
679 2641 723 2670 al.
765 2638 940 2671 videmini
964 2642 1068 2671 tanta
1094 2639 1192 2671 mala
1210 2638 1268 2671 Or.
1312 2641 1339 2671 Γ
1337 2641 1462 2690 misen-i
1476 2639 1617 2671 intuen-

102 2684 157 2711 tes
181 2680 278 2712 mala
302 2692 453 2714 ηιατιηηε
477 2682 518 2714 ob
542 2685 646 2714 locum
669 2684 839 2716 Demos-tlt.
865 2684 952 2716 Phil.
977 2685 1030 2716 111
1047 2683 1090 2716 33
1107 2696 1141 2726 p.
1163 2683 1244 2715 119:
1271 2677 1357 2715 ἄλλ’
1381 2676 1480 2726 ὅμως
1497 2679 1619 2716 ταῦθ’

101 2721 302 2767 ὁρῶντες
327 2722 366 2761 οἱ
378 2719 556 2769 Ελληνες
580 2720 781 2770 οἷνέχονται
805 2726 871 2762 καὶ
901 2724 968 2761 τὸν
998 2723 1116 2761 αυτὸν
1146 2723 1287 2780 τρόπον
1311 2738 1433 2778 ωσπερ
1458 2724 1529 2781 τὴν
1553 2724 1618 2772 χοὶ-

101 2769 218 2810 λαζαν
244 2767 368 2825 ἔμοιγε
394 2771 549 2805 δοκοῦσι
575 2773 799 2815 θεωρεῖν,
826 2768 1022 2817 ευχόμενοι
1047 2785 1097 2817 μη
1088 2767 1215 2806 καθ’
1241 2768 1398 2811 ἑαυτοὺς
1422 2770 1616 2816 γενέσθαι,

100 2811 260 2848 κωλύειν
285 2813 325 2848 δ’
350 2811 478 2855 ου’ὃεὶς
503 2812 647 2861 ἐπιχειρ
649 2829 714 2851 ων.
747 2838 788 2842 -
822 2819 855 2852 6.
882 2824 939 2851 set
962 2819 1006 2854 ³23.
1034 2837 1076 2841 —
1111 2819 1160 2850 15.
1187 2818 1310 2860 plebei
1334 2830 1397 2851 om.
1422 2818 1466 2854 2).
1491 2837 1536 2843 ——
1559 2820 1615 2852 24.

102 2861 270 2893 adtineas
295 2860 338 2896 23.
371 2881 413 2885 —
446 2863 500 2895 25.
528 2863 577 2895 dii
602 2863 644 2898 B.
695 2864 956 2896 Smibmzdnmne
987 2869 1057 2895 eet:
1089 2874 1204 2905 nequo
1237 2868 1274 2895 te
1305 2864 1515 2906 provinciae
1540 2876 1615 2898 ma-

102 2906 292 2947 gistratum
318 2917 435 2949 neque
460 2908 563 2950 leges
588 2919 704 2950 neque
731 2910 789 2941 dei
814 2914 968 2960 pei-lates
994 2909 1134 2941 civem?
1204 2913 1354 2951 coeptas
1371 2908 1414 2944 ΞΒ.
1463 2910 1616 2953 coepisti

105 2950 198 2982 Cort.
222 2968 265 2974 —-
288 2951 579 2985 26.matur1·ime
605 2953 648 2988 Q.
699 2954 941 2986 maturissime
966 2955 1044 2985 edd.
1070 2972 1114 2976 —
1137 2952 1192 2985 28.
1220 2954 1374 2986 dilectus
1399 2954 1442 2989 Q.

194 3016 652 3053 Sannnsw.nn.D1msca.
701 3021 747 3053 H.
1290 3035 1296 3038 ·
1323 3011 1348 3050 2
