1826 3282
175 237 228 280 82
635 246 935 274 msTomARvM
968 246 1049 272 Lm.
1082 245 1133 272 111
1163 239 1220 276 61.

177 358 233 395 et,
269 361 367 401 quae
407 349 499 387 iussi
525 359 630 386 nune
659 358 731 397 pro
759 346 842 386 aliis
873 345 1069 391 tolerati&
1107 358 1180 396 pro
1222 346 1330 385 vobis
1368 357 1485 397 agere
1523 351 1699 386 autnon

179 429 296 467 agere
324 419 430 453 certo
461 415 628 464 possitis,
662 415 791 453 lovem
824 418 890 453 aut
919 413 1038 453 alium
1061 425 1177 465 quem
1200 413 1316 452 deum
1342 413 1604 453 consultorem
1630 425 1698 452 ex-

180 483 365 534 pectatis?
424 481 562 531 Magna
592 481 654 520 illa
686 481 890 520 consulum
917 482 1066 532 inperIa
1093 485 1132 520 et
1155 485 1311 532 patrum
1332 482 1490 520 decreta
1521 493 1587 520 vos
1610 493 1700 520 exe·
1730 485 1769 519 16

181 549 337 601 quendo
367 553 451 587 rata
484 549 652 593 efficitis,
696 547 884 594 Quirites,
925 548 1107 600 ultroque
1146 548 1341 588 licentiam
1380 549 1419 588 in
1447 560 1515 586 vos
1542 552 1699 587 auctum

151 620 296 667 satque
325 617 499 655 adiutum
531 617 765 666 properatis.
834 615 970 667 Neque
1007 627 1080 666 ego
1108 628 1176 655 vos
1205 616 1328 655 ultum
1360 617 1521 655 iniurias
1550 616 1700 660 hortor,
1732 622 1769 654 17
1799 644 1806 648 -

179 684 303 732 magis
346 684 402 722 uti
431 684 609 734 requiem
641 684 820 734 capiatis:
859 695 988 734 neque
1019 684 1253 728 discordias,
1284 688 1326 722 ut
1350 682 1405 722 illi
1432 684 1701 727 criminantur,

180 755 239 789 set
270 762 407 789 earum
437 751 554 790 finem
585 750 719 790 volens
750 751 834 789 iure
864 751 1037 800 gentium
1060 762 1125 792 res
1146 750 1287 801 ‘repeto
1310 755 1358 795 et,
1391 752 1423 790 si
1451 750 1704 802 pertinaciter

181 817 429 863 retinebunt,
451 830 529 856 non
551 830 658 857 arma
681 829 810 868 neque
839 819 1113 862 secessionem,
1147 822 1297 856 tantum
1326 818 1445 856 modo
1469 830 1518 857 ne
1538 816 1705 869 amplius

182 886 412 935 sanguinem
451 889 624 924 vostrum
660 884 881 936 praebeatis
919 884 1101 924 censebo.
1170 886 1318 924 Gerant
1350 885 1597 936 habeantque
1633 895 1704 923 suo
1732 888 1773 922 18

138 966 169 992 ιο
183 952 300 991 modo
329 953 491 1004 inperia,
524 956 715 1003 quaerant
740 952 971 1003 triumplioS,
1004 949 1286 997 Mithridatem,
1320 953 1537 992 Sertorium
1569 956 1606 991 et
1641 963 1705 990 re-

184 1019 323 1071 liquias
354 1020 511 1059 exulum
539 1009 828 1071 persequantur
863 1031 951 1059 cum
980 1019 1211 1070 imaginibus
1230 1021 1334 1060 suis:
1368 1019 1467 1059 absit
1489 1018 1707 1071 periculum

184 1077 223 1126 et
251 1087 361 1126 labos
391 1087 532 1139 quibus
564 1086 669 1126 nulla
699 1099 791 1138 pars
827 1087 976 1126 fructus
1015 1091 1085 1126 est.
1146 1086 1226 1126 Nisi
1263 1087 1362 1126 forte
1400 1087 1606 1139 repentina
1633 1086 1706 1124 ista
1733 1093 1776 1126 19

184 1153 440 1209 frumentaria
470 1155 556 1205 lege
580 1155 712 1193 munia
738 1158 863 1193 vostra
895 1158 1132 1204 pensantur:
1166 1166 1242 1205 qua
1265 1158 1395 1193 tamen
1420 1155 1547 1205 quinis
1570 1153 1709 1192 modiis

183 1221 402 1261 libertatem
431 1223 606 1261 omnium
636 1210 916 1266 aestumavere‚
949 1223 1015 1273 qui
1044 1222 1222 1272 profecto
1251 1234 1329 1260 non
1360 1221 1527 1272 amplius
1548 1223 1710 1272 possunt

147 1304 163 1328 5
185 1289 377 1328 alimentis
415 1289 596 1329 carceris.
658 1288 854 1340 Namque,
898 1292 940 1328 ut
978 1288 1050 1327 illis
1091 1289 1299 1339 exiguitate
1334 1300 1443 1327 mors
1474 1287 1709 1339 prohibetur

186 1361 396 1395 senescunt
425 1358 546 1401 vires,
585 1356 653 1395 sic-
675 1367 803 1408 neque
840 1355 1002 1395 absolvit
1041 1369 1134 1395 cura
1176 1355 1355 1394 familiari
1386 1359 1465 1395 tam
1497 1365 1711 1407 parva-res

188 1427 226 1462 et
256 1414 382 1474 ignavi
413 1425 602 1474 cuiusque
628 1424 889 1462 tenuissumas
918 1435 1008 1473 spes
1036 1423 1270 1462 frustratur:
1310 1435 1385 1474 qna
1416 1427 1546 1462 tamen
1576 1432 1710 1473 quam·
1733 1429 1778 1462 20

187 1491 244 1529 vis
274 1490 421 1541 ampla,
460 1491 643 1542 quoniam
675 1491 805 1529 serviti
833 1491 1003 1540 pretium
1035 1494 1317 1535 ostentaretur,
1359 1491 1469 1529 cuius
1495 1489 1711 1540 torpedinis

188 1562 272 1597 erat
302 1558 426 1608 decipi
450 1563 487 1597 et
516 1561 736 1596 vostrarum
768 1570 902 1597 rerum
922 1557 1026 1596 ultro
1056 1558 1220 1597 iniuriae
1242 1558 1405 1608 gratiam
1427 1557 1598 1596 debere?
1638 1555 1708 1595 Ca-

144 1639 178 1666 29
192 1625 340 1664 vendus
371 1625 485 1665 dolus
517 1630 585 1664 est.
647 1625 822 1676 Namque
853 1624 927 1664 alio
958 1625 1075 1664 modo
1108 1637 1234 1676 neque
1265 1624 1394 1663 valent
1423 1625 1462 1663 in
1493 1625 1708 1668 univorsos,
1734 1635 1772 1667 21

190 1704 317 1743 neque
350 1693 610 1732 conabuntur.
671 1692 803 1743 ltaque
834 1692 948 1731 simul
988 1696 1204 1744 conparant
1240 1691 1498 1731 delenimenta
1536 1696 1574 1730 et
1603 1691 1711 1730 diffe-

303 1793 334 1824 5.
361 1793 465 1825 Arus.
486 1805 519 1836 p.
539 1793 623 1825 234:
642 1794 779 1825 Hortor
795 1793 869 1825 illos
882 1793 1018 1834 saccum,
1037 1794 1068 1825 Ιι.
1088 1804 1117 1826 e.
1132 1794 1260 1835 factum
1277 1796 1340 1826 z're.
1379 1792 1505 1825 Salust.
1524 1793 1618 1825 Hist.
1637 1791 1711 1823 111:

191 1847 308 1879 neque
333 1848 398 1870 vos
422 1838 538 1870 ultum
562 1838 715 1870 iniurias
738 1837 874 1870 hortor.

190 1938 201 1969 l
280 1881 345 1970 22.
361 1893 466 1926 Arus.
492 1905 527 1936 p.
554 1893 637 1927 243:
670 1894 753 1926 leave
779 1896 867 1926 illam
890 1905 970 1926 rem.
1000 1912 1038 1916 —-
1064 1893 1191 1927 Salust.
1219 1876 1309 1927 Hist.
1336 1894 1410 1931 111:
1436 1892 1626 1926 kavendus
1651 1892 1712 1925 ‹10-

207 1948 246 1970 us
272 1948 310 1970 es
331 1963 338 1970 .
1691 1945 1702 1950 ”

195 2061 223 2092 l.
261 2061 362 2093 iussa
400 2061 488 2093 libri.
545 2060 705 2099 Quoniam
737 2062 837 2094 iussa
867 2060 1026 2103 tolerare
1059 2072 1121 2104 quo
1145 2064 1242 2095 modo
1275 2063 1345 2093 (liei
1369 2065 1504 2104 posset,
1538 2071 1603 2093 non
1632 2069 1712 2102 per-

190 2109 310 2147 speoez’,
342 2106 432 2137 iussi
456 2107 611 2138 eonreaei.
644 2123 686 2128 —
719 2105 751 2138 3.
786 2106 1015 2147 exsequendo
1047 2105 1090 2140 Q.
1123 2124 1165 2129 —
1196 2106 1229 2138 6.
1263 2107 1421 2148 capiatis
1454 2105 1498 2140 ffi-
1555 2105 1713 2148 cupiatis

192 2161 293 2182 norm.
319 2151 396 2182 edd.
424 2167 471 2173 ——·
490 2149 522 2181 9.
551 2150 708 2182 censebo
733 2149 776 2184 23.
828 2160 960 2182 censeo
988 2151 1081 2182 Cort.
1105 2169 1150 2173 —
1177 2150 1228 2183 10.
1255 2151 1425 2183 triumfos
1442 2150 1485 2185 23.
1511 2169 1552 2173 —
1583 2149 1634 2182 12.
1660 2150 1713 2182 la-

192 2195 258 2226 bos
282 2192 326 2228 Q.
362 2211 407 2217 -—-
444 2193 496 2226 13.
522 2195 779 2227 Frumentaria
803 2194 863 2227 lex
889 2198 944 2227 est
960 2196 1138 2228 Terentia
1164 2196 1295 2228 Cassia
1323 2206 1356 2228 a.
1375 2196 1418 2227 74
1435 2195 1592 2238 perlata.
1635 2194 1712 2226 Cic.

191 2239 229 2270 in
252 2239 355 2270 Verr.
381 2239 438 2271 ΙΙΙ
462 2238 517 2278 70,
546 2238 620 2272 163.
647 2240 679 2272 V
702 2239 758 2280 21,
785 2240 839 2272 52.
880 2240 1043 2272 Momms.
1070 2241 1116 2272 H.
1144 2241 1187 2273 R.
1212 2242 1265 2272 III
1288 2252 1322 2283 p.
1349 2239 1404 2272 85.
1476 2241 1561 2282 quin
1585 2240 1616 2271 is
1641 2249 1713 2271 mo·
1736 2255 1750 2259 ⁴

128 2324 132 2327 ἡ
192 2283 247 2315 dis
273 2281 316 2317 Q.
343 2301 387 2305 —
414 2282 465 2315 16.
494 2284 634 2316 absolvi
659 2283 703 2319 23.
728 2303 774 2307 —
800 2283 851 2317 17.
878 2285 1003 2327 ignam
1029 2286 1205 2328 quiusque
1228 2286 1463 2318 tenuissimas
1479 2295 1545 2327 per
1562 2284 1714 2316 frustra-

191 2330 250 2360 tur
273 2326 317 2361 Q.
366 2328 519 2370 ignavos
545 2329 695 2370 quis'que
713 2330 928 2362 tenuissima
953 2340 1016 2372 spe
1043 2330 1263 2362 frustrantur
1282 2331 1374 2363 θον-ι.
1393 2334 1531 2363 anctore
1549 2329 1714 2361 Puteano.

191 2372 379 2415 ignaviam
406 2374 579 2415 cuiusque
606 2374 820 2406 tenuissima
851 2385 915 2417 spe
948 2375 1145 2407 frustratur
1171 2375 1228 2407 Or.
1259 2374 1354 2407 1840.
1407 2375 1483 2408 Cum
1506 2384 1624 2416 neque
1651 2373 1713 2406 ab·

193 2416 302 2450 solvit
333 2428 420 2449 eura
453 2418 628 2450 familiari
659 2424 778 2460 aperte
810 2421 1019 2460 respondeat
1048 2421 1099 2452 illi
1128 2423 1324 2453 senescunt
1354 2421 1469 2460 vires,
1504 2421 1606 2452 alteri
1634 2429 1714 2451 vero

193 2471 289 2494 mors
314 2462 527 2504 prohibetur
551 2464 636 2495 nihil
649 2468 742 2495 recte
760 2464 884 2506 obponi
895 2466 1006 2506 possit
1022 2467 1090 2497 nisi
1103 2466 1181 2497 talis
1197 2468 1385 2498 sententia:
1412 2468 1448 2497 et
1472 2467 1595 2497 tamen
1612 2473 1714 2506 spem

194 2507 375 2548 quandam
402 2506 485 2547 alit,
518 2517 560 2539 ea
590 2512 698 2539 aulem
728 2511 842 2540 mellus
872 2510 1086 2551 eoeprz‘matur
1119 2513 1152 2542 si
1172 2514 1239 2542 tam
1261 2521 1371 2552 parva
1394 2520 1451 2542 res
1474 2520 1567 2551 spem
1590 2509 1712 2551 ignavi,

194 2561 290 2593 quam
313 2553 344 2583 si
366 2555 516 2593 ignavum
538 2562 600 2593 spe
620 2553 791 2593 frustrari
813 2555 954 2591 dicatur,
980 2571 1026 2577 —
1048 2557 1177 2587 scilieet
1202 2555 1323 2587 acerbe
1349 2555 1472 2587 Macer
1495 2556 1595 2586 talem
1620 2563 1714 2595 spem

193 2597 331 2638 iynavos
354 2600 480 2628 tantum
502 2597 627 2629 habere
650 2607 751 2639 posse
774 2599 941 2640 significat
966 2603 999 2630 et
1024 2609 1106 2641 spes
1133 2599 1329 2631 frustratur
1353 2601 1452 2637 dixit,
1478 2602 1625 2631 eventum
1647 2608 1713 2640 pro

193 2642 270 2682 ipsa
285 2651 324 2673 re
340 2651 590 2674 conmemorans
606 2659 659 2680 -,
685 2645 854 2684 eyreyz'am
881 2643 1040 2675 Gronovii
1054 2645 1287 2682 coniecturam,
1315 2654 1400 2686 quae
1423 2653 1589 2685 proxume
1611 2644 1657 2675 ad
1679 2641 1713 2677 Β

192 2686 396 2727 scripturam
427 2687 578 2724 adeedz'l,
605 2687 819 2728 probandam
848 2698 978 2720 censeo.
1051 2698 1143 2730 quae
1175 2689 1254 2721 libri
1260 2701 1272 2726 ;
1305 2699 1376 2730 qua
1407 2689 1560 2720 Faernus
1591 2689 1633 2720 de
1664 2687 1712 2728 ej,

195 2747 237 2754 ——
272 2729 323 2763 19.
350 2730 444 2762 ultro
468 2731 602 2764 iniuria
626 2730 669 2766 ἕξ.
717 2732 836 2764 inulta
859 2732 992 2764 iniuria
1017 2733 1137 2773 Mo'lzly
1161 2733 1204 2764 N.
1229 2734 1274 2765 A.
1299 2733 1470 2771 LXXVLI
1493 2744 1528 2775 p.
1555 2732 1610 2765 80.
1659 2732 1712 2764 ina

194 2775 311 2807 iuriae
329 2776 441 2808 Kritz.
466 2780 580 2813 reete;
603 2779 772 2809 sententia
793 2779 878 2809 em‘m
901 2781 971 2809 est:
991 2788 1057 2818 pro
1082 2778 1191 2815 rebus,
1219 2788 1303 2820 quae
1320 2782 1454 2810 vostrae
1477 2782 1567 2819 sunt,
1593 2778 1642 2810 eis
1658 2777 1716 2820 qui

194 2820 319 2852 iniuria
342 2820 433 2852 vobis
449 2823 607 2862 eripuere
629 2826 661 2854 et
686 2832 771 2854 nune
788 2822 910 2854 iniuria
926 2823 1067 2854 minutas
1084 2823 1240 2861 reddunt,
1263 2826 1410 2864 ,qratiam
1427 2822 1563 2854 debere.
1589 2840 1633 2844 ——
1655 2820 1711 2854 20.

196 2865 399 2941 cavendlusb
411 2864 515 2897 dolus
548 2869 603 2898 est
633 2866 711 2899 libri
738 2871 817 2908 post
847 2867 1010 2908 Namque
1038 2885 1077 2890 ——
1109 2867 1334 2900 conabuntur
1365 2867 1537 2900 exhibent.
1590 2867 1715 2899 Trans·
1775 2860 1786 2871 ‘

191 2911 305 2948 posuit
353 2910 380 2941 'a
403 2912 484 2941 rim.
693 2923 697 2926 ·
