1852 3294
248 217 327 261 ‘250
931 233 1063 260 mnsx

291 335 419 367 invado.
451 334 631 366 Romanos
647 333 671 366 J
686 332 740 374 49,
761 333 792 367 3.
818 333 871 374 50,
891 333 911 366 3
928 336 1013 367 conl.
1031 333 1086 374 59,
1097 334 1127 366 2.
1152 333 1206 375 97,
1223 333 1254 367 3.
1279 333 1333 375 98,
1353 334 1381 367 1.
1411 334 1525 376 101,4.
1535 335 1567 369 5.
1593 336 1628 368 Η
1641 335 1744 370 1140.

248 381 296 412 IV
315 380 367 412 44.
392 389 485 421 pass.
510 379 533 411 J
550 378 609 416 87,
627 379 658 410 4.
688 378 768 418 103,
788 378 819 411 6.
863 390 969 422 agros
991 380 1026 411 H
1043 380 1079 412 II
1096 378 1150 412 29.
1177 378 1260 413 i46.
1301 383 1421 413 castra
1443 381 1467 413 J
1489 381 1550 422 21,
1568 382 1599 413 2.
1633 380 1693 423 58,
1715 381 1744 415 1.

248 424 328 455 finis
345 425 367 456 J
384 424 437 461 20,
455 424 486 456 3.
521 424 647 456 urbem
664 424 698 456 Π
715 424 732 456 1
749 424 804 463 48,
825 424 874 456 10.
903 425 914 456 i
931 425 986 457 25.
1007 435 1101 467 pass.
1127 425 1411 458 invadendarum
1429 429 1604 459 terrarum
1614 423 1697 463 Ἠ,ΙΙ
1710 426 1743 459 6.

245 479 395 552 fre-{2¹¹3}
415 468 947 554 33?z.a¹¹1¹..‘32.{..{3.;.{2³33}ss
951 470 1047 558 (1.ἳὲ
1051 471 1213 548 Ξῖἓὲιηῑζ
1229 469 1336 556 39126,
1352 471 1744 549 ἑῗ”’;.ζῖἷὲᾶ11ῗ.ῗῑ.ῗέ

246 558 315 590 lem
333 559 357 590 J
378 558 432 599 13,
456 559 484 591 l.
511 559 571 600 35,
589 558 622 591 9.
652 558 724 599 106,
745 559 766 591 6
788 562 873 600 conl.
896 561 919 592 J
937 559 996 601 39,
1019 560 1048 593 1.
1091 562 1204 593 omnis
1219 560 1379 593 ·tristitia
1404 560 1430 593 C
1455 560 1517 602 3l,
1539 561 1566 594 1.
1607 562 1745 595 animos

245 604 299 636 vis
316 605 430 636 morbi
448 604 474 636 C
492 604 545 646 36,
565 605 586 637 5
608 608 692 637 conl.
717 605 742 637 J
757 604 810 644 32,
828 606 858 638 4.
885 606 955 638 abs.
981 606 1043 638 ubi
1058 617 1122 648 pro
1143 623 1178 628 -—
1199 606 1338 638 desidia
1361 606 1482 639 lubido
1505 607 1674 649 superbia
1692 607 1744 639 in-

245 660 373 682 vasere
392 649 418 682 C
436 650 467 689 2,
487 650 518 682 5.
561 650 731 693 contagio
755 651 859 693 quasi
881 650 1094 694 pestilentia
1111 651 1138 683 C
1159 650 1210 689 10,
1229 650 1259 683 6.
1303 651 1460 684 avaritia
1476 652 1554 684 sine
1571 652 1675 685 modo
1691 652 1746 684 in—

244 695 378 727 vadere
395 695 418 727 J
435 694 489 735 41,
508 694 540 727 9.
581 695 699 728 locum
715 696 910 728 invadendi
928 707 1102 739 quaerere
1117 697 1142 728 J
1158 696 1211 737 85,
1231 697 1263 728 5.

288 741 421 772 invenio
447 751 569 772 casum
593 741 771 774 victoriae
795 742 818 773 J
841 741 901 781 25,
920 741 952 773 9.
996 746 1191 784 emptorem
1213 742 1237 774 J
1253 741 1314 781 35,
1335 741 1387 773 10.
1429 742 1577 775 exitium
1601 742 1698 775 vitae
1717 741 1745 775 C

244 784 304 825 55,
324 784 355 817 6.
397 785 549 827 gloriam
574 797 617 818 ex
642 786 749 828 culpa
770 787 794 819 J
809 786 869 827 94,
888 787 918 818 7.
961 787 1088 818 merita
1112 787 1147 818 H
1170 788 1187 818 I
1203 786 1262 827 48,
1285 786 1334 819 16.
1374 787 1506 829 primos
1530 787 1747 830 religionem

243 830 427 863 invenisse
445 831 479 863 H
496 831 551 864 111
568 830 622 863 60.
666 842 709 863 ex
727 842 794 874 quo
812 831 866 863 illi
883 832 999 874 gloria
1015 842 1138 874 opesq.
1156 832 1328 865 inventae
1344 832 1368 864 J
1384 831 1444 873 70,
1463 833 1495 864 2.
1537 843 1640 875 quem
1657 832 1747 865 alie·

244 885 327 908 num
346 875 451 908 fidum
470 877 567 908 -ies
582 877 607 909 J
626 875 676 918 10,
696 877 727 909 5.
753 887 804 920 sq.
823 888 891 909 acc.
907 888 935 909 c.
954 877 1014 919 inf.
1032 877 1056 909 J
1076 876 1104 918 1,
1123 877 1143 908 2
1160 875 1301 919 (—ias).

288 922 529 954 inverecundus
550 922 690 954 animus
707 922 742 954 H
758 923 770 954 i
789 922 842 954 75.

288 967 442 999 invictus.
477 967 531 998 —i
546 968 590 999 ab
603 967 766 999 hostibus
779 967 802 999 J
815 966 868 1007 31,
880 966 933 999 20.
966 977 1069 999 -um
1088 967 1246 999 animum
1264 967 1437 999 advorsus
1450 966 1599 1000 divitias
1611 967 1635 1000 J
1647 966 1702 1009 43,
1713 967 1744 1000 5.

287 1013 421 1044 invideo
438 1012 541 1044 bonis
561 1012 587 1044 C
606 1012 659 1053 37,
680 1010 710 1045 3.
736 1015 779 1045 al.
799 1012 826 1044 C
844 1012 897 1052 51,
917 1010 972 1044 38.
1012 1012 1137 1044 honori
1155 1030 1196 1034 —
1213 1012 1331 1044 labori
1348 1013 1371 1044 J
1387 1011 1442 1053 85,
1465 1011 1515 1044 18.

287 1058 416 1089 invidia
440 1068 482 1089 ex
506 1058 694 1100 opulentia
717 1061 796 1090 orta
823 1060 876 1090 est
901 1057 927 1089 C
946 1056 983 1098 6,
1002 1057 1033 1090 3.
1059 1060 1103 1089 al.
1128 1057 1188 1098 22,
1209 1056 1240 1089 3.
1280 1060 1361 1099 post
1378 1057 1530 1099 gloriam
1547 1057 1747 1100 sequiturJ

243 1101 296 1143 55,
316 1102 347 1135 3.
391 1120 430 1125 —-
450 1105 522 1145 atq.
543 1104 713 1146 superbia
730 1106 811 1146 post
829 1103 930 1135 fuere
948 1102 974 1135 C
993 1101 1053 1142 23,
1074 1101 1104 1134 6.
1148 1102 1241 1145 apud
1258 1102 1402 1144 plebem
1420 1102 1542 1145 gravis
1559 1103 1583 1134 i.
1599 1103 1624 1135 J
1639 1102 1696 1143 30,
1716 1102 1745 1135 1.

244 1148 454 1180 decesserat
470 1148 493 1180 J
509 1147 562 1190 88,
586 1147 613 1180 1.
655 1148 798 1191 dilapsa
815 1149 909 1180 foret
924 1148 948 1180 J
964 1147 1018 1189 27,
1034 1149 1065 1179 2.
1099 1148 1188 1180 facti
1206 1158 1313 1190 super
1329 1148 1484 1190 gratiam
1503 1150 1539 1179 et
1554 1149 1746 1190 pecuniam

244 1196 300 1225 est
316 1194 338 1226 J
356 1192 414 1234 35,
433 1192 466 1225 8.
507 1194 551 1226 ob
577 1193 720 1226 scelera
745 1204 823 1226 cum
850 1198 947 1225 metu
970 1196 1099 1235 urguet
1114 1193 1138 1225 J
1154 1192 1212 1233 35,
1232 1193 1262 1225 2.
1304 1193 1432 1225 eadem
1455 1203 1511 1224 me
1533 1193 1694 1225 vexabat
1718 1192 1745 1225 C

242 1237 273 1279 3,
293 1238 324 1270 5.
366 1239 565 1282 inperatori
581 1239 754 1272 nobilitas
772 1250 861 1271 —ae
880 1248 959 1270 esse
977 1239 1000 1270 J
1017 1238 1070 1278 73,
1090 1239 1121 1270 4.
1139 1248 1228 1270 —ae
1248 1239 1431 1270 fraternae
1448 1238 1585 1270 mederi
1600 1238 1624 1270 J
1641 1237 1696 1279 39,
1712 1237 1744 1270 5.

242 1283 381 1326 polluta
406 1284 557 1316 licentia
579 1293 676 1316 —am
700 1284 870 1316 adcendit
891 1284 915 1316 J
941 1283 997 1324 15,
1012 1284 1043 1315 5.
1082 1286 1221 1315 tantam
1245 1282 1298 1315 illi
1322 1283 1567 1316 conflaverant
1584 1282 1611 1315 C
1632 1282 1695 1323 49,
1711 1283 1745 1315 4.

243 1329 331 1361 belli
356 1329 494 1362 consuli
519 1331 691 1372 inponere
711 1329 738 1362 C
755 1329 815 1370 43,
838 1329 866 1361 1.
908 1328 1094 1361 Ciceronis
1118 1328 1226 1360 leniri
1250 1328 1277 1360 C
1302 1328 1362 1367 22,
1380 1327 1413 1361 3.
1453 1331 1616 1360 metuere
1640 1328 1748 1360 ΗΙΠ

241 1373 295 1413 61,
314 1373 345 1406 8.
386 1375 515 1407 timere
532 1375 555 1407 J
572 1373 625 1414 39,
644 1374 675 1406 2.
717 1374 834 1416 gloria
856 1374 979 1407 vicisti
994 1374 1018 1406 J
1038 1373 1094 1414 10,
1114 1374 1146 1406 2.
1189 1373 1445 1406 contumeliam
1470 1376 1543 1415 atq.
1568 1383 1670 1405 -am
1693 1373 1746 1405 in-

242 1419 420 1462 tellegunt
437 1430 537 1452 suam
554 1420 590 1451 H
606 1421 624 1452 1
641 1419 701 1460 41,
721 1419 774 1452 23.
815 1430 880 1462 per
904 1429 1006 1451 —am
1030 1419 1241 1461 scriptorum
1258 1418 1488 1450 incelebrata
1505 1421 1587 1451 sunt
1603 1419 1639 1450 H
1654 1419 1673 1451 I
1689 1418 1744 1450 55.

240 1464 368 1497 invidia
391 1469 561 1498 aestuare
587 1464 614 1496 C
632 1465 691 1506 25,
710 1464 742 1496 6.
784 1466 849 1495 —1‘2
873 1465 1008 1496 dictum
1033 1464 1060 1496 C
1078 1463 1111 1504 3,
1131 1464 1162 1495 2.
1203 1464 1246 1496 de
1264 1463 1403 1496 invidia
1421 1463 1514 1495 facti
1530 1464 1587 1495 sui
1604 1463 1746 1496 locutus

240 1510 264 1541 J
279 1509 332 1547 29,
351 1510 380 1542 5.
425 1521 468 1542 ex
485 1511 639 1552 partium
655 1511 678 1541 i.
699 1510 862 1552 pericula
878 1511 1080 1542 metuentes
1096 1509 1120 1541 J
1136 1508 1197 1550 40,
1215 1509 1247 1541 2.
1289 1519 1333 1541 ex
1357 1519 1524 1541 maxuma
1546 1508 1570 1540 i.
1588 1509 1626 1540 in
1643 1509 1745 1541 favo-

241 1565 316 1587 rem
334 1556 456 1588 venire
473 1556 496 1588 J
516 1555 566 1595 13,
585 1554 617 1587 8.
658 1566 716 1587 res
733 1556 770 1587 in
788 1555 925 1588 invidia
943 1557 1022 1586 erat
1037 1555 1061 1586 J
1078 1554 1132 1593 25,
1148 1554 1179 1586 5.

284 1601 425 1632 invidus.
457 1612 502 1633 ea
519 1611 629 1643 agere
647 1602 741 1632 inter
758 1600 899 1633 invidos
915 1601 938 1632 J
954 1599 1011 1637 85,
1029 1598 1061 1632 3.

284 1646 476 1678 inviolatus.
503 1656 583 1678 sese
601 1656 684 1678 —os
703 1646 779 1678 fore
797 1646 820 1678 J
837 1644 897 1685 26,
917 1645 947 1676 1.
988 1644 1094 1677 fidem
1111 1644 1295 1687 publicam
1319 1655 1384 1687 per
1408 1654 1489 1677 sese
1507 1654 1611 1676 -am
1629 1643 1706 1676 fore
1721 1645 1746 1677 J

240 1689 294 1730 33,
313 1690 344 1723 3.
380 1691 478 1723 fama
497 1691 682 1733 aequabili
699 1694 736 1723 et
753 1693 836 1723 —ta
852 1691 876 1722 J
891 1689 945 1730 43,
968 1689 996 1722 l.

284 1737 421 1769 invisus.
459 1737 654 1779 Pompeius
678 1736 816 1769 invisus
841 1736 912 1777 ipsi
936 1735 962 1767 C
990 1735 1048 1776 17,
1073 1735 1104 1766 7.
1156 1735 1321 1767 omnibus
1346 1734 1372 1766 C
1398 1734 1458 1775 51,
1478 1733 1532 1767 29.
1574 1734 1652 1777 quis
1675 1734 1744 1766 Ro-

240 1783 337 1813 mani
354 1782 462 1815 invisi
478 1783 500 1814 J
522 1781 594 1822 111,
612 1782 643 1814 2.
676 1781 781 1813 simul
798 1784 835 1823 et
851 1791 973 1812 —sum
991 1780 1048 1823 (al.
1067 1779 1234 1822 invitum)
1254 1783 1291 1812 et
1307 1780 1495 1813 obfensum
1513 1779 1583 1812 sibi
1597 1780 1621 1812 J
1638 1778 1693 1820 73,
1710 1779 1744 1812 2.

240 1827 372 1859 bellum
393 1831 464 1869 atq.
483 1838 583 1859 arma
600 1827 702 1859 vobis
723 1837 806 1859 —sa
823 1827 858 1857 H
873 1826 890 1858 Ι
906 1825 961 1867 48,
979 1827 1010 1858 2.

283 1873 399 1905 invito.
430 1873 553 1905 domos
576 1882 661 1904 suas
684 1875 792 1904 —ant
813 1872 837 1904 J
853 1870 915 1912 66,
934 1870 965 1904 3.
1007 1871 1053 1903 ad
1078 1881 1230 1903 coenam
1253 1871 1288 1902 H
1311 1871 1349 1902 11
1371 1869 1433 1911 23,
1451 1870 1483 1902 2.
1525 1880 1564 1902 se
1589 1869 1641 1901 ibi
1664 1869 1745 1902 cibo

237 1918 393 1960 vinoque
411 1919 446 1950 H
462 1919 513 1950 IV
529 1918 560 1949 4.

282 1964 418 1996 invitus.
449 1974 566 2006 neque
584 1965 731 1996 senatus
748 1972 835 1994 —us
859 1962 1083 2004 provinciam
1106 1961 1256 1994 dederat
1279 1960 1305 1992 C
1327 1959 1378 2000 19,
1397 1960 1429 1992 2.
1471 1959 1644 1992 benificia
1658 1969 1746 1992 —us

241 2009 410 2051 accipere
427 2009 450 2042 J
467 2007 527 2049 96,
546 2009 577 2041 2.
603 2007 665 2049 73,
684 2009 705 2040 2
728 2009 792 2041 vid.
811 2008 960 2040 invisus.
1001 2008 1119 2039 invita
1145 2010 1259 2039 matre
1277 2006 1311 2037 H
1328 2006 1345 2037 Ι
1361 2006 1414 2037 24.
1457 2005 1569 2038 invito
1588 2007 1624 2038 et
1639 2015 1745 2048 prae—

239 2054 384 2086 dicente
402 2065 458 2086 me
475 2054 510 2086 H
528 2055 563 2086 II
580 2052 634 2094 96,
658 2053 708 2086 10.

283 2101 402 2132 invius.
436 2099 556 2132 Gallia
574 2110 595 2131 a
612 2099 805 2142 paludibus
822 2098 921 2131 invia
938 2098 973 2130 H
989 2099 1006 2129 Ι
1022 2096 1053 2129 8.
1080 2097 1135 2129 III
1151 2095 1207 2137 67,
1226 2095 1258 2128 6.

282 2146 424 2178 invorto.
458 2145 581 2177 alveos
598 2145 745 2177 navium
763 2145 926 2176 invorsos
943 2154 1006 2186 pro
1024 2143 1177 2186 tuguriis
1194 2142 1330 2174 habere
1349 2141 1373 2173 J
1393 2140 1448 2182 18,
1467 2140 1499 2173 5.

282 2191 450 2222 iucundus.
483 2190 611 2231 quibus
628 2189 693 2222 illa
711 2189 825 2231 epulis
842 2188 1053 2221 iocundiora
1070 2191 1154 2220 sunt
1169 2188 1192 2220 J
1208 2186 1270 2228 85,
1287 2186 1342 2218 41.

282 2236 384 2268 iocus.
421 2236 538 2267 iocum
560 2245 703 2267 movere
729 2234 755 2266 C
781 2234 841 2276 25,
870 2234 902 2266 5.
951 2234 1033 2266 ioca
1065 2236 1138 2275 atq.
1169 2233 1266 2265 seria
1290 2242 1370 2264 cum
1393 2231 1612 2264 humillumis
1637 2241 1747 2274 agere

281 2328 362 2367 ipse.
394 2326 562 2369 quoniam
579 2325 658 2356 vita
675 2325 756 2367 ipsa
772 2325 894 2357 brevis
913 2327 986 2365 est,
1006 2324 1216 2356 memoriam
1233 2323 1347 2355 nostri
1365 2332 1471 2365 quam
1488 2331 1653 2354 maxume
1669 2321 1746 2354 lon—

239 2383 322 2416 gam
341 2371 488 2405 efficere
507 2369 533 2402 C
556 2369 589 2410 1,
609 2369 640 2402 3.
681 2370 838 2401 maiores
855 2373 1014 2402 vostrum
1033 2387 1073 2391 —
1092 2379 1203 2411 saepe
1228 2370 1310 2411 ipsa
1334 2368 1459 2411 plebes
1477 2367 1504 2399 C
1523 2366 1584 2407 33,
1603 2366 1635 2400 3.
1674 2367 1745 2409 ipsi

238 2418 378 2450 innoxii
396 2435 438 2439 —
458 2426 580 2458 agere,
607 2418 748 2446 ceteros
772 2417 908 2446 terrere
928 2414 954 2445 C
973 2413 1033 2454 39,
1052 2414 1083 2446 2.
1126 2413 1318 2446 Lentulum
1341 2414 1419 2456 ipse
1444 2412 1627 2455 perducit:
1650 2411 1746 2444 idem

238 2463 277 2495 fit
295 2463 428 2495 ceteris
445 2472 509 2504 per
525 2463 711 2503 praetores
731 2459 757 2490 C
777 2458 835 2499 46,
855 2460 875 2490 2
900 2463 984 2491 conl.
1009 2459 1062 2499 55,
1082 2459 1114 2490 2.
1157 2459 1222 2490 alii
1242 2476 1279 2481 —
1300 2458 1365 2490 alii
1384 2475 1421 2481 —
1441 2459 1558 2500 ipsum
1576 2456 1746 2489 Crassum

237 2526 283 2532 —
306 2508 427 2541 audivi
452 2506 478 2538 C
502 2505 563 2546 48,
582 2503 615 2537 9.
657 2504 981 2547 Carthaginienses
1004 2521 1049 2527 —
1074 2504 1144 2546 ipsi
1170 2504 1197 2535 C
1215 2504 1252 2536 51
1268 2529 1276 2542 ,
1295 2502 1327 2535 6.
1361 2503 1602 2546 publicandas
1625 2512 1745 2534 eorum

238 2554 432 2598 pecunias,
457 2553 555 2594 ipsos
580 2551 618 2582 in
642 2549 798 2583 vinculis
820 2549 1008 2581 habendos
1034 2548 1060 2580 C
1084 2548 1146 2589 51,
1170 2548 1224 2581 43.
1256 2549 1316 2587 52,
1340 2549 1390 2580 14.
1432 2547 1622 2590 plerosque
1646 2547 1745 2589 ipsos

238 2601 376 2641 fac-taq.
404 2607 525 2631 eorum
549 2596 659 2628 fortia
677 2594 704 2627 C
722 2593 783 2634 59,
802 2593 833 2626 6.
875 2605 1023 2637 regnum
1047 2594 1198 2636 ipsumq.
1218 2593 1376 2626 deditum
1392 2594 1415 2626 J
1433 2592 1486 2632 28,
1505 2593 1538 2625 2.
1580 2592 1706 2624 abdita
1723 2602 1745 2624 a

238 2645 392 2678 dominis
411 2648 474 2676 aut
489 2642 587 2685 ipsos
604 2642 638 2673 H
655 2641 708 2673 III
724 2638 784 2680 67,
806 2639 858 2672 17.
897 2639 968 2682 ipsi
993 2642 1065 2681 atq.
1092 2639 1198 2680 signa
1215 2639 1239 2670 J
1255 2638 1315 2678 49,
1334 2638 1367 2670 5.
1410 2647 1516 2684 quam
1534 2640 1570 2669 et
1586 2637 1664 2679 ipse
1682 2637 1744 2669 ad-

238 2691 390 2723 duxerat
408 2692 445 2721 et
462 2686 619 2719 Manlius
636 2686 817 2718 habuerat
834 2684 861 2717 C
879 2683 939 2724 56,
962 2684 989 2716 1.
1030 2687 1202 2726 quantam
1228 2684 1299 2725 ipsi
1323 2683 1498 2724 nobisque
1523 2682 1666 2714 cladem
1683 2681 1744 2715 ad-

239 2736 364 2768 tulerit
388 2734 414 2766 C
439 2732 498 2773 58,
518 2733 549 2764 4.
591 2731 684 2764 alter
703 2748 739 2753 —
760 2731 837 2773 ipse
863 2740 929 2772 ego
945 2730 969 2762 J
987 2729 1047 2769 14,
1065 2729 1098 2761 4.
1138 2729 1217 2771 ipse
1237 2745 1274 2750 —
1294 2728 1431 2760 Marius
1453 2728 1476 2759 J
1492 2726 1554 2767 46,
1573 2727 1604 2759 7.
1630 2727 1692 2767 55,
1710 2727 1743 2759 4.

237 2782 316 2824 ipse
335 2797 378 2802 -a
395 2782 433 2811 at
450 2779 481 2810 is
498 2779 521 2810 J
538 2776 592 2816 20,
611 2777 643 2808 2.
684 2776 755 2818 ipsi
774 2793 814 2797 -—
831 2775 991 2808 Minucio
1007 2774 1031 2806 J
1047 2773 1107 2814 35,
1127 2772 1158 2806 3.
1199 2773 1271 2816 ipsi
1287 2773 1450 2814 liberisq.
1468 2773 1492 2805 J
1508 2771 1553 2804 46
1566 2797 1574 2812 ,
1592 2772 1625 2804 2.
1665 2773 1744 2815 ipse

239 2827 373 2868 aliique
397 2826 420 2858 J
440 2823 521 2864 101,
541 2823 572 2854 4.
615 2823 692 2864 ipse
712 2838 748 2843 —
770 2831 852 2863 spes
871 2821 974 2864 pacis
990 2820 1014 2852 J
1030 2818 1135 2859 65,4.
1179 2819 1354 2851 Gaetulos
1380 2836 1421 2841 —-
1445 2818 1597 2860 ipsumq.
1621 2827 1745 2861 regem

236 2873 258 2904 J
282 2870 344 2911 88,
363 2870 395 2903 3.
436 2877 628 2912 proxumos
653 2885 693 2889 —
719 2867 922 2909 conrumpit
945 2866 1050 2908 ipsiq.
1074 2865 1201 2896 Mauro
1224 2863 1418 2907 pollicetur
1438 2863 1461 2896 J
1483 2862 1545 2901 97,
1570 2863 1602 2894 2.
1644 2862 1744 2895 cuius

237 2917 351 2959 ipsius
370 2918 443 2958 atq.
461 2914 637 2947 maiorum
655 2930 693 2935 -
717 2911 980 2953 essent031,7.
1016 2910 1074 2953 qui
1087 2919 1205 2952 neque
1223 2910 1293 2952 ipsi
1308 2909 1446 2941 habere
1463 2911 1612 2952 possent
1628 2917 1744 2951 neque
