1826 3282
505 264 806 293 ms'romAavm
836 265 920 292 ma.
953 263 968 290 1
997 257 1181 293 85—90.
1398 267 1400 269 ·
1542 246 1595 287 27

88 366 259 400 auxilium
285 367 431 410 accepit
453 377 519 410 per
540 367 584 399 L.
611 365 807 399 Catilinam
831 365 893 408 leg
895 367 1004 398 atum.
1051 363 1099 397 At
1121 374 1246 406 capere
1269 373 1334 406 pro
1358 362 1528 406 accipere
1545 362 1598 394 ita

87 412 160 445 uici
184 413 310 455 nequit
334 423 378 445 ac
402 413 548 446 divorsa
571 415 665 451 sunt,
692 421 785 454 quae
809 411 872 443 Kr.
870 377 946 442 gad
961 411 1040 453 Iug.
1066 409 1183 450 85,18
1208 408 1369 442 contulit.
1416 408 1506 440 Mihi
1530 408 1598 441 hoc

89 456 238 490 Sallusti
256 457 459 501 exemplum
475 456 582 490 Laeli
598 456 801 498 obpositum
825 456 969 488 videtur
992 455 1105 487 fuisse
1129 466 1198 487 nec
1223 454 1346 487 dubito
1372 465 1430 497 ap.
1447 454 1599 486 Festum

88 513 264 546 reponere
296 504 344 536 Al
368 504 452 536 Sall.
492 501 581 534 Cum
614 504 735 534 autem
759 502 802 533 L.
830 500 1027 533 Catilinam
1058 500 1220 543 legatum
1245 500 1321 532 sive
1347 499 1488 540 Sullae,
1521 498 1599 532 sive

90 548 182 580 alius
206 548 388 591 praeclari
412 548 513 581 ducis
538 547 651 580 fuisse
676 547 881 589 ignoretur,
914 563 955 569 -—-
988 546 1116 578 mirum
1142 549 1262 578 autem
1287 548 1395 584 esset,
1421 545 1453 577 si
1476 554 1601 577 omnes

88 594 284 637 scriptores
308 594 352 626 de
379 604 423 626 ea
447 603 486 625 re
510 592 714 625 tacuissent
736 609 782 614 —
806 601 957 633 cumque
980 591 1086 622 Festi
1115 591 1246 623 librum
1278 590 1601 633 eonruptissumum

90 649 170 671 esse
195 639 384 681 adpareat,
411 638 526 671 audeo
542 637 754 676 coniectari,
779 647 850 669 non
867 637 909 668 L.
929 636 1127 669 Catilinam
1151 633 1455 668 conm'emoratum
1474 635 1600 676 fuisse,

88 687 146 716 set
169 683 213 724 Q.
240 684 450 716 Lucretium
475 682 646 722 Ofellam,
673 693 777 725 quem
797 682 897 714 Sulla
913 681 1056 724 magnis
1081 681 1251 723 operibus
1275 681 1452 725 perfectis
1477 681 1524 715 ad
1540 681 1601 715 ob-

87 729 275 762 sidendum
299 727 500 762 Praeneste
525 728 671 771 reliquit
694 727 776 770 (cfr.
802 728 926 759 Drum.
954 727 990 760 II
1014 738 1049 769 p.
1075 725 1167 768 462).

202 818 253 860 85
286 819 373 873 [Kr.
399 824 455 857 85.
488 821 527 858 G.
548 821 591 857 ΙΙΙ
618 817 702 871 65].
762 817 1055 866 Maturaveiunt
1091 818 1302 857 exercitum
1343 818 1603 859 Durrachium

89 900 242 940 cogere.

198 962 302 994 Arus.
328 973 364 1004 p.
389 960 456 994 218
480 961 546 993 sub
570 960 741 993 lemmate
765 970 848 1002 coya
874 960 1001 992 domum
1023 964 1068 992 te.
1108 960 1237 1000 Utrum
1260 960 1305 992 de
1330 959 1463 1003 legatis
1481 960 1603 992 Sullae

89 1018 195 1050 quem
217 1007 421 1040 Durrachio
445 1007 483 1039 in
506 1006 654 1039 Italiam
678 1008 927 1038 transvectum
952 1015 1032 1037 esse
1058 1008 1201 1037 constat
1224 1004 1362 1046 (Drum.
1389 1006 1426 1038 11
1449 1017 1484 1048 p.
1510 1004 1602 1047 457),
1634 1038 1637 1039 ⁷

88 1063 136 1085 an
165 1053 209 1085 de
241 1053 282 1084 P.
315 1052 446 1086 Servili
475 1052 535 1085 vel
565 1051 659 1095 Appi
690 1050 820 1082 Claudi
850 1051 888 1082 in
929 1060 1013 1082 suas
1044 1050 1251 1093 provincias
1287 1050 1603 1093 proficiscentium,

89 1098 187 1130 dicta
211 1098 358 1138 fuerint,
384 1098 422 1130 in
444 1098 583 1130 incerto
608 1096 882 1138 relinquendum
908 1099 975 1128 est.
1025 1096 1095 1136 Qui
1126 1096 1171 1128 de
1202 1096 1292 1138 ipsis
1323 1097 1364 1128 P.
1391 1096 1544 1129 Servilio
1570 1101 1607 1130 et

86 1143 203 1187 Appio
228 1142 379 1176 Claudio
403 1143 632 1186 intellegant,
659 1145 832 1175 eaeereitus
857 1141 1018 1174 scribere
1036 1141 1233 1174 debebunt.

202 1234 255 1274 86
287 1233 366 1287 [Kr.
392 1234 449 1275 86.
481 1236 520 1272 G.
541 1232 619 1286 97].
670 1232 739 1272 Illo
760 1231 963 1284 profectus
990 1233 1096 1272 vicos
1117 1231 1352 1284 castellaque
1382 1233 1605 1293 incendere,

89 1306 127 1341 et
156 1301 247 1353 suga
274 1301 470 1341 cultorum
498 1301 651 1341 deserta
681 1301 762 1351 igni
793 1304 943 1340 vastare
973 1312 1102 1352 neque
1127 1299 1203 1339 late
1233 1299 1256 1323 ³⁵²
1289 1301 1346 1340 ire
1376 1305 1435 1340 set
1466 1302 1605 1340 cautis-

89 1382 224 1409 sumus
252 1374 358 1410 metu
389 1370 514 1422 gentis
541 1369 590 1409 ad
615 1369 719 1409 furta
748 1368 840 1408 belli
867 1368 1116 1425 peridoneae.

199 1449 290 1481 Non.
317 1460 351 1491 p.
377 1448 461 1481 21⁵2:
486 1449 626 1481 Furtum
658 1449 814 1481 insidiae.
853 1446 1032 1480 Sallustius
1056 1447 1111 1480 lib.
1137 1448 1166 1479 I.
1191 1465 1235 1470 --
1260 1449 1314 1480 ille
1338 1448 1380 1479 B.
1404 1450 1460 1481 illo
1485 1449 1543 1480 W.
1570 1449 1607 1480 in

88 1505 160 1537 mg.
187 1497 274 1527 elate
297 1494 393 1527 libri.
435 1497 526 1527 elata
549 1494 616 1526 AJ.
654 1495 764 1526 elatae
788 1492 866 1526 483.
905 1495 993 1526 elate
1025 1498 1082 1525 aut
1105 1494 1353 1526 vetustissumus
1376 1493 1471 1526 libri.
1519 1498 1607 1526 setu-

87 1541 250 1572 sttssimus
273 1540 314 1572 B.
349 1541 620 1581 foetusttssumus
644 1540 686 1571 L.
732 1543 790 1572 aut
810 1539 935 1579 secutis
958 1543 1046 1571 metu
1069 1539 1110 1570 B.
1150 1540 1387 1571 vetustissimus
1411 1539 1508 1582 ng.
1550 1544 1607 1571 aul

86 1586 317 1618 securissimus
333 1584 410 1618 483.
451 1585 650 1628 peridonea
674 1585 762 1626 libri,
788 1584 1011 1627 peridoneae
1036 1583 1114 1617 483.
1157 1584 1418 1616 Coniecerunt:
1444 1586 1532 1617 elato
1550 1589 1608 1617 aut

87 1641 207 1663 securo
224 1641 307 1669 ⁴esse
331 1634 439 1663 animo
465 1632 612 1670 Douza,
646 1633 734 1663 elate
767 1635 826 1662 aut
847 1640 986 1662 securus
1010 1641 1032 1661 a
1055 1634 1141 1662 metu
1167 1629 1287 1669 Gerl.,
1320 1640 1426 1673 neque
1456 1631 1524 1663 late
1549 1635 1607 1663 aul

87 1687 225 1709 securus
250 1678 300 1708 ire
316 1681 403 1709 metu
419 1676 548 1715 Kritz.,
573 1687 679 1719 neque
704 1678 792 1708 elate
816 1679 874 1708 aut
894 1676 1018 1717 fretus,
1044 1678 1141 1707 simul
1154 1679 1240 1707 metu
1257 1675 1375 1715 Roth..
1402 1679 1548 1713 vastare,
1565 1687 1606 1708 ne

90 1732 174 1764 quae
199 1725 287 1754 intus
310 1725 438 1754 lateant
461 1722 669 1754 cautissimus
698 1720 826 1762 Mahly
848 1721 892 1754 N.
909 1720 951 1752 A.
978 1721 1149 1753 LXXVII
1170 1732 1204 1764 p.
1232 1719 1293 1761 79;
1321 1721 1422 1753 cuius
1446 1722 1607 1765 vestigia

91 1766 258 1809 equidem
283 1777 349 1810 ego
374 1767 469 1799 mihi·
486 1766 684 1809 premunda
701 1766 839 1808 putavi.

202 1857 254 1897 87
289 1856 368 1910 [Kr.
390 1861 446 1895 87.
477 1859 515 1895 G.
538 1856 615 1910 91].
673 1857 778 1897 Gens
806 1860 899 1895 raro
927 1867 1084 1913 egressa
1114 1856 1200 1895 finis
1230 1868 1334 1896 suos.

198 1937 303 1969 Arus.
335 1948 370 1979 p.
396 1936 462 1968 227
494 1946 573 1968 cum
603 1936 775 1968 lemmate
807 1946 964 1978 egressus
993 1937 1080 1967 illam
1104 1946 1186 1968 rem.
1235 1935 1353 1968 Schol.
1389 1936 1435 1968 ad
1463 1937 1604 1969 Lucan.

87 1982 217 2015 Phars.
243 1983 275 2015 V
298 1981 374 2023 510,
402 1982 464 2014 ubi
488 1992 552 2025 pro
575 1992 659 2024 qens
683 1981 858 2024 scriptum
884 1984 940 2013 est
962 1986 1009 2013 ut.

203 2071 256 2112 88
290 2073 370 2126 [Kr.
390 2077 447 2111 98.
483 2075 522 2111 G.
542 2071 619 2125 63].
676 2072 739 2111 Sic
771 2084 863 2111 vero
895 2073 1006 2124 quasi
1028 2072 1234 2112 formidine
1255 2072 1451 2118 adtonitus
1478 2085 1605 2125 neque

88 2143 217 2181 animo
250 2153 378 2193 neque
408 2140 570 2180 auribus
595 2145 662 2180 aut
690 2140 822 2191 lingua
849 2144 1070 2192 conpetere.

198 2221 289 2253 Non.
315 2231 350 2263 p.
379 2218 460 2252 189:
489 2220 684 2262 Competere
708 2221 762 2252 rei
784 2222 941 2263 cuiusque
965 2221 1148 2252 meminisse
1180 2225 1236 2252 aul
1260 2225 1456 2254 constanter
1480 2224 1603 2254 valere.

87 2267 266 2299 Sallustius
281 2267 512 2298 Historiarum
535 2265 599 2298 lib.
617 2266 652 2297 I:
679 2266 732 2297 sic
756 2284 800 2288 —
824 2269 1032 2308 conpetere.
1073 2266 1152 2298 Non
1170 2269 1270 2298 recte
1296 2277 1377 2298 cum
1401 2266 1457 2298 his
1482 2267 1606 2299 verbis

88 2312 240 2344 confusa
264 2314 357 2350 sunt,
385 2321 477 2353 quae
502 2311 635 2343 Donat.
664 2311 711 2343 ad
735 2311 818 2343 Ter.
844 2311 910 2343 Ad.
937 2311 992 2343 ΙΙΙ
1017 2310 1126 2351 2,1·2
1151 2311 1299 2354 protulit
1324 2310 1410 2353 (vid.
1436 2312 1507 2344 inc.
1534 2311 1603 2354 33).

86 2357 263 2390 Videntur
285 2357 379 2388 haec
404 2356 517 2388 verba
543 2357 641 2388 dicta
666 2356 780 2388 fuisse
806 2357 850 2388 de
874 2356 1020 2389 homine
1047 2356 1183 2399 aliquo,-
1204 2367 1335 2389 nomen
1353 2367 1454 2390 suum
1471 2358 1508 2389 in
1526 2369 1604 2419 pro-

87 2402 294 2445 scriptionis
318 2401 446 2434 tabula
469 2401 617 2445 legente
642 2400 781 2444 (Drum.
807 2402 844 2434 II
869 2413 902 2444 p.
929 2401 993 2433 471
1020 2401 1101 2444 sq.).

199 2492 252 2532 89
282 2491 850 2546 [Kr.91.c.1·23].0hviam
881 2493 938 2532 ire
965 2497 1005 2532 et
1032 2494 1209 2533 conmori
1239 2493 1426 2533 hostibus.

198 2566 301 2599 Arus.
327 2578 361 2610 p.
387 2565 470 2599 220:
496 2568 709 2600 commoritur
732 2568 808 2598 illis.
891 2569 895 2574 ”

199 2659 253 2699 90
286 2657 365 2712 [Kr.
386 2663 443 2696 92.
475 2660 514 2696 G.
546 2657 624 2710 96].
681 2658 731 2698 Ut
754 2658 791 2696 in
821 2669 890 2697 ore
920 2657 1101 2708 gentibus
1131 2669 1262 2708 agens,

198 2737 301 2773 Arus.
328 2749 362 2780 p.
388 2736 472 2770 243:
504 2739 537 2769 in
561 2747 621 2770 ore
644 2738 731 2769 illius
757 2734 869 2779 [conr.
895 2735 957 2779 illi]
983 2746 1087 2778 aqens
1110 2746 1175 2777 pro
1200 2739 1233 2767 in
1257 2740 1438 2777 conspectu
1461 2738 1602 2768 illorum.

87 2782 212 2815 Salust.
238 2784 331 2815 Ilisl.
357 2783 391 2814 1:
417 2786 456 2814 ut
480 2782 518 2814 in
541 2793 602 2815 ore
627 2782 797 2825 gentibus
824 2792 949 2824 agens.
976 2799 1018 2803 —
1044 2782 1176 2812 Donat.
1197 2781 1243 2812 ad
1260 2781 1343 2812 Ter.
1366 2781 1432 2813 A.d
1451 2781 1601 2821 12,13:

86 2831 120 2860 in
144 2839 203 2860 ore
206 2829 248 2860 'sl
271 2830 360 2860 omni
380 2825 526 2871 populo]
549 2827 746 2860 Sallustius.
771 2827 808 2858 in
832 2838 893 2858 ore
919 2826 1089 2868 gentibus
1115 2836 1240 2867 agenS.
1268 2825 1424 2858 —NCum
1448 2826 1492 2858 de
1519 2838 1602 2881 quo-

88 2883 238 2915 cumque
261 2873 356 2905 haec
379 2873 494 2905 verba
518 2873 618 2905 dicta
644 2873 759 2911 fuere,
785 2882 855 2903 non
881 2874 980 2902 recte
999 2870 1169 2911 coniungi
1194 2870 1374 2912 adpareat
1396 2877 1532 2914 populo,
1557 2875 1603 2905 ei-

86 2919 196 2955 vitali‚
222 2929 314 2960 quae
339 2929 396 2960 ap.
421 2919 514 2949 Don.
541 2921 724 2956 secuntur,
749 2919 884 2958 populo,
910 2917 1052 2953 cizitati,
1079 2925 1142 2959 pro
1167 2915 1409 2959 explicatione
1434 2918 1602 2963 vocabuli

89 2963 134 2995 ab
158 2963 330 2995 Terentio
354 2962 479 3006 scripti
502 2962 674 2995 habenda
699 2965 792 2994 sunt.
