1852 3294
225 214 305 259 234
922 230 1054 258 mnssx

267 331 476 371 ignobilitas.
514 331 632 362 -tem
656 329 854 372 Iugurthae
880 329 1087 373 despiciens
1111 330 1136 363 J
1162 329 1220 373 11,
1239 330 1270 364 3.
1312 330 1425 364 multa
1446 342 1513 375 per
1534 335 1653 365 ——tem
1677 332 1739 366 ob-

222 378 369 408 scurata
386 375 422 407 H
437 375 454 406 1
470 373 526 407 55.

267 421 459 460 ignominia.
492 419 686 452 admonere
704 438 746 442 -—-
764 420 868 452 i-—ae
887 420 914 452 C
931 420 985 461 21,
1005 421 1038 453 4.

266 465 462 505 ignorantia
478 475 535 496 res
553 475 624 497 non
642 460 779 497 cla’udit
796 466 832 497 H
847 466 901 497 III
916 464 971 506 61,
991 465 1045 498 25.

266 510 395 549 ignoro.
428 519 474 541 an
491 510 638 552 ignoras
657 510 837 542 Romanos
857 527 894 532 —
913 510 1049 543 habere
1066 511 1102 543 H
1118 511 1168 543 IV
1185 510 1225 543 61
1237 536 1245 551 ,
1270 511 1319 544 17.
1360 522 1433 544 non
1458 512 1584 554 ignoro
1602 512 1678 545 illis
1695 530 1737 537 -

222 554 301 585 fore
317 554 341 585 J
358 553 411 593 85,
431 553 486 587 26.
530 557 614 587 acta
634 555 894 597 consiliumque
912 555 936 588 J
952 554 1013 597 66,
1032 556 1067 588 4.
1108 556 1242 588 faciem
1268 557 1346 589 eius
1364 557 1387 589 J
1404 555 1459 596 63,
1478 557 1510 589 4.
1551 558 1739 591 nocturnis

221 599 416 631 itineribus
440 600 630 642 ignoratus
655 600 836 633 Romanos
861 601 1004 633 invadit
1020 601 1044 633 J
1059 601 1119 643 54,
1139 600 1173 635 9.
1213 602 1362 644 largitio
1387 602 1510 634 multis
1528 602 1698 644 ignorata
1715 603 1739 636 J

223 643 297 682 103,
317 643 339 675 6
356 643 413 685 (al.
433 644 586 686 ignota).

264 689 412 729 ignosco.
442 690 623 732 ignoscite
642 690 800 733 Cethegi
824 691 1100 723 adulescentiae
1120 691 1147 723 C
1165 691 1208 723 52
1221 716 1229 731 ,
1248 690 1302 724 33.
1344 701 1408 724 vos
1432 691 1638 724 hominibus
1660 703 1738 725 sce-

219 733 461 766 leratissumis
479 735 600 767 i—ere
617 735 641 767 J
658 735 718 775 31,
738 735 793 768 21.
835 736 1057 778 ignoscendo
1083 736 1190 769 malis
1207 737 1231 768 J
1248 735 1308 777 31,
1329 737 1383 769 27.
1425 740 1580 779 accepta
1602 737 1738 770 iniuria

220 779 410 820 ignoscere
430 790 536 821 quam
553 782 725 823 persequi
742 781 930 813 malebant
949 781 974 813 C
987 779 1018 818 9,
1034 781 1066 813 5.
1097 780 1237 813 Caesar
1254 781 1374 813 dando
1392 782 1617 815 sublevando
1634 783 1737 825 igno-

220 824 356 856 scendo
375 824 527 866 gloriam
546 825 701 868 adeptus
720 825 747 857 O
766 826 820 867 54,
837 825 869 858 3.
903 825 1127 868 ignoscendo
1144 826 1268 869 populi
1285 827 1574 869 magnitudinem
1593 828 1738 860 auxisse

219 868 255 901 H
271 870 287 901 1
303 869 359 910 48,
377 868 408 901 6.

220 957 239 1000 (
264 914 412 1001 ignotus)
433 918 469 948 et
498 915 683 950 horribilis
716 916 853 949 sonitus
878 915 902 949 J
924 915 987 958 99,
1012 916 1046 948 2.
1090 915 1239 960 largitio
1263 916 1387 949 multis
1410 917 1539 960 ignota
1561 916 1585 950 J
1609 916 1691 959 103,
1716 916 1739 951 6

236 970 307 991 var.
326 970 393 991 ser.
416 984 424 993 .

262 1005 377 1037 Ilerda
392 1005 428 1038 H
444 1006 461 1038 I
478 1006 533 1038 72.

263 1051 335 1082 ilex
351 1050 374 1082 J
391 1050 445 1090 93,
465 1051 497 1084 4.

263 1096 352 1127 ilico.
385 1097 500 1135 Quem
518 1114 559 1120 --
580 1096 665 1129 ilico
684 1097 730 1129 ad
747 1097 884 1130 Sullam
902 1098 1016 1130 mittit
1032 1098 1056 1130 J
1076 1095 1149 1138 108,
1169 1097 1200 1129 2.

263 1141 332 1172 ille.
370 1142 403 1173 V
402 1143 446 1173 id.
466 1141 525 1173 hic
543 1147 576 1174 et
592 1142 700 1174 idem.
734 1153 851 1184 neque
867 1161 907 1165 —-
926 1153 1092 1185 parcere,
1111 1143 1194 1174 dum
1211 1141 1293 1174 illos
1310 1142 1485 1175 obnoxios
1503 1143 1575 1175 sibi
1592 1143 1737 1176 faceret

220 1184 246 1216 C
269 1184 326 1225 14,
346 1185 379 1217 6.
408 1186 465 1227 15,
485 1187 516 1218 2.
549 1187 603 1227 17,
624 1187 656 1219 7.
689 1187 747 1227 20,
768 1188 799 1219 7.
819 1187 851 1220 8.
877 1187 938 1227 21,
962 1187 992 1219 1.
1017 1186 1078 1226 26,
1097 1188 1129 1219 2.
1156 1187 1217 1228 31,
1236 1188 1268 1219 7.
1293 1187 1354 1228 38,
1373 1188 1405 1220 4.
1431 1187 1494 1228 40,
1513 1187 1545 1221 3.
1563 1188 1595 1221 5.
1620 1188 1683 1229 41,
1701 1188 1735 1221 3.

217 1229 273 1270 45,
292 1230 323 1262 2.
349 1230 404 1270 46',
423 1232 455 1263 2.
481 1232 541 1272 47,
561 1233 593 1264 2.
620 1231 680 1272 48,
701 1233 721 1264 7
739 1232 823 1275 (quo
843 1233 1030 1274 adpellato
1049 1233 1182 1264 Crasso
1206 1232 1364 1265 relicuos
1382 1232 1482 1265 illius
1499 1234 1666 1275 potentia
1682 1236 1737 1265 te-

218 1274 346 1316 geret).
373 1275 427 1317 49,
439 1277 470 1308 2.
481 1277 512 1309 4.
538 1277 592 1318 51,
612 1277 698 1309 2.10
715 1276 793 1319 (illa
810 1278 927 1310 oratio
944 1278 1082 1310 liberius
1097 1277 1188 1319 reb).
1211 1276 1262 1309 16.
1283 1276 1336 1310 36.
1355 1276 1409 1310 37.
1435 1278 1489 1317 52,
1505 1276 1590 1310 2.31
1610 1277 1738 1319 (filium

219 1321 348 1352 necari
363 1321 487 1353 iussit:
507 1326 617 1364 atque
637 1323 699 1354 ille
718 1324 888 1365 egregius
907 1322 1151 1362 adulescens).
1178 1322 1232 1361 53,
1250 1322 1280 1354 1.
1306 1323 1361 1363 57,
1379 1322 1411 1355 3.
1438 1322 1492 1363 59,
1512 1323 1545 1354 4.
1579 1323 1604 1355 J
1624 1322 1685 1364 18,
1703 1321 1737 1355 8.

217 1365 272 1405 25,
291 1364 324 1397 6.
351 1365 405 1405 28,
425 1365 457 1399 3.
484 1365 538 1406 35,
557 1367 588 1399 6.
606 1367 639 1400 9.
665 1367 719 1407 49,
739 1368 771 1400 2.
797 1368 852 1408 54,
872 1368 904 1400 5.
930 1367 984 1408 58,
1005 1368 1037 1400 5.
1064 1366 1119 1408 59,
1138 1366 1170 1399 3.
1197 1366 1252 1405 60,
1270 1366 1302 1399 6.
1329 1367 1384 1408 63,
1399 1367 1431 1399 7.
1462 1366 1516 1408 64,
1531 1366 1564 1400 6.
1589 1366 1644 1408 65,
1661 1368 1693 1400 4.
1702 1368 1735 1400 5.

218 1409 278 1450 70,
298 1411 330 1442 2.
357 1410 417 1451 73,
437 1410 468 1443 6.
495 1412 555 1453 74,
579 1412 593 1444 1
616 1429 652 1434 —
673 1412 734 1452 76,
753 1412 785 1445 6.
819 1412 951 1451 79,10.
985 1412 1046 1453 81,
1066 1412 1095 1444 1.
1129 1411 1191 1452 83,
1211 1412 1243 1443 2.
1261 1411 1293 1446 3.
1324 1411 1385 1453 84,
1410 1412 1437 1444 l.
1457 1411 1489 1445 3.
1523 1411 1584 1453 85,
1604 1411 1658 1445 26.
1677 1411 1734 1445 38.

217 1453 279 1494 89,
298 1454 329 1488 3.
349 1454 382 1487 8.
414 1454 475 1496 94,
495 1458 526 1489 2.
561 1456 642 1494 102,
662 1456 693 1490 3.
711 1456 743 1490 9.
777 1457 858 1496 103,
877 1459 908 1490 4.
928 1457 960 1490 5.
995 1457 1074 1498 104,
1097 1457 1125 1489 1.
1160 1456 1242 1497 106,
1262 1456 1295 1489 3.
1314 1455 1346 1489 6.
1383 1456 1461 1498 107,
1482 1456 1513 1490 3.
1530 1458 1563 1490 4.
1600 1456 1682 1498 108,
1701 1457 1734 1490 3.

219 1498 300 1537 109,
326 1499 358 1532 3.
394 1500 475 1541 111,
502 1501 530 1534 l.
567 1502 646 1540 112,
665 1503 697 1534 2.
732 1501 812 1543 113,
832 1504 864 1534 2.
902 1502 982 1543 114,
1002 1503 1034 1534 4.
1069 1501 1338 1543 HI4l,1.18.
1371 1501 1432 1542 48,
1451 1501 1559 1534 4.10.
1592 1502 1646 1534 55.
1679 1502 1734 1535 77.

215 1545 251 1576 II
268 1544 322 1584 41,
342 1545 374 1577 4.
401 1545 455 1578 59.
481 1547 535 1578 111
555 1546 605 1579 12.
632 1548 663 1579 V
683 1547 712 1579 1.
743 1546 791 1579 12.
818 1547 902 1579 i70.
930 1547 956 1579 C
979 1547 1029 1585 11,
1047 1546 1079 1579 8.
1109 1546 1158 1585 17,
1177 1547 1208 1578 7.
1237 1546 1288 1587 19,
1308 1547 1340 1578 4.
1367 1545 1421 1587 28,
1441 1546 1474 1580 3.
1500 1546 1556 1586 48,
1575 1547 1606 1579 7.
1637 1547 1661 1580 J
1677 1548 1732 1588 24,

216 1589 248 1621 5.
276 1588 337 1629 32,
356 1591 388 1622 5.
422 1590 486 1629 67,
505 1591 536 1624 3.
564 1591 622 1632 71,
642 1592 674 1624 4.
701 1591 762 1630 78,
781 1593 812 1624 5.
840 1592 901 1633 79,
921 1591 954 1624 6.
979 1592 1039 1631 82,
1059 1591 1090 1624 3.
1123 1591 1187 1631 85,
1206 1591 1260 1624 37.
1279 1591 1334 1623 41.
1367 1590 1430 1630 92,
1447 1591 1479 1624 2.
1510 1593 1546 1624 H
1563 1593 1580 1624 1
1597 1591 1658 1629 48,
1679 1592 1733 1625 13.

217 1634 244 1666 O
266 1635 327 1676 55,
346 1634 378 1667 6.
420 1637 524 1669 nobis
550 1653 586 1660 —
612 1637 685 1669 illis
704 1637 730 1669 C
749 1636 808 1677 20,
833 1637 883 1670 10.
904 1637 955 1669 11.
990 1637 1053 1676 52,
1071 1636 1128 1669 20.
1169 1647 1208 1668 se
1226 1636 1369 1669 -illos
1387 1636 1414 1669 C
1432 1636 1493 1676 51,
1512 1635 1545 1668 6.
1577 1638 1601 1670 J
1617 1636 1680 1678 88,
1699 1638 1732 1670 2.

215 1679 271 1711 illi
287 1698 332 1702 ——
348 1691 411 1713 vos
438 1681 464 1714 C
489 1681 551 1721 51,
571 1681 626 1714 26.
652 1682 714 1721 52,
736 1681 859 1714 18.17.
885 1683 907 1715 J
926 1681 985 1723 31,
1009 1681 1061 1713 17.
1082 1680 1134 1713 18.
1152 1681 1207 1713 22.
1226 1681 1280 1714 23.
1305 1681 1340 1713 H
1356 1682 1374 1713 Ι
1389 1680 1451 1722 48,
1471 1680 1502 1714 3.
1523 1680 1574 1714 18.
1616 1693 1674 1715 me
1690 1700 1732 1705 —

215 1724 271 1756 illi
288 1725 311 1758 J
328 1724 383 1767 85,
405 1726 456 1758 14.
478 1725 530 1758 16.
550 1726 603 1759 30.
621 1726 676 1759 34.
695 1727 749 1759 44.
782 1730 818 1759 te
835 1745 880 1750 —-
897 1727 999 1759 illum
1014 1727 1038 1760 J
1057 1726 1132 1767 102,
1150 1726 1181 1758 5.
1215 1729 1255 1758 ut
1272 1726 1331 1759 vel
1348 1726 1403 1758 illi
1422 1743 1460 1748 ——
1478 1726 1731 1769 procederent,

214 1769 274 1802 vel
294 1770 422 1802 eadem
440 1772 647 1804 conditione
666 1782 748 1804 sese
764 1772 788 1804 J
805 1770 865 1812 79,
885 1772 917 1805 3.
960 1775 997 1804 et
1013 1774 1216 1804 ceterorum
1235 1788 1272 1793 —
1294 1774 1330 1803 et
1346 1770 1402 1803 illi
1420 1770 1446 1803 O
1465 1770 1527 1811 48,
1544 1772 1578 1804 4.
1617 1771 1674 1804 illi
1690 1790 1733 1796 —-·

215 1825 274 1847 res
293 1814 320 1847 C
338 1815 399 1855 52,
417 1816 449 1847 2.
484 1818 526 1849 de
547 1827 586 1849 eo
604 1822 725 1850 eontra
742 1828 834 1860 quem
852 1818 979 1850 dicitur
997 1817 1023 1849 C
1041 1816 1094 1855 51,
1113 1816 1146 1848 5.
1172 1817 1227 1857 52,
1249 1815 1302 1848 16.
1327 1815 1382 1856 58,
1405 1815 1455 1848 11.
1481 1817 1505 1848 J
1521 1815 1576 1856 31,
1598 1815 1649 1849 16.
1676 1815 1732 1857 85,

214 1858 247 1891 6.
267 1858 321 1892 31.
354 1861 389 1892 H
404 1862 422 1893 I
438 1860 496 1901 41,
513 1862 544 1893 7.
566 1861 618 1894 18.
638 1861 693 1894 20.
719 1861 780 1902 48,
803 1861 855 1894 10.
887 1862 943 1894 III
959 1861 1020 1900 61,
1040 1860 1074 1893 8.
1095 1861 1147 1893 11.
1169 1861 1220 1894 15.
1240 1860 1292 1893 16.
1313 1861 1366 1892 17.
1386 1860 1438 1893 19.
1458 1860 1512 1894 23.
1531 1860 1585 1894 28.
1610 1862 1662 1894 IV
1677 1861 1732 1900 61,

214 1905 246 1936 4.
271 1904 320 1937 12.
343 1905 393 1938 15.
415 1905 465 1938 16.
484 1906 536 1941 19.
554 1907 609 1939 22.
648 1907 817 1940 veterani
833 1926 875 1930 —-
893 1907 949 1939 illi
968 1907 994 1939 C
1013 1905 1068 1947 60,
1084 1906 1116 1939 3.
1151 1918 1196 1949 ne
1214 1906 1269 1938 illi
1286 1925 1328 1929 —-
1345 1905 1551 1948 largiantur
1567 1906 1595 1938 C
1612 1906 1731 1945 52,12.

216 1953 255 1981 at
271 1950 333 1982 ille
353 1950 380 1983 C
398 1948 452 1990 46,
464 1952 496 1983 2.
523 1952 548 1984 J
564 1951 618 1992 20,
636 1952 669 1984 5.
694 1951 749 1992 26,
768 1953 800 1984 2.
826 1953 881 1992 54,
901 1951 932 1985 3.
959 1950 1015 1992 56,
1033 1952 1065 1983 2.
1091 1950 1146 1991 63,
1156 1952 1188 1983 2.
1215 1950 1300 1989 73‚4
1317 1950 1388 1993 (illi
1405 1950 1540 1992 alteri).
1574 1951 1610 1983 H
1625 1951 1662 1984 11
1675 1950 1731 1984 58.

214 1997 315 2027 aliter
331 1996 366 2027 H
382 1997 399 2028 I
416 1996 477 2036 41,
496 1996 527 2028 8.
571 2000 643 2039 atq.
662 1997 723 2029 ille
741 1997 766 2029 J
781 1996 841 2038 95,
860 1998 892 2029 4.
920 1997 947 2028 C
966 1996 1020 2037 52,
1040 1995 1094 2029 32.
1120 1997 1155 2028 H
1172 1997 1190 2028 1
1206 1996 1261 2036 41,
1283 1995 1333 2027 18.
1361 1996 1417 2028 ΙΙΙ
1432 1994 1486 2036 67,
1510 1995 1560 2028 11.
1604 2000 1733 2029 contra

214 2039 276 2072 ille
293 2041 329 2072 H
345 2041 399 2073 ΙΙΙ
415 2040 468 2073 78.
510 2042 602 2074 Tum
625 2042 687 2074 ille
706 2041 732 2073 C
758 2041 817 2083 31,
837 2041 869 2074 9.
911 2044 1052 2074 tantam
1075 2041 1178 2073 illam
1203 2041 1462 2073 contumeliam
1487 2040 1514 2072 C
1538 2040 1599 2082 48,
1619 2040 1651 2073 9.
1693 2044 1733 2074 at

213 2084 279 2117 illa
295 2086 407 2118 multo
425 2090 572 2129 optuma
586 2104 632 2109 —-
648 2088 776 2119 doctus
793 2097 884 2127 sum,
901 2087 1046 2119 hostem
1062 2086 1174 2118 ferire
1192 2086 1215 2118 J
1231 2085 1286 2126 85,
1306 2085 1362 2119 33.
1401 2097 1446 2118 ex
1463 2085 1526 2118 illo
1543 2086 1652 2128 globo
1668 2097 1732 2119 no-

212 2129 370 2161 bilitatis
387 2131 411 2162 J
427 2130 482 2171 85,
497 2131 547 2163 10.
583 2133 741 2174 superba
756 2132 821 2164 illa
839 2132 968 2175 gravia
986 2149 1027 2154 —
1047 2131 1309 2164 existumantes
1325 2132 1361 2163 H
1377 2132 1413 2163 11
1429 2129 1484 2170 23,
1494 2130 1526 2162 5.
1559 2131 1732 2164 Licenttus

212 2177 264 2206 vel
275 2175 413 2207 liberius
425 2179 524 2208 relat.
541 2187 658 2218 neque
672 2177 757 2218 illis,
775 2178 854 2209 si—
867 2177 1110 2219 (praeasolum
1122 2177 1284 2208 Catilinae
1293 2175 1426 2217 nomen)
1442 2174 1534 2217 (239,
1544 2176 1577 2208 4.
1610 2175 1732 2208 omnia

214 2219 312 2251 mala
337 2220 502 2262 exempla
520 2239 560 2244 —
587 2225 667 2253 orta
692 2225 776 2254 sunt
791 2238 835 2244 —-
852 2232 982 2254 novom
1000 2221 1091 2254 illud
1109 2221 1313 2264 exemplum
1332 2221 1359 2253 O
1376 2221 1418 2253 51
1431 2245 1439 2261 ,
1457 2221 1512 2252 27.
1554 2221 1732 2253 maiorum

212 2264 395 2306 imagines
412 2283 453 2287 —
472 2265 617 2298 scilicet
633 2277 706 2299 non
724 2277 845 2298 ceram
862 2267 965 2299 illam
981 2277 1100 2308 neque
1118 2265 1269 2309 figuram
1285 2267 1309 2298 J
1324 2265 1397 2307 4,6.
1432 2275 1519 2308 quos
1535 2265 1602 2298 illa
1620 2276 1730 2308 quae·

213 2309 282 2341 stio
298 2310 516 2352 exagitabat
530 2311 553 2341 J
566 2310 620 2351 34,
631 2312 664 2342 2.
699 2311 784 2353 quin
799 2311 863 2343 illa
881 2315 917 2343 et
933 2311 1008 2343 alia
1023 2311 1116 2343 talia
1130 2311 1202 2343 sibi
1215 2311 1364 2353 placere
1378 2311 1584 2343 faterentur
1596 2311 1620 2343 J
1636 2309 1690 2351 40,
1708 2311 1747 2352 2,

211 2357 296 2386 conl.
317 2353 349 2387 3.
381 2355 557 2397 Iugurtha
576 2372 613 2377 ——
633 2356 687 2387 uti
704 2366 779 2387 mos
796 2357 942 2397 gentius
959 2356 1057 2388 illius
1076 2359 1132 2387 est
1147 2357 1171 2388 J
1187 2355 1220 2396 6,
1243 2355 1270 2388 1.
1303 2356 1366 2388 ubi
1384 2355 1448 2387 illa
1464 2355 1618 2388 formido
1630 2354 1732 2396 (Car-

210 2398 374 2441 thayinis)
394 2416 431 2421 —
452 2400 610 2432 decessit
632 2401 656 2432 J
679 2400 719 2431 41
733 2425 740 2439 ,
759 2400 792 2432 3.
832 2401 879 2443 in·
893 2400 956 2432 illo
983 2401 1148 2432 exercitu
1165 2401 1189 2433 J
1205 2401 1266 2440 44,
1285 2401 1305 2433 5
1330 2403 1415 2433 conl.
1440 2399 1502 2440 46,
1522 2399 1555 2432 6.
1594 2400 1730 2443 illoque

212 2444 368 2486 aliisque
386 2445 610 2487 temporibus
626 2445 650 2477 J
670 2444 744 2485 100,
764 2445 784 2477 5
802 2447 888 2477 conl.
907 2446 942 2476 H
958 2445 1012 2476 III
1028 2444 1089 2484 67,
1111 2445 1163 2477 17.
1191 2446 1204 2476 i
1219 2444 1274 2478 61.
1317 2445 1382 2477 illa
1401 2445 1543 2487 quidem
1560 2445 1662 2488 piget
1679 2444 1730 2478 di-

213 2500 309 2530 cere,
328 2490 384 2522 his
403 2490 677 2532 annis—quam
693 2490 851 2522 ludibrio
870 2489 1013 2522 fueritis
1031 2490 1055 2521 J
1071 2489 1170 2530 31,2.
1205 2493 1241 2522 et
1256 2490 1346 2522 illud
1363 2490 1552 2532 intellego,
1571 2491 1731 2522 omnium

212 2545 275 2566 ora
292 2535 330 2566 in
347 2545 404 2566 me
422 2545 600 2567 convorsa
617 2545 696 2568 esse
714 2535 738 2567 J
753 2534 815 2574 85,
834 2534 867 2566 5.
910 2545 954 2566 en
972 2534 1056 2574 illa,
1078 2545 1185 2576 quam
1203 2545 1315 2577 saepe
1334 2535 1502 2577 optas-tie,
1528 2535 1682 2567 libertas
1699 2534 1728 2567 C

210 2578 272 2618 20,
294 2579 347 2612 14.
388 2589 507 2622 neque
532 2579 647 2612 solum
669 2579 744 2611 illis
767 2579 890 2612 aliena
906 2589 1008 2611 mens
1027 2583 1122 2618 erat,
1150 2581 1210 2620 qui
1235 2580 1372 2612 conscii
1396 2579 1545 2611 fuerant
1569 2579 1596 2612 C
1614 2579 1675 2620 37,
1697 2579 1728 2611 1.

210 2624 265 2656 illi
283 2635 371 2666 quos
390 2628 474 2656 ante
493 2625 532 2657 C.
552 2625 742 2657 dimiserat
759 2624 786 2657 O
802 2624 857 2662 42,
875 2624 907 2655 2.
933 2623 988 2662 51,
1007 2623 1061 2656 34.
1079 2623 1134 2655 42.
1159 2624 1183 2656 J
1199 2623 1254 2663 28,
1274 2623 1303 2655 1.
1337 2633 1456 2666 neque
1473 2624 1599 2656 virtuti
1615 2623 1729 2656 honos

211 2669 319 2701 datur
334 2680 452 2711 neque
470 2669 534 2707 illi,
555 2670 684 2712 quibus
701 2680 766 2712 per
779 2669 944 2701 fraudem
961 2669 1031 2700 fuit
1047 2669 1111 2708 uti,
1129 2679 1171 2700 eo
1188 2669 1304 2710 magis
1322 2669 1392 2700 tuti
1409 2669 1532 2701 sunt-J
1540 2667 1572 2709 3,
1587 2668 1616 2700 1.
1646 2668 1727 2701 illo-

210 2724 287 2746 rum
311 2714 637 2757 pollicitationibus
663 2733 702 2737 —
729 2725 816 2756 quos
839 2713 948 2756 paulo
974 2716 1059 2745 ante
1086 2713 1298 2755 expleverat
1320 2714 1343 2746 J
1369 2711 1481 2761 20,·1.
1522 2713 1642 2754 qualis
1662 2713 1728 2745 illa

209 2769 281 2800 pax
298 2760 357 2800 sit,
378 2770 421 2791 ex
439 2770 510 2801 qua
526 2776 571 2782 —
586 2760 822 2802 pervenerint
838 2759 862 2791 J
878 2757 932 2798 31,
947 2757 998 2790 19.
1030 2761 1071 2789 ut
1088 2757 1172 2798 illis,
1194 2758 1254 2799 qui
1272 2767 1316 2789 ea
1334 2758 1469 2796 fecere,
1490 2757 1728 2790 oboedientes

209 2804 345 2835 vivatis
361 2805 385 2836 J
402 2803 456 2844 31,
476 2803 530 2837 26.
564 2815 608 2836 ne
626 2804 709 2836 illos
728 2804 873 2847 quidem
891 2803 951 2846 qui
967 2802 1093 2846 procul
1110 2805 1321 2834 manserant
1337 2803 1360 2834 J
1377 2802 1430 2840 57,
1449 2801 1481 2834 6.
1507 2801 1563 2842 60,
1582 2801 1615 2835 3.
1640 2801 1728 2843 85,9

210 2848 299 2888 (illis
320 2866 356 2871 —
377 2849 492 2890 mihi).
525 2859 571 2881 ne
588 2849 644 2880 illi
662 2849 748 2881 falsi
765 2851 860 2889 sunt,
881 2848 940 2891 qui
959 2865 996 2871 —
1018 2850 1215 2890 expectant
1230 2847 1254 2879 J
1270 2846 1330 2888 85,
1349 2845 1405 2879 20.
1424 2845 1480 2878 43.
1510 2846 1572 2887 94,
1595 2847 1623 2879 1.
1656 2848 1692 2880 H
1709 2847 1728 2880 I

209 2893 263 2933 41,
275 2892 307 2934 9,
327 2892 382 2934 48,
393 2892 490 2926 6.21.
523 2894 746 2936 qaerebatur
758 2894 803 2927 de
817 2893 968 2936 ignavia
985 2893 1182 2926 sociorum:
1201 2891 1685 2935 illos—conrumpere043‚
1695 2891 1728 2925 3.
