1826 3282
242 229 294 271 64
657 239 956 269 msromAnvM
987 238 1071 268 Lm.
1100 239 1150 268 111
1188 235 1342 272 8—11.

240 345 278 376 in
303 345 484 375 aemulatus
508 346 583 373 erat
616 342 661 373 ab
692 340 853 373 librariis
886 344 1131 374 conmutatum
1165 351 1257 374 esse.
1314 342 1395 382 Qua
1419 352 1458 374 re
1483 341 1572 383 mihi
1596 340 1758 377 scriben-

241 390 323 420 dum
347 388 462 420 visum
489 390 543 418 est
560 389 754 423 aemulator,
781 397 849 428 quo
867 390 1015 429 recepto
1034 390 1070 418 et
1090 387 1328 429 grammatico
1346 387 1605 429 iniungendum
1623 387 1759 419 crimen

241 433 412 464 minuitur
438 434 473 462 et
497 431 613 462 minus
638 431 806 463 inaudita
829 431 964 463 locutio
990 435 1056 464 est.
1105 433 1199 464 Nam
1223 435 1369 464 veteres
1394 433 1590 474 scriptores
1613 442 1686 464 non
1703 432 1758 464 fu-

241 480 337 519 gisse
364 476 594 508 substantiva
620 487 641 508 a
666 476 786 508 verbis
811 476 913 509 facta
939 487 1019 509 cum
1045 477 1171 509 eodem
1196 487 1285 509 casu
1303 479 1412 519 atque
1437 477 1552 510 verba
1575 477 1657 519 ipsa
1675 487 1758 509 con-

239 526 378 553 struere
403 520 526 552 Plauti
551 521 717 563 exempla
741 521 884 561 docent,
910 522 1088 564 Amphitr.
1114 521 1197 554 519:
1225 524 1305 564 quid
1320 522 1383 554 tibi
1395 522 1481 554 hanc
1497 523 1660 554 curatio-st
1676 526 1756 559 rem,

237 566 389 606 verbero,
416 570 474 597 aut
497 566 663 598 muttitio?
687 565 759 598 vid.
786 566 899 608 Kriig.
927 577 980 609 gr.
1006 566 1070 599 lat.
1096 565 1163 599 473
1189 567 1271 599 adn.
1299 566 1315 598 1
1342 578 1376 609 p.
1403 562 1481 599 (3²2ss.

352 653 376 693 8
407 654 486 707 [ΚΓ.
505 659 561 694 54.
593 658 631 693 G.
654 655 728 708 23].
787 655 912 707 Atque
943 668 1030 696 eum
1061 656 1198 702 Curio,
1238 656 1437 696 laudatum
1466 657 1758 708 adcensumque
1811 703 1813 706 Α

238 723 505 774 praemiorum
534 734 616 773 spe,
645 722 878 774 quibuscum
909 724 1117 774 optavisset
1142 725 1199 763 ire
1232 723 1350 763 iubet.

350 802 441 835 Non.
468 813 502 843 p.
529 801 612 840 244,
640 811 708 843 quo
733 806 854 843 optare
878 802 974 834 idem
1001 812 1081 834 esse
1108 806 1215 844 atque
1241 805 1366 844 eliyere
1390 803 1611 834 ostenderet.
1654 801 1759 842 Quod
1801 800 1810 803 “

237 847 274 878 in
301 847 378 878 eius
403 846 504 878 libris
529 847 703 888 scriptum
730 849 785 878 est
812 847 931 888 Cupio,
962 850 1062 878 recte
1090 847 1299 880 emendavit
1324 846 1461 879 Carrio.
1511 848 1575 878 De*
1594 847 1635 879 G.
1663 846 1758 878 Scri-

237 892 346 923 bonio
373 891 528 923 Curione
561 891 634 924 vid.
669 891 714 923 ad
738 892 774 923 11
799 891 853 924 33.
905 892 994 923 Cum
1025 892 1071 924 ab
1105 903 1146 924 eo
1178 892 1371 924 Dardanos
1404 895 1440 924 et
1469 893 1612 924 Moesos
1642 892 1758 924 victos

239 947 319 968 esse
346 947 497 978 eumque
516 936 577 971 ,ad
601 936 809 968 Danubium
823 942 952 978 ‘usque
983 947 1214 979 progressum
1240 947 1319 968 esse
1353 947 1396 968 ex
1422 936 1531 968 Sexto
1556 937 1650 969 Rufo
1675 936 1695 970 7
1722 940 1758 968 et

236 983 386 1023 Eutrop.
412 982 463 1013 VI
487 982 508 1013 2
534 984 692 1021 constet,
719 991 812 1022 quae
837 984 1009 1013 secuntur
1033 982 1241 1024 fragmenta
1265 982 1400 1013 rectius
1424 981 1492 1014 hoc
1517 981 1597 1014 loco
1620 991 1757 1024 ponun-
1819 1018 1825 1019 ⁷

237 1030 306 1067 tur,
333 1037 439 1068 quam
466 1037 545 1058 cum
571 1026 677 1057 Ponti
702 1026 834 1057 Euxini
858 1026 1103 1068 descriptione
1129 1027 1336 1068 iunguntur.
1398 1061 1400 1063 ,

350 1105 374 1145 9
409 1105 487 1157 [Kr.
513 1109 568 1142 55.
596 1107 645 1142 G-
657 1103 735 1156 99].
792 1104 1022 1156 Nomenque
1053 1104 1275 1153 Danubium
1305 1104 1436 1144 habet.

349 1184 451 1216 Arus.
479 1195 513 1226 p.
539 1182 618 1216 248.
650 1183 720 1216 Sal.
740 1184 832 1215 Hist.
856 1184 911 1215 111
935 1185 977 1216 de
999 1184 1131 1226 flumine
1154 1194 1278 1225 ρεπεν-6
1304 1188 1442 1216 neutro:
1460 1193 1663 1225 nomenque
1681 1184 1756 1216 Da-

236 1228 383 1260 nubium
407 1228 532 1261 habet.
581 1228 721 1261 Eadem
747 1229 900 1260 eandem
925 1228 969 1260 ob
997 1239 1165 1261 caussam
1192 1229 1322 1261 adtulit
1345 1229 1477 1261 Acron.
1505 1228 1550 1260 ad
1572 1229 1660 1261 Hor.
1686 1229 1755 1271 Ep.

234 1275 270 1306 11
294 1273 326 1315 3,
340 1273 407 1306 -18.

349 1364 433 1402 *10
465 1362 544 1416 [Kr.
569 1368 624 1401 56.
666 1365 704 1401 G.
731 1358 829 1415 100]
887 1363 983 1404 Gell.
1017 1363 1062 1402 N.
1094 1365 1137 1403 A.
1169 1363 1203 1402 X
1235 1365 1279 1402 7:
1327 1364 1503 1402 Omnium
1533 1365 1757 1414 fluminum,

235 1443 337 1481 quae
364 1434 404 1470 in
432 1433 576 1483 maria,
607 1443 686 1480 qua
712 1433 919 1480 imperium
945 1431 1167 1470 Romanum
1193 1436 1270 1482 est,
1294 1433 1437 1481 fluunt,
1464 1441 1582 1479 quam
1615 1431 1762 1470 Graeci

235 1491 316 1551 τὴν
345 1500 450 1538 εἴσω
480 1493 718 1537 θάλασσαν
747 1500 972 1549 appellant,
1003 1500 1222 1537 maximum
1246 1509 1330 1536 esse
1354 1498 1486 1536 Nilum
1506 1499 1757 1537 consentitur.

234 1567 428 1606 Proxima
448 1566 721 1615 maynitudine
744 1577 827 1608 6336
847 1566 1027 1604 Histrum
1047 1567 1213 1615 scripsit
1231 1565 1454 1604 Sallustius.
1503 1563 1610 1610 Quae
1640 1563 1755 1604 verba

236 1634 438 1685 scriptoris
468 1633 632 1677 suerint,
666 1634 841 1683 quamvis
870 1632 1042 1672 divinare
1073 1633 1216 1671 frustra
1247 1633 1402 1683 cupias,
1431 1636 1563 1670 tamen
1593 1631 1642 1670 ab
1672 1628 1755 1671 Sal-

234 1700 349 1740 lustio
374 1692 578 1751 proscun'za
605 1701 878 1748 magnitudine
906 1701 1096 1751 scriptum
1126 1699 1245 1739 fuisse
1281 1700 1359 1738 veri
1398 1698 1650 1738 simillumum
1684 1702 1754 1739 est.

347 1801 369 1835 Ψ
385 1803 424 1840 11
461 1800 539 1854 [Kr.
562 1806 594 1839 8.
627 1803 665 1839 G.
692 1799 765 1853 10].
817 1801 916 1840 Eum
943 1805 1059 1851 atque
1081 1800 1375 1852 Metrophanem
1397 1801 1594 1840 Sertorius
1614 1811 1754 1850 magna

233 1869 422 1909 industria
453 1868 729 1920 perqu11·ebat,
773 1880 862 1907 cum
901 1880 973 1919 per
1003 1867 1060 1906 sot
1086 1868 1269 1919 scaphas,
1306 1879 1402 1919 quas
1441 1866 1498 1906 ad'
1527 1868 1623 1906 ostia
1664 1879 1753 1906 cum

234 1938 368 1988 paucis
397 1936 482 1975 fidis
512 1940 811 1987 percunctatum
841 1936 1028 1974 miserant
1057 1933 1256 1973 ******.

344 2016 435 2047 Non.
463 2026 496 2057 p.
522 2013 606 2047 366:
631 2015 779 2056 scaphae
803 2018 881 2046 sunt
905 2015 1087 2054 naviculae,
1115 2002 1494 2056 quaamaiores’naves
1518 2017 1752 2045 consecuntur.

232 2060 410 2093 Sallustius
428 2061 518 2091 Hist.
537 2060 592 2091 lib.
611 2060 698 2091 IIII:
727 2069 807 2090 eum
834 2063 943 2100 atque
959 2058 1226 2100 Metrophanen
1251 2060 1399 2089 senatus
1417 2068 1552 2100 magna
1575 2058 1754 2091 industria
1803 2080 1814 2085 -

231 2105 466 2147 perquirebat
492 2115 571 2135 cum
595 2115 661 2145 per
685 2107 738 2135 tot
762 2103 898 2142 scasas,
926 2113 1015 2144 quas
1041 2103 1087 2134 ad
1111 2103 1206 2134 ostia
1231 2113 1310 2134 cum
1335 2103 1462 2144 paucis
1487 2102 1569 2134 fidis
1599 2109 1751 2145 percun-

233 2153 354 2182 ctatur
372 2150 558 2180 miserant.
600 2148 742 2180 Facilis
766 2148 980 2180 ultumorum
1003 2148 1193 2182 verborum
1220 2147 1424 2180 emendatio
1451 2150 1516 2188 est,
1544 2151 1600 2179 set
1624 2147 1751 2179 obscu-

231 2195 386 2226 rissuma
411 2193 549 2225 relicua
573 2193 699 2225 verba.
749 2193 887 2232 Quibus
914 2192 1050 2234 aliquid
1074 2192 1166 2224 lucis
1193 2203 1234 2224 eo
1262 2191 1482 2232 adfunditur,
1509 2193 1603 2234 quod
1617 2193 1750 2224 Metro-

230 2239 388 2281 phanem
414 2239 509 2280 apud
531 2238 781 2270 Mithridatem
805 2240 989 2280 potentem
1024 2240 1060 2269 et
1091 2237 1290 2279 gratiosum
1323 2237 1436 2268 fuisse
1461 2238 1666 2279 multasque
1691 2247 1750 2269 res

232 2284 309 2315 eius
334 2284 434 2315 iussu
460 2283 734 2315 administrasse
759 2283 955 2314 memoriae
972 2282 1151 2325 proditum
1170 2285 1226 2313 est
1250 2282 1356 2324 (App.
1377 2281 1412 2313 b.
1431 2281 1552 2314 Mithr.
1571 2281 1615 2314 29
1630 2293 1665 2324 p.
1684 2281 1752 2315 346

229 2328 348 2360 Bekk.
384 2328 485 2359 Oros.
513 2328 562 2359 VI
589 2327 640 2359 12.
666 2327 752 2359 Isid.
781 2327 881 2370 Orig.
906 2328 941 2358 II
969 2326 1026 2367 ll,
1058 2327 1073 2358 1
1099 2338 1133 2369 p.
1161 2326 1203 2358 75
1230 2327 1285 2358 ed.
1313 2325 1427 2368 Otto).
1476 2327 1567 2358 Tum
1600 2337 1681 2359 cum
1706 2337 1751 2359 ex

229 2373 377 2405 ultumis
395 2373 519 2405 verbis
537 2373 580 2404 dc
598 2372 728 2404 itinere
747 2373 824 2404 eius
841 2372 1032 2404 maritumo
1050 2381 1251 2403 sermonem
1266 2371 1380 2403 fuisse
1399 2371 1589 2413 adpareat,
1614 2381 1750 2414 magna
1779 2388 1787 2394 .

231 2429 310 2450 cum
336 2418 413 2450 veri
437 2418 562 2459 specie
587 2417 655 2449 viri
681 2417 777 2449 docti
803 2417 979 2459 suspicati
1004 2420 1099 2456 sunt,
1127 2427 1207 2448 eum
1225 2416 1368 2448 Fannio
1395 2419 1432 2448 et
1454 2416 1589 2459 Magio,
1614 2416 1749 2458 legatis
1776 2425 1791 2431 ”

214 2458 277 2495 'ab
302 2473 389 2504 rege
416 2463 461 2494 ad
486 2462 683 2494 Sertorium
708 2461 827 2493 missis
854 2462 939 2503 (vid.
969 2462 1016 2494 ad
1041 2462 1085 2493 fr.
1111 2462 1147 2493 II
1169 2460 1240 2503 49),
1268 2461 1404 2492 socium
1430 2464 1466 2493 et
1491 2461 1660 2493 comitem
1687 2461 1749 2493 ad-

231 2509 343 2540 ditum
369 2508 494 2539 fuisse.
543 2507 591 2538 At
614 2507 708 2538 iusto
734 2507 909 2538 audacius
940 2509 1107 2538 senatum
1139 2516 1220 2538 esse
1253 2516 1358 2547 quem
1384 2506 1563 2538 Sertorius
1594 2505 1664 2538 sibi
1687 2505 1748 2538 dc-

230 2553 373 2596 legerat
399 2552 507 2594 (App.
535 2552 569 2583 b.
597 2562 627 2583 c.
654 2552 671 2582 Ι
698 2550 760 2582 108
784 2562 819 2592 p.
844 2551 922 2582 525.
961 2551 1056 2582 Plut.
1084 2551 1176 2583 Sert.
1204 2561 1233 2582 c.
1261 2549 1330 2592 23)
1363 2553 1608 2582 autumat-unt.
1655 2551 1750 2583 Nam

231 2598 291 2642 qui
315 2598 359 2629 de
386 2608 430 2629 ea
454 2607 493 2628 re
514 2592 758 2628 narraverunt
782 2596 997 2637 scriptores,
1031 2596 1076 2627 ab
1103 2595 1262 2627 Sertorio
1294 2594 1436 2636 legatos
1463 2595 1544 2627 illos
1571 2595 1617 2626 ad
1641 2605 1749 2627 sena-

230 2647 304 2675 tum
323 2643 497 2674 adductos
516 2651 596 2674 esse
613 2641 856 2680 tradiderunt,
883 2650 975 2681 quae
993 2642 1201 2672 senatorum
1218 2640 1255 2670 in
1276 2638 1528 2681 perquirendis
1545 2639 1618 2671 illis
1635 2640 1750 2672 fuerit

230 2688 409 2720 industria
440 2696 581 2729 quoque
612 2686 715 2718 modo
749 2695 829 2717 earn
859 2695 1007 2726 operam
1039 2684 1214 2716 adhibere
1239 2683 1438 2725 potuerint,
1472 2684 1574 2716 nulla
1604 2685 1746 2717 ratione

229 2733 429 2765 invenitur.
474 2733 551 2764 Nec
577 2730 751 2762 credibile
777 2733 832 2762 est
857 2740 954 2769 eum,
989 2729 1048 2771 qui
1072 2728 1288 2771 perquisivit
1316 2728 1476 2770 legatos,
1504 2729 1667 2773 ,scaphas
1701 2729 1748 2761 ad

230 2778 325 2809 ostia
351 2778 486 2808 circum
510 2777 664 2816 misisse,
693 2785 774 2807 cum
798 2775 869 2806 nisi
895 2777 1007 2806 antea
1032 2774 1210 2806 adventus
1229 2773 1396 2814 cognitus
1414 2773 1555 2813 fuisset,
1582 2784 1644 2806 eos
1666 2783 1746 2816 per-

230 2822 371 2863 quirere
396 2832 467 2854 non
491 2821 681 2863 potuisset.
724 2820 806 2860 Qua
830 2829 868 2851 re
893 2819 1151 2861 conrigendum
1175 2817 1301 2859 putavi
1323 2816 1498 2849 Sertorius
1523 2822 1559 2849 et
1585 2821 1747 2850 extrema

229 2867 343 2898 verba
361 2877 491 2898 manca
510 2876 601 2897 esse.
643 2866 821 2897 Miserant
836 2864 951 2906 legati
968 2863 1125 2905 scaphas
1150 2872 1418 2904 myoparonem,
1445 2873 1512 2903 quo
1536 2863 1607 2894 iter
1632 2863 1746 2895 facie-

229 2911 330 2950 bant,
357 2915 514 2951 secutas,
542 2911 587 2942 ad
604 2910 698 2942 ostia
717 2920 796 2942 cum
815 2909 905 2950 fidis,
926 2909 986 2950 qui
1003 2909 1065 2940 ubi
1083 2911 1159 2939 tuto
1177 2908 1213 2938 in
1230 2910 1364 2939 terram
1384 2907 1580 2939 escendere
1598 2910 1747 2950 possent
