1812 3268
213 217 295 258 386
901 224 1035 251 11101111

213 330 246 362 V
265 328 315 360 12.
342 328 355 359 i
370 326 426 358 45.
451 325 507 358 62.
546 324 610 355 ubi
625 323 866 365 pertimuere,
886 340 927 346 —
944 322 1163 355 lacerabunt
1185 323 1221 354 H
1237 323 1293 355 III
1309 322 1370 363 61,
1389 322 1443 355 21.
1484 322 1548 354 ubi
1563 322 1728 365 pericula.

214 373 468 417 propulerant,
489 368 627 401 auxilia
646 386 687 390 —
704 368 904 410 portabant
921 367 948 400 C
966 366 1006 408 6,
1025 367 1056 399 5.
1082 367 1123 409 9,
1142 367 1174 400 3.
1204 366 1263 407 13,
1281 368 1314 400 4.
1343 366 1400 407 16,
1419 368 1452 400 2.
1477 367 1532 408 24,
1550 366 1571 400 3
1587 366 1670 409 (ubi
1687 384 1725 390 —

215 420 374 455 fecerat,
394 434 435 437 —
455 414 731 454 conflaverant).
757 413 780 444 J
796 412 858 452 60,
878 412 909 445 3.
950 413 1014 444 ubi
1039 413 1282 453 consulueris,
1309 430 1352 436 —
1378 412 1480 444 facto
1505 422 1595 454 opus
1619 415 1676 444 est
1699 411 1727 444 C

218 463 248 503 1,
266 462 287 493 6
304 463 390 493 conl.
408 459 463 500 20,
482 458 515 491 9.
541 458 596 500 51,
616 457 647 490 3.
667 457 721 490 36.
747 458 808 498 52,
828 457 872 490 23
890 457 966 499 (ubi
983 460 1020 490 te
1038 476 1082 480 —-
1099 458 1307 497 tradideris,
1331 457 1466 489 frustra
1486 474 1523 479 —
1542 455 1727 499 inplores).

216 510 272 539 est
287 506 389 537 locus
410 523 459 545 —,
478 504 542 535 ubi
558 503 745 545 paululum
764 503 998 534 adscenderis
1024 503 1070 535 ad
1085 503 1230 535 laevam
1249 502 1276 534 C
1294 502 1355 542 55,
1375 501 1407 534 3.
1450 502 1511 534 ubi
1534 502 1579 534 de
1596 511 1730 544 magna

217 552 348 584 virtute
365 558 562 590 memores,
590 565 626 570 —
654 548 792 590 accipit
810 547 836 579 C
855 547 895 588 3,
914 548 946 579 2.
989 548 1103 580 bonus
1123 565 1158 570 —
1180 547 1328 589 segnior
1344 547 1400 586 fit,
1427 547 1491 578 ubi
1514 546 1692 589 neglegas
1707 546 1731 578 J

215 596 275 636 31,
294 594 348 627 28.
393 593 617 636 expurgandi
636 603 784 633 caussa,
810 592 875 624 ubi
899 611 940 615 —-
965 593 1160 625 lacessitus
1186 593 1282 624 foret
1306 593 1353 633 ej.
1380 592 1406 623 C
1431 591 1493 630 31,
1511 591 1543 623 5.
1584 591 1649 623 ubi
1671 601 1731 623 res

214 640 434 683 postularet,
454 649 492 671 se
513 655 550 660 —
570 641 761 671 venturum
777 638 801 669 J
820 637 878 679 12,
897 637 928 670 3.
971 638 1065 680 quod
1089 638 1151 670 ubi
1170 638 1414 679 conperisset,
1442 637 1589 668 obviam
1611 636 1683 668 isse
1707 635 1732 667 J

218 686 269 726 12,
290 684 321 717 3.
354 685 414 716 ubi
428 685 569 724 primum
585 684 778 725 potuisset,
813 683 995 714 facturum
1013 693 1093 714 sese
1110 683 1133 715 J
1151 681 1205 723 64,
1225 683 1257 714 3.
1284 683 1359 714 Ino.
1377 682 1412 713 H
1429 682 1466 713 ΙΙ
1483 680 1538 713 93.
1555 693 1601 708 z
1615 681 1733 713 interr.

217 731 303 773 quid
325 730 458 771 ubique
483 729 563 771 opis
589 731 652 760 aut
682 729 762 770 spei
786 727 965 760 haberent
983 727 1009 758 C
1028 727 1089 768 21,
1113 727 1140 759 l.
1184 727 1270 769 quid
1293 727 1425 769 ubique
1450 726 1565 759 hostis
1579 728 1731 768 ageret,

217 775 406 818 explorare
423 774 446 806 J
464 774 518 814 52,
537 774 568 805 5.
609 773 671 804 ubi
689 773 852 815 gentium
871 776 934 804 aut
952 772 1038 814 quid
1056 773 1217 814 agitaret
1232 773 1256 804 J
1272 772 1328 812 54,
1346 772 1378 803 2.

260 821 456 859 ubicumque
472 822 591 850 turma
607 818 752 859 insequi
770 820 956 859 coeperat,
975 835 1017 839 —
1036 827 1116 849 sese
1133 817 1366 859 recipiebant
1380 816 1404 848 J
1420 815 1475 857 50,
1485 815 1518 847 5.
1551 816 1732 856 ubicumq.

215 876 274 897 res
291 864 516 907 postulabat,
535 863 759 905 praesidium
776 863 973 904 inpositum
991 862 1014 893 J
1031 862 1084 902 54,
1104 861 1137 893 6.

261 911 391 950 ubique.
424 909 485 951 qui
507 909 607 950 ubiq.
631 908 762 950 probro
787 907 1046 949 praestabant,
1071 924 1116 929 ——
1139 907 1289 938 Romam
1310 906 1559 938 confluxerant
1576 905 1603 937 C
1621 904 1734 943 37,5.

217 955 311 997 quod
329 953 542 1031 υὺὶᾳὲὃεριιᾶ
560 954 679 985 506105
697 955 760 984 aut
776 952 892 984 hostis
910 952 1077 984 idoneum
1095 952 1309 992 videbatur,
1335 969 1371 973 -
1393 951 1489 983 domi
1508 950 1736 992 exequeban—

215 1004 275 1032 tur
292 1000 318 1032 C
337 999 391 1040 51,
411 1002 418 1009 ”
457 1023 465 1030 .

261 1045 381 1077 ubivis.
412 1046 453 1075 ut
468 1043 587 1076 ubivis
604 1043 716 1075 tutius
735 1053 841 1085 quam
860 1043 897 1074 in
915 1053 994 1074 meo
1012 1053 1123 1084 regno
1143 1052 1259 1074 essem
1276 1043 1299 1074 J
1319 1041 1371 1081 14,
1392 1041 1444 1072 11.

262 1090 387 1123 1111111115
407 1089 442 1120 Η
459 1089 472 1120 1
489 1088 533 1121 6.·

262 1135 390 1167 ulcisci.
422 1134 540 1165 victos
559 1133 732 1165 acerbius
748 1132 878 1164 ulcisci
901 1133 1028 1165 volunt
1045 1132 1069 1164 J
1085 1132 1147 1172 42,
1165 1132 1197 1164 4.
1239 1142 1405 1163 maxume
1429 1130 1495 1163 ulti
1521 1130 1735 1171 sanguinem

221 1184 383 1213 nostrum
401 1179 427 1210 C
447 1178 501 1219 33,
521 1179 552 1210 5.
595 1178 693 1210 ultus
719 1179 874 1210 iniurias
891 1178 925 1209 H
943 1178 993 1209 IV
1010 1176 1071 1217 61,
1093 1177 1145 1209 11.
1187 1177 1302 1208 ultum
1326 1178 1379 1208 irc
1406 1176 1559 1207 iniurias
1582 1174 1739 1206 festinat

219 1226 243 1257 J
260 1224 315 1265 68,
335 1225 349 1256 1
369 1226 453 1257 conl.
472 1223 586 1255 ultum
605 1223 759 1254 iniurias
775 1223 900 1254 hortor
915 1223 949 1254 H
966 1223 1023 1254 III
1040 1221 1094 1262 61,
1116 1221 1168 1253 17.
1209 1233 1255 1254 nc
1273 1223 1311 1253 111
1329 1221 1490 1254 vitandis
1506 1220 1625 1262 magis
1641 1218 1737 1261 peri-

222 1270 314 1302 culis
333 1279 440 1311 quam
457 1269 495 1300 in
511 1268 724 1300 ulciscendo
743 1268 944 1300 teneamini
961 1268 995 1298 H
1014 1267 1031 1298 I
1048 1267 1102 1308 41,
1125 1267 1154 1298 l.
1198 1267 1370 1309 quidquid
1394 1267 1471 1298 sine
1490 1265 1668 1307 sanguine
1687 1263 1738 1295 ci-

217 1316 316 1348 vium
332 1315 464 1346 ulcisci
481 1314 651 1355 nequitur
666 1314 689 1344 J
706 1312 760 1353 31,
780 1312 812 1344 8.

265 1361 366 1391 1111115.
397 1359 533 1390 talibus
550 1359 640 1390 viris
657 1368 730 1389 non
745 1358 847 1389 locus
864 1357 1084 1398 ullus'aspei·
1100 1374 1143 1378 —
1161 1360 1241 1389 erat
1261 1356 1288 1389 C
1306 1357 1337 1396 7,
1356 1356 1388 1388 5.
1429 1356 1535 1387 nobis
1549 1354 1671 1386 larem·
1683 1353 1738 1385 fa·
1802 1358 1805 1359 ’

226 1403 406 1437 miliarem
424 1412 600 1444 nusquam
618 1402 730 1434 ullum
749 1402 874 1434 esse‘C
892 1401 952 1441 20,
977 1401 1026 1433 11.
1066 1412 1183 1442 neque
1209 1402 1246 1432 in
1263 1402 1336 1433 ullo
1353 1401 1434 1433 loco
1452 1400 1606 1442 amplius
1623 1408 1739 1431 mora-

223 1453 282 1481 tus
300 1450 322 1481 J
341 1448 401 1489 76,
426 1448 453 1480 1.
496 1458 613 1490 neque
640 1451 789 1479 senatus
814 1447 857 1478 de
882 1446 956 1478 ullo
973 1447 1121 1488 negotio
1140 1447 1301 1478 abnuere
1320 1445 1481 1477 audebat
1497 1445 1517 1476 J
1536 1444 1591 1484 84,
1611 1443 1644 1476 3.
1676 1453 1738 1474 116-

225 1506 292 1537 que
311 1494 526 1526 histrionem
542 1493 654 1524 ullum
670 1510 714 1514 —
731 1492 848 1523 habeo
865 1492 888 1523 J
905 1491 959 1531 85,
971 1490 1025 1523 39.
1054 1501 1171 1532 neque
1189 1491 1268 1533 pati
1284 1490 1394 1522 ullam
1414 1500 1457 1521 ex
1475 1490 1618 1522 civibus
1634 1498 1739 1530 prae-

224 1540 306 1572 dam
327 1549 405 1571 esse
423 1539 458 1570 H
475 1539 492 1570 I
509 1538 564 1578 41,
587 1536 637 1569 18.
679 1547 751 1568 non
770 1537 849 1568 acie
867 1546 984 1578 neque
1003 1536 1077 1567 ullo
1094 1546 1192 1567 more
1206 1535 1324 1577 proeli
1338 1536 1361 1567 J
1377 1534 1420 1566 97
1432 1559 1440 1574 ,
1458 1535 1490 1566 4.
1530 1543 1648 1575 neque
1665 1532 1740 1564 illis

224 1587 348 1617 castra
367 1593 447 1615 6556
464 1593 582 1624 neque
600 1583 859 1614 munimentum
875 1581 986 1612 ullum
1003 1581 1026 1612 J
1043 1580 1096 1618 51,
1113 1580 1146 1611 5.
1181 1590 1298 1622 neque
1316 1581 1426 1621 fugae
1443 1589 1561 1620 neque
1579 1577 1741 1619 praesidi

220 1630 332 1661 ullam
349 1639 450 1670 spem
468 1628 495 1659 C
515 1628 569 1668 57,
588 1627 620 1659 5.
663 1627 792 1668 quibus
816 1626 915 1657 mala
941 1625 1085 1656 abunde
1110 1626 1232 1656 omnia
1256 1628 1362 1656 erant
1386 1626 1443 1655 set
1464 1633 1582 1664 neque
1601 1632 1660 1653 res
1678 1631 1740 1653 ne-

222 1685 290 1716 que
315 1684 399 1716 spes
424 1673 521 1704 bona
544 1672 621 1704 ulla
639 1672 666 1703 C
684 1671 745 1711 21,
768 1670 795 1702 1.
837 1671 940 1702 cuius
962 1680 1044 1711 neq.
1073 1670 1262 1701 consilium
1286 1679 1402 1711 neque
1427 1669 1612 1710 inceptum
1629 1666 1740 1698 ullu-m

222 1721 357 1751 frustra
375 1721 456 1749 erat
472 1718 495 1749 J
513 1718 544 1757 7,
564 1715 596 1748 6.
636 1726 720 1757 neq.
746 1715 946 1757 Iugurthae
972 1715 1049 1747 dies
1075 1718 1137 1746 aut
1163 1725 1234 1746 nox
1258 1714 1335 1746 ulla
1359 1713 1483 1755 quieta
1501 1712 1609 1744 fuitJ
1627 1711 1687 1750 72,
1706 1711 1739 1742 2.

222 1774 339 1806 neque
360 1764 460 1795 facto
477 1762 550 1794 ullo
568 1772 649 1803 neq.
669 1761 768 1792 dicto
788 1761 972 1792 abstinere
990 1760 1013 1792 J
1029 1758 1084 1800 64,
1104 1760 1136 1791 5.
1179 1760 1307 1801 quibus
1324 1769 1395 1790 non
1413 1759 1570 1790 humana
1586 1756 1662 1788 ulla
1677 1766 1741 1787 ne-

222 1820 288 1851 que
308 1809 432 1840 divina
452 1807 652 1839 obstantH
670 1806 720 1837 IV
738 1805 792 1846 61,
816 1805 867 1836 17.
909 1805 1086 1836 militibus
1106 1822 1143 1826 -
1164 1815 1280 1846 neque
1298 1804 1383 1835 ullis
1401 1803 1446 1835 ad
1465 1803 1572 1844 signa
1589 1801 1740 1833 redeun-

220 1855 316 1886 tibus
334 1854 369 1884 H
385 1854 440 1884 III
456 1852 512 1892 67,
530 1852 561 1883 2.
604 1851 683 1883 sine
701 1850 777 1882 ulla
794 1850 966 1892 pactione
985 1860 1023 1881 56
1041 1850 1187 1881 tradere
1204 1850 1227 1881 J
1244 1848 1305 1889 62,
1325 1848 1356 1881 3.
1393 1851 1583 1890 postquam
1600 1848 1741 1877 tantam

222 1910 297 1931 rem
322 1898 399 1930 sine
423 1897 496 1929 ullo
521 1907 665 1928 suorum
682 1895 908 1927 incommodo
926 1895 1090 1937 patravit
1104 1895 1127 1926 J
1144 1893 1198 1934 92,
1221 1893 1250 1926 1.
1292 1894 1436 1936 parcite
1454 1891 1629 1934 dignitati
1645 1891 1741 1922 Len-

222 1944 306 1984 tuli,
339 1943 369 1975 si
397 1943 476 1984 ipse
499 1960 542 1965 ——
567 1942 646 1973 deis
678 1944 740 1972 aut
764 1940 970 1972 hominibus
995 1939 1079 1970 ullis
1103 1939 1269 1981 pepercit
1294 1938 1321 1970 C
1344 1938 1405 1977 52,
1431 1936 1486 1969 32.
1536 1935 1682 1978 eripite,
1708 1935 1741 1966 si

220 1989 297 2021 ulla
322 1988 417 2030 apud
441 1998 504 2020 vos
529 1989 694 2018 remanet
716 1986 891 2018 memoria
913 1985 1134 2016 Masinissae
1158 1984 1182 2016 J
1198 1984 1258 2024 24,
1280 1983 1332 2015 10.
1380 1986 1576 2024 antequam
1598 1980 1742 2022 signum

223 2037 286 2065 aut
304 2033 480 2075 inperium
499 2032 610 2063 ullum
629 2032 796 2072 accipere
817 2030 933 2072 quivit
948 2030 971 2061 J
988 2028 1043 2067 97,
1061 2029 1093 2060 4.
1362 2026 1382 2070 2

267 2078 411 2110 ulterior
430 2077 554 2109 Gallia
573 2076 600 2108 C
619 2076 673 2116 42,
697 2076 724 2108 1.
745 2075 776 2107 3.
816 2074 1008 2117 provincia
1025 2075 1060 2106 H
1076 2075 1114 2106 II
1131 2074 1185 2105 24.
1227 2072 1414 2114 Hispania
1431 2072 1465 2103 H
1482 2072 1517 2103 II
1535 2069 1589 2110 23,
1612 2070 1640 2102 l.

266 2124 360 2154 ultra
382 2122 617 2163 Aethiopiam
643 2131 754 2163 agere
773 2121 807 2151 H
826 2121 844 2152 Ι
861 2119 915 2152 63.
957 2129 1029 2150 non
1051 2129 1086 2151 11.
1106 2118 1287 2150 contionis
1304 2118 1422 2149 locum
1439 2126 1616 2148 memores
1633 2114 1668 2145 H
1689 2113 1742 2146 111

224 2167 280 2208 61,
302 2167 353 2199 14.
394 2176 428 2198 11.
448 2167 688 2198 Romanorum
708 2176 841 2197 morem
859 2165 894 2196 H
911 2165 946 2195 II
962 2163 1017 2204 23,
1033 2165 1065 2195 2.
1099 2174 1132 2195 u.
1152 2163 1327 2205 praedam
1345 2161 1435 2193 nihil
1454 2161 1619 2203 cogitare
1636 2159 1672 2190 H
1684 2159 1742 2190 111

223 2212 284 2253 67,
307 2212 357 2243 12.
382 2224 427 2238 Ξ
450 2213 602 2243 mortem
621 2229 661 2232 —-
679 2211 842 2251 requiem
858 2227 902 2232 —
920 2219 1019 2241 esse:
1044 2219 1078 2241 u.
1096 2219 1180 2250 neq.
1202 2218 1310 2239 curae
1329 2217 1445 2249 neque
1464 2205 1598 2248 gaudio
1622 2204 1741 2236 locum

225 2267 305 2289 esse
325 2256 351 2288 C
369 2255 423 2295 51,
441 2255 496 2287 20.
539 2255 624 2296 quid
640 2255 762 2286 ultra?
779 2255 813 2285 H
829 2255 846 2285 Ι
863 2254 917 2294 41,
939 2254 990 2286 11.

268 2303 368 2333 ultro.
399 2300 643 2332 Adherbalem
660 2309 695 2330 11.
714 2299 848 2330 bellum
866 2299 1085 2330 inferentem
1102 2298 1126 2330 J
1147 2297 1196 2338 15,
1217 2297 1247 2329 1.
1288 2307 1324 2329 11.
1343 2296 1486 2329 obferre
1504 2304 1664 2337 pugnam
1681 2303 1742 2325 cu-

225 2347 410 2389 pientibus
427 2346 462 2376 H
478 2345 534 2376 III
550 2343 593 2376 67
606 2368 614 2384 ,
636 2343 687 2375 ll.
729 2354 835 2384 rech
862 2354 895 2374 u.
923 2343 1060 2375 auxilia
1083 2343 1262 2374 mittundo
1278 2342 1301 2374 J
1318 2341 1374 2381 43,
1393 2342 1424 2373 4.
1465 2340 1588 2372 multis
1605 2339 1741 2371 oranti-

226 2394 303 2432 bus,
324 2391 407 2423 aliis
424 2400 457 2422 11.
477 2392 622 2432 egomet
639 2399 744 2430 opem
762 2387 828 2418 tuli
845 2388 867 2419 J
888 2387 968 2428 110,
989 2388 1019 2419 2.
1062 2398 1095 2420 u.
1115 2388 1304 2419 licentiam
1324 2390 1468 2418 auctum
1486 2383 1690 2427 properatis
1706 2382 1742 2414 H

225 2438 277 2469 111
294 2435 355 2476 61,
377 2435 428 2467 16.
470 2434 681 2466 maritumas
708 2433 896 2471 civitates,
923 2442 958 2463 11.
983 2433 1088 2463 nobis
1114 2432 1273 2474 sumptui
1291 2432 1429 2472 oneriq.
1454 2431 1484 2462 H
1501 2430 1535 2461 11
1551 2428 1614 2470 96,
1631 2427 1664 2460 9.
1706 2437 1741 2459 u.

226 2482 282 2514 illi
300 2481 453 2523 gloriam
472 2482 509 2511 et
525 2489 675 2521 regnum
691 2481 880 2509 venturum
897 2477 919 2508 J
936 2476 967 2516 8,
987 2477 1007 2507 2
1025 2479 1111 2508 conl.
1134 2477 1209 2518 111,
1230 2477 1259 2509 1.

270 2527 464 2563 Umbrenus,
480 2526 515 2557 P.
535 2524 562 2556 O
579 2523 633 2556 40.
658 2524 712 2555 44.

270 2579 430 2611 umquam.
463 2569 564 2601 cuius
581 2572 728 2610 praeter
744 2568 894 2599 formam
912 2565 1002 2597 nihil
1019 2576 1053 2597 u.
1071 2566 1186 2598 bonus
1203 2565 1369 2597 laudavit
1387 2565 1413 2597 C
1435 2564 1486 2604 15,
1505 2564 1538 2595 2.
1579 2565 1620 2594 111
1635 2571 1741 2594 1161110

227 2627 260 2648 u.
281 2617 326 2648 ab
345 2626 387 2647 eo
406 2616 541 2646 frustra
558 2613 731 2645 auxilium
749 2611 923 2654 petiverit
941 2611 967 2643 C
985 2610 1046 2650 34,
1067 2610 1095 2641 1.
1138 2621 1256 2651 neque
1281 2610 1410 2641 consili
1427 2618 1543 2650 neque
1562 2606 1740 2639 audaciae

227 2673 262 2693 u.
281 2671 414 2703 eguere
433 2660 459 2691 C
478 2659 539 2699 51,
559 2658 612 2691 37.
656 2658 716 2700 qui
739 2657 827 2689 mihi
850 2656 985 2688 nullius
1010 2665 1043 2687 u.
1070 2655 1197 2686 delicti
1215 2655 1372 2695 gratiam
1390 2653 1560 2685 fecissem
1579 2652 1605 2683 C
1623 2651 1687 2691 52,
1706 2650 1742 2682 8.

228 2706 363 2738 bellum
387 2704 603 2746 nequefeci
628 2713 746 2744 neque
773 2702 911 2734 factum
933 2711 967 2732 11.
992 2700 1092 2733 volui
1115 2699 1137 2731 J
1166 2699 1246 2736 110,
1265 2698 1296 2730 6.
1345 2698 1376 2730 si
1400 2698 1478 2729 deis
1503 2699 1566 2728 aut
1589 2695 1742 2727 homini-

229 2752 294 2783 bus
311 2750 396 2782 ullis
412 2760 446 2781 u.
466 2749 632 2791 pepercit
650 2748 676 2779 O
694 2747 750 2786 52,
768 2746 823 2779 32.
865 2746 993 2788 quibus
1010 2746 1042 2777 si
1060 2744 1253 2786 quidquam
1270 2754 1304 2775 u.
1325 2743 1428 2785 pensi
1447 2742 1588 2781 fuisset,
1606 2750 1679 2773 non
1697 2749 1742 2771 ea

230 2795 385 2827 consilia
400 2794 617 2826 habuissent
634 2793 661 2824 C
679 2793 733 2832 52,
752 2791 807 2824 34.

274 2848 348 2871 una.
379 2840 473 2871 haec
496 2838 685 2871 vobiscum
708 2848 742 2868 11.
769 2835 894 2868 60115111
913 2846 1020 2877 agam
1038 2834 1065 2866 C
1083 2833 1144 2873 20,
1167 2833 1219 2865 17.
1260 2832 1355 2865 unde
1372 2843 1407 2864 u.
1427 2832 1614 2865 vobiscum
1631 2839 1740 2872 expu-
1790 2867 1793 2870 Ι

230 2884 306 2916 lere
324 2885 346 2916 J
368 2884 424 2923 14,
442 2883 474 2915 8.
517 2886 640 2915 nostra
665 2893 711 2913 an
728 2882 914 2914 nobiscum
931 2890 965 2912 u.
983 2879 1139 2912 hostium
1158 2879 1278 2910 futura.
1295 2878 1368 2910 sint
1387 2877 1413 2909 C
1432 2877 1493 2917 52,
1513 2875 1566 2908 10.
1607 2875 1639 2907 si
1655 2875 1740 2906 huic
