1838 3288
322 254 621 283 msTomARVM
654 255 827 282 mcum*-
859 256 1033 282 mssnou.
1060 255 1206 287 numo.
1238 247 1412 284 53—60.
1554 241 1632 281 133

101 366 196 398 quae
219 355 424 388 internecio
450 355 597 395 fuisset,
631 355 703 388 nisi
732 355 870 387 milites
896 356 1072 388 advorsus
1095 355 1317 398 inperatoris
1343 354 1500 387 edictum
1525 364 1630 397 prae-

100 401 184 433 dam
215 400 413 433 studiosius
445 400 696 443 conlegissent
721 399 865 441 (Drum.
892 401 943 433 IV
967 412 1002 443 p.
1033 399 1128 441 136).
1187 400 1252 433 Set
1282 399 1373 432 nihil
1405 399 1528 432 obstat
1560 410 1630 442 quo

99 446 217 478 minus
242 446 493 488 praecessisse
519 446 756 487 arbitremur:
783 446 850 477 nisi
869 456 942 478 nox
961 446 1129 487 proelium
1153 447 1356 478 diremisset.

212 524 264 564 53
296 524 377 577 [Kr.
405 530 457 563 19.
490 526 529 563 G.
555 524 632 577 27].
692 524 806 575 Apud
832 524 955 563 latera
987 527 1117 563 certos
1147 524 1434 564 conlocaverat.

211 604 312 636 Serv.
339 603 386 636 ad
411 604 520 646 Verg.
546 603 589 635 A.
617 603 634 635 I
657 602 737 643 576,
762 607 876 635 certos
901 602 1021 636 firmos
1047 613 1128 635 esse
1154 603 1302 636 docens.

211 683 263 722 54
298 682 377 735 [ΚΡ.
399 688 454 720 20.
491 684 529 721 G.
554 681 692 735 11125]
760 681 966 722 Profectus
999 682 1158 734 quidam
1196 682 1315 732 Ligus
1350 683 1399 722 ad
1439 684 1626 735 requisita

97 754 249 790 natura.

207 817 267 849 Ita
292 817 391 849 haec·
410 817 551 860 profert
575 816 736 859 Pompei.
762 817 800 848 in
824 816 959 849 Donat.
985 828 1020 860 p.
1047 815 1115 849 440
1139 812 1316 849 Lindem(
1349 818 1474 858 Quint.
1502 822 1625 851 autem

95 862 186 894 VIII
210 860 242 902 6,
268 861 313 894 59
345 865 510 895 extrema
541 865 684 894 tantum
714 862 786 894 tria
818 862 935 894 verba
959 866 1221 895 conmemorat.
1270 863 1346 894 Non
1371 873 1518 905 possum
1542 865 1624 897 sub-

95 906 253 949 primere
278 907 535 950 suspitionem,
562 907 736 951 Pompeio
761 907 864 939 illum
882 907 1056 950 Ligurem
1083 918 1127 939 ex
1142 908 1239 940 Mari
1265 908 1428 940 exercitu
1453 908 1546 952 (Iug.
1564 909 1647 951 93)-

96 953 202 995 quasi
227 955 313 985 ante
339 952 463 986 ocules
488 955 675 986 vorsatum
701 963 794 993 esse,
819 956 860 984 ut
884 953 973 985 duos
997 952 1099 985 locos
1125 952 1278 985 Sallusti
1305 954 1558 986 eonmisceret.

211 1033 263 1071 55
296 1031 376 1085 [Kr.
400 1037 456 1070 21.
496 1034 535 1071 G.
558 1031 635 1084 24]
691 1031 801 1071 More
841 1032 1035 1084 equestris
1064 1031 1190 1083 proeli
1220 1033 1386 1084 sumptis
1411 1034 1533 1084 tergis
1566 1037 1622 1073 at-

95 1112 171 1151 que
196 1099 371 1139 redditis.

206 1178 307 1211 Serv.
335 1178 382 1211 ad
406 1179 516 1220 Verg.
540 1178 583 1210 A.
614 1178 666 1211 XI
689 1177 775 1211 619:
815 1178 908 1211 Sane
940 1190 1026 1212 nunc
1046 1179 1182 1221 fugiunt
1204 1189 1271 1211 non
1295 1182 1430 1218 timore,
1461 1184 1515 1213 set
1547 1183 1619 1223 lege

88 1224 294 1265 proeliandi.
344 1223 544 1256 Sallustius:
569 1234 668 1256 more
694 1242 738 1246 —-
762 1223 926 1256 redditis.

206 1302 260 1342 56
291 1302 371 1356 [Kr.
390 1308 447 1342 22.
465 1305 503 1341 G.
522 1302 598 1355 25]
643 1303 829 1355 Regressi
845 1303 893 1342 ad
911 1302 1106 1343 faciliores
1121 1304 1221 1343 ictus
1237 1303 1345 1343 locos
1362 1304 1616 1356 quaerebant.

205 1381 306 1415 Serv.
335 1382 381 1415 ad
405 1382 515 1425 Verg.
539 1381 631 1415 Aen.
657 1382 710 1415 IX
734 1381 818 1414 749:
844 1383 926 1414 Alte
943 1385 1117 1424 consurgit
1139 1383 1173 1414 in
1189 1393 1320 1420 ensem,·
1341 1393 1448 1425 ,qenus
1466 1384 1622 1424 feriendi

93 1427 308 1460 Gallicanum.
359 1426 560 1460 Sallustius:
591 1428 753 1470 regressi
783 1430 855 1460 cet.
904 1427 1024 1470 Volgo
1050 1427 1223 1460 scribitur
1246 1430 1321 1461 loco
1346 1429 1527 1467 cedebant,
1561 1434 1617 1463 set

92 1483 173 1504 cum
199 1472 258 1515 qui
285 1472 331 1505 ad
361 1472 551 1505 faciliores
582 1473 678 1505 ictus
707 1472 918 1505 inferendos
948 1472 1221 1515 regrediantur,
1253 1473 1325 1506 nisi
1357 1477 1420 1506 aut
1450 1475 1617 1517 perfecto

93 1520 156 1550 aut
178 1517 363 1560 prohibito
387 1517 541 1550 consilio
563 1528 638 1551 non
668 1518 863 1558 recedant,
899 1528 986 1560 ergo
1019 1518 1137 1550 minus
1169 1517 1280 1561 plena
1311 1519 1359 1550 sit
1391 1520 1526 1558 oratio,
1559 1531 1616 1552 re-

90 1562 299 1605 cipiundum
321 1563 478 1603 videtur,
505 1563 600 1605 quod
626 1562 748 1596 Guelf.
774 1563 792 1595 I
817 1562 965 1595 exhibet
989 1565 1082 1596 locos
1107 1563 1334 1606 quaerebant,
1368 1564 1415 1596 ad
1440 1565 1535 1607 quod
1559 1576 1615 1598 re-

89 1607 245 1641 ferunda
269 1611 352 1640 sunt
374 1608 490 1642 verba
514 1610 561 1641 ad
579 1608 757 1649 faciliores
779 1609 877 1641 ictus.
1048 1626 1068 1646 0

202 1688 255 1726 57
290 1686 370 1739 [Kr.
391 1692 447 1725 23.
478 1689 516 1725 G.
538 1686 680 1739 11151].
742 1687 999 1737 Inpediebant
1026 1688 1127 1727 iussa
1155 1692 1378 1727 nautarum.

201 1765 302 1798 Serv.
331 1765 376 1798 ad
400 1766 510 1808 Verg.
536 1766 578 1797 A.
606 1766 663 1798 III
692 1765 771 1798 128:
802 1766 972 1798 Celeusma
996 1770 1106 1798 autem
1130 1768 1230 1809 quasi
1242 1772 1474 1809 praeceptum.
1519 1769 1613 1802 Unde

87 1810 286 1843 Sallustius:
316 1811 568 1854 impediebant
598 1814 670 1843 cet.
724 1812 778 1843 Ne
809 1811 899 1843 illud
924 1811 1068 1853 quidem
1093 1812 1340 1854 dignoscitur,
1372 1814 1464 1845 iussa
1494 1817 1613 1846 utrum

87 1856 322 1889 accusativus
348 1867 395 1888 an
419 1856 666 1888 nominativus
692 1856 750 1888 sit.

198 1935 251 1976 58
283 1935 362 1988 [Kr.
386 1940 442 1972 24.
479 1937 517 1973 G.
542 1935 618 1988 22]
678 1934 786 1981 Quae
823 1938 934 1986 pacta
974 1936 1014 1973 in
1049 1936 1308 1975 conventione
1335 1948 1415 1975 non
1447 1939 1611 1988 praesti-

82 2003 231 2042 tissent.

195 2070 336 2102 Adtulit
360 2070 496 2103 Donat.
525 2070 570 2103 ad
595 2070 679 2102 Ter.
706 2070 799 2102 Eun.
826 2070 882 2103 III
905 2070 938 2111 2,
968 2069 1008 2103 13
1033 2070 1078 2102 ob
1103 2073 1332 2104 conventionis
1356 2072 1585 2106 vocabulum.

196 2150 249 2190 59
281 2148 362 2204 [Kr.
385 2154 441 2186 25.
473 2151 512 2187 G.
539 2149 613 2202 19].
674 2149 718 2188 In
748 2150 854 2189 nuda
884 2151 1027 2189 intecta
1055 2161 1236 2200 corpora.

195 2222 362 2255 Diomed.
382 2234 416 2265 p.
435 2222 501 2254 447
529 2233 609 2255 cum
633 2222 728 2254 haec
745 2222 1031 2256 homoeoteleuti
1055 2222 1260 2266 exemplum
1286 2227 1544 2264 conmemoret,
1570 2228 1611 2257 ut
1641 2230 1643 2233 ⁴

83 2271 210 2311 aperte
235 2268 274 2300 in
298 2267 396 2300 nuda
421 2271 458 2300 et
480 2267 622 2300 intecta
647 2278 801 2310 corpora
824 2268 1029 2311 promiscue
1056 2268 1194 2310 aliquid
1211 2269 1350 2301 factum
1368 2279 1447 2301 esse
1473 2270 1610 2302 dictum

83 2313 204 2354 fuerit,
216 2313 442 2346 reiciundam
457 2323 538 2345 esse
554 2313 709 2355 adparet
717 2313 916 2346 editionum
930 2313 1235 2356 interpolatarum
1243 2314 1463 2357 scripturam
1470 2317 1607 2348 iniecta.

197 2392 250 2432 60
282 2391 363 2444 [Kr.
386 2396 442 2430 26.
469 2394 508 2430 G.
531 2391 641 2444 121]
690 2392 778 2432 Non
815 2392 1127 2444 repugnantibus
1157 2393 1290 2449 modo·
1305 2397 1363 2433 set
1392 2406 1442 2433 ne
1471 2394 1610 2434 deditis

82 2460 237 2513 quidem
270 2471 291 2498 a
318 2459 344 2498 b
375 2472 396 2498 c
427 2471 478 2498 m.

194 2534 250 2565 Ita
274 2532 368 2565 haec
393 2533 532 2576 scripta
558 2535 685 2565 extant
711 2544 769 2576 ap.
795 2533 931 2566 Donat.
962 2533 1009 2566 ad
1031 2534 1116 2566 Ter.
1143 2533 1288 2566 Phorm.
1315 2535 1333 2566 I
1357 2534 1396 2573 2,
1422 2532 1466 2565 48
1492 2527 1608 2576 αὐξή-

82 2587 173 2617 σεως
205 2577 422 2620 exemplum.
480 2578 631 2610 Litteris
661 2578 735 2610 illis
773 2578 946 2611 extremis
977 2579 1176 2611 Debrossio
1210 2582 1357 2611 auctore
1391 2578 1607 2610 Gerlachius

82 2623 283 2666 significari
308 2623 452 2655 censuit
475 2623 590 2656 verba
614 2628 743 2656 atrocis
766 2623 844 2657 belli
866 2625 982 2656 clades
1005 2623 1243 2663 metuentibus,
1277 2634 1404 2666 parum
1435 2623 1606 2664 probabi-

81 2668 178 2709 liter,
205 2668 376 2711 quoniam
401 2668 462 2710 qui
487 2679 524 2700 se
549 2668 646 2701 hosti
671 2669 802 2701 victori
819 2669 1043 2708 dediderint,
1070 2669 1124 2701 eis
1142 2668 1230 2700 belli
1248 2668 1373 2700 clades
1391 2678 1462 2699 non
1480 2667 1607 2699 eodem

81 2714 186 2746 modo
211 2723 279 2755 quo
304 2713 595 2756 repugnantibus
620 2714 836 2746 metuendas
862 2724 942 2746 esse
968 2717 1132 2756 apertum
1157 2716 1223 2744 est.
1265 2712 1495 2753 Quamquam
1518 2723 1605 2744 vero

81 2759 153 2790 nisi
175 2769 272 2791 nova
296 2758 460 2791 subsidia
483 2759 636 2791 inventa
661 2759 810 2798 fuerint,
836 2759 938 2790 nulla
963 2769 1046 2801 spes
1073 2761 1129 2789 est
1153 2758 1230 2789 fore
1255 2760 1294 2788 ut
1312 2760 1387 2789 tam
1405 2756 1519 2788 densa
1545 2768 1603 2789 ca-

81 2803 155 2846 ligo
181 2803 419 2842 diffundatur,
458 2807 583 2836 tamen
616 2814 697 2836 cum
729 2805 839 2836 dediti
868 2804 981 2836 etiam
1014 2803 1086 2834 sint
1118 2802 1177 2844 qui
1211 2801 1366 2834 alicuius
1393 2802 1605 2834 auctoritati

81 2851 118 2880 et
141 2847 225 2880 fidei
250 2858 330 2880 sese
357 2848 542 2889 addixere,
571 2849 616 2881 ab
641 2849 699 2880 his
725 2851 847 2880 autem
871 2848 964 2879 nihil
987 2848 1106 2879 minus
1131 2856 1238 2888 quam
1264 2846 1310 2878 ab
1335 2846 1397 2878 illo
1422 2846 1603 2879 dissensio

81 2893 271 2935 expectari
294 2895 421 2935 possit,
447 2894 514 2925 hoc
540 2893 629 2925 mihi
653 2894 691 2925 in
716 2897 875 2925 mentem
899 2892 1046 2925 venisse
1073 2891 1210 2923 dicam:
1238 2891 1502 2924 adsentientibus
1526 2890 1603 2934 (vel

80 2937 357 2980 adprobantibus)
383 2938 531 2970 bellandi
553 2939 723 2971 eonsilium
747 2939 856 2969 mittit.

829 3092 855 3121 ὁ
