1826 3282
229 235 280 277 24
662 247 960 276 HISTORIARVM
991 248 1073 274 ΜΒ.
1105 248 1120 273 1
1150 242 1324 278 70—73.

231 351 276 383 ab
309 350 468 388 Fufidio,
502 359 581 380 cum
615 348 660 380 ad
684 348 827 380 Baetim
851 348 971 380 victus
997 351 1113 388 esset,
1147 349 1362 380 arcessitum
1387 359 1486 388 esse,
1519 359 1586 392 quo
1613 348 1742 381 eximio

231 395 396 428 acumine
420 393 544 436 ingeni
571 396 636 433 est,
663 393 849 435 perspexit
873 393 941 425 Th.
968 393 1167 425 Mommsen
1192 394 1237 427 Η.
1264 394 1306 426 R.
1332 395 1385 426 III
1409 406 1443 437 p.
1473 393 1524 426 17.

343 484 395 522 70
425 483 503 535 [Kr.
525 487 580 520 70.
613 485 651 521 G.
679 482 774 535 122]
831 482 878 522 Et
914 485 1066 523 numeri
1108 496 1244 524 eorum
1276 483 1451 524 Metellus
1490 475 1560 536 per
1597 484 1744 524 litteras

229 563 385 613 gnarus.
626 561 629 563 ·

340 617 444 650 Arus.
471 629 505 661 p.
531 617 614 650 233:
651 618 783 650 Gnarus
808 619 905 651 illius.
938 617 1009 651 Sat.
1035 605 1129 652 Hist.
1153 619 1181 651 I.
1215 637 1259 641 —
1283 619 1370 658 ‚Hoc
1397 620 1640 663 fragmentum
1663 630 1743 662 pro-

229 666 357 705 pterea
383 666 467 695 ante
494 674 538 695 ea
564 674 655 705 quae
682 666 853 695 secuntur
885 664 1091 704 conlocavi,
1126 665 1210 706 quia
1241 664 1329 696 mihi
1353 666 1430 698 veri
1455 665 1572 698 simile
1595 665 1744 699 videba-

228 712 298 749 tur,
323 709 368 741 de
393 708 540 741 Metello
565 708 700 740 bellum
725 709 926 751 adparante
953 709 1088 753 dictum
1114 709 1242 742 fuisse.

345 800 388 838 71
431 799 509 852 [Kr.
531 803 587 837 (39.
619 793 657 837 G.
680 798 756 852 99].
809 799 920 839 Iussu
948 799 1089 839 Metelli
1120 801 1338 840 cornicines
1368 812 1598 841 occanuere.

343 878 458 909 Prisc.
484 878 517 909 X
549 889 583 920 p.
610 876 693 910 529:
730 879 861 921 quidam
893 883 1000 910 autem
1025 883 1058 911 et
1084 881 1242 917 ‘occano‚
1274 880 1428 912 occanui’
1449 882 1681 922 protulerunt,
1711 884 1748 911 ut

233 922 414 955 Sallustius
444 924 478 954 in
507 923 525 955 I
555 923 788 955 historiarum:
827 924 927 955 iussu
957 924 1097 956 Metelli
1129 925 1332 957 cornicines
1363 935 1577 959 occanuere.
1627 925 1745 957 Diom.

179 990 181 992 -
232 980 266 1010 p.
293 967 358 1001 373
383 979 435 1010 sq.
461 970 577 1001 occino
602 970 719 1000 occini.
761 973 812 1000 est
844 971 928 1001 enim
953 979 1037 1002 cano
1062 971 1188 1002 cecini:
1221 974 1254 1002 in
1278 971 1516 1012 compositione
1541 967 1748 1013 quia‘[non]

232 1016 394 1051 iteratur,
420 1016 540 1045 amittit
563 1025 660 1045 unam
683 1013 856 1055 syllabam.
905 1015 968 1046 sed
991 1015 1167 1047 Sallustius
1198 1016 1278 1047 dicit
1311 1018 1345 1048 in
1375 1017 1481 1058 primo
1513 1015 1748 1058 historiarum.-

233 1060 332 1091 iussu
362 1058 503 1091 Metelli
529 1059 733 1091 cornicines
767 1069 982 1091 occanuere.
1015 1076 1061 1083 —
1091 1060 1190 1093 Serv.
1219 1061 1264 1092 ad
1287 1061 1397 1104 Verg.
1426 1061 1491 1093 Ge.
1517 1060 1552 1092 11
1576 1059 1658 1093 384:
1683 1059 1749 1092 ‹Sic

232 1105 331 1137 etiam
355 1104 396 1136 ab
414 1115 452 1136 eo
471 1105 561 1147 quod
583 1109 634 1136 est
658 1114 752 1142 cano,
779 1115 845 1136 non
871 1106 1012 1146 ‘cecini'‚
1038 1106 1101 1137 sed
1125 1107 1244 1138 ‘canui'
1269 1106 1433 1143 dicebant,
1460 1107 1546 1138 unde
1571 1106 1749 1138 Sallustius

234 1160 369 1182 cornua
394 1152 651 1181 oceanuerunt.
699 1150 756 1182 Ita
781 1150 873 1181 Lion
900 1150 1025 1190 edidit,
1050 1150 1191 1183 Keil'ius
1207 1153 1330 1183 tamen
1349 1151 1394 1183 ad
1411 1151 1528 1183 Diom.
1554 1150 1577 1182 l.
1598 1161 1629 1184 c.
1658 1150 1748 1183 ‘cor-

233 1205 306 1227 nua
337 1195 602 1227 occanuerunt'
633 1195 749 1236 inquit
781 1195 846 1226 ‘ex
869 1195 983 1237 primo
1014 1195 1244 1228 historiarum
1274 1196 1366 1229 libro
1399 1196 1546 1229 Servius
1576 1196 1614 1227 in
1637 1196 1748 1238 Verg.

236 1241 368 1282 Georg.
393 1240 429 1272 ΙΙ
453 1238 548 1280 384’;
583 1240 676 1281 quod
700 1240 730 1271 si
754 1250 879 1272 verum
905 1243 971 1280 est,
999 1251 1039 1273 eo
1065 1242 1182 1273 minus
1207 1241 1353 1273 dubium
1377 1241 1532 1281 videtur,
1559 1241 1643 1283 quin
1668 1241 1748 1273 Ser--

233 1285 313 1317 vius
337 1285 374 1317 in
400 1285 525 1317 eodem
555 1284 635 1317 loco
669 1285 868 1317 adferendo
902 1286 1090 1318 erraverit.
1146 1287 1307 1318 Kritzius
1338 1290 1462 1319 tamen
1495 1287 1588 1325 [Ine.
1616 1285 1679 1325 82]
1714 1288 1751 1318 et

237 1327 453 1363 Gerlachius
481 1328 510 1373 [I
535 1328 612 1372 100]
638 1330 819 1373 integrum
844 1330 1089 1372 fragmentum
1115 1341 1194 1363 esse
1219 1331 1433 1364 maluerunt.

351 1420 403 1459 72
443 1419 530 1473 [Kr.
560 1426 615 1458 72.
656 1423 695 1459 G.
724 1419 827 1473 105]7
887 1420 1186 1473 Oecupalusque
1225 1421 1332 1461 collis
1366 1423 1614 1462 editissumus
1648 1421 1752 1473 apud

235 1488 415 1528 Ilerdam.
474 1488 575 1527 Eum
603 1487 725 1531 multo
757 1500 876 1541 opere
904 1489 1130 1528 clrcumdat.

349 1568 452 1600 Arus.
478 1579 513 1610 p.
539 1566 622 1599 219:
658 1567 830 1600 Circumdo
861 1567 923 1600 hac
955 1578 994 1599 re
1018 1569 1106 1599 illam
1130 1579 1209 1600 rem.
1259 1568 1331 1600 Sal.
1358 1569 1450 1600 Hist.
1475 1569 1509 1600 I:
1537 1571 1751 1610 occupatus-

238 1624 305 1655 que
323 1606 426 1645 &ollis
445 1613 674 1645 editissimus.
718 1623 798 1644 eum
818 1613 931 1644 multa
948 1623 1059 1655 opera
1084 1614 1295 1645 circumdat.
1337 1614 1452 1645 Prisc.
1471 1614 1537 1645 XV
1553 1625 1587 1656 p.
1609 1613 1693 1645 1008
1711 1614 1751 1644 Ρ.

237 1670 270 1700 p.
293 1658 337 1690 6ss
351 1659 397 1690 Η.
417 1658 593 1690 Sallustius
608 1659 641 1689 in
656 1659 748 1690 Hz'st.
764 1675 809 1680 —
823 1662 856 1690 et
874 1658 968 1700 apud
977 1658 1144 1698 Ilerdam,
1169 1669 1248 1690 eum
1261 1659 1374 1690 multa
1388 1669 1500 1701 opera
1516 1658 1751 1690 circumdata.

236 1722 279 1726 —
305 1704 412 1736 Multo
437 1714 541 1744 opere
567 1703 826 1745 conrigendum
850 1704 993 1745 putavi,
1021 1703 1188 1745 quoniam
1220 1704 1273 1735 ita
1298 1704 1440 1735 demum
1463 1703 1564 1736 locus
1590 1706 1690 1735 recte
1717 1706 1754 1735 et

238 1749 283 1781 ob
308 1759 383 1781 rem
410 1749 454 1780 ab
481 1748 657 1780 Arusiauo
692 1752 979 1780 conmemoratus
1011 1751 1077 1780 est.
1110 1767 1154 1772 —-
1185 1748 1355 1781 Ceterum
1384 1749 1478 1781 haec
1508 1749 1622 1781 verba
1654 1748 1754 1780 lecta

239 1795 352 1826 fuisse
383 1794 420 1825 in
451 1793 580 1836 proelii
611 1794 707 1825 inter
737 1793 956 1825 Hirtuleium
991 1796 1027 1825 et
1057 1794 1099 1825 L.
1131 1794 1295 1826 Mallium
1328 1794 1495 1826 conmissi
1528 1793 1671 1835 (Drum.
1704 1794 1754 1825 IV

238 1851 272 1882 p.
299 1839 363 1872 357
389 1850 440 1881 sq.
466 1839 629 1871 Momms.
655 1839 711 1870 111
736 1850 769 1881 p.
800 1837 860 1880 18)
885 1839 1095 1871 narratione
1121 1839 1212 1871 satis
1237 1843 1402 1881 apertum
1427 1843 1492 1871 est.

298 1912 305 1918 „
352 1929 435 1977 *⁸73
468 1928 546 1981 [Kr.
569 1931 674 1966 1120.
706 1930 744 1966 G.
766 1928 889 1981 1172]
951 1927 1022 1974 Qui
1056 1918 1278 1982 (Celtiberi)
1309 1941 1350 1969 se
1378 1928 1539 1980 regibus
1566 1929 1756 1969 devovent

239 2001 283 2037 ut
309 2001 397 2050 post
429 2008 496 2035 eos
524 1998 669 2036 occisos
697 1997 813 2035 vitam
842 1996 1024 2035 refutent.
1495 1997 1500 2003 '

354 2076 454 2108 Serv.
483 2075 529 2107 ad
552 2075 662 2117 Verg.
691 2075 811 2106 G.'IV
835 2073 918 2106 218:
948 2075 1123 2116 pulchram
1146 2079 1291 2114 mortem,
1316 2078 1498 2117 ⁸(Jloriosam
1522 2076 1644 2119 quippe
1670 2087 1755 2120 quae
1775 2098 1786 2127 5

236 2132 305 2164 pro
329 2131 410 2162 reye
433 2122 626 2161 suscipitur.
681 2119 807 2151 Traoeit
831 2124 937 2151 autem
961 2120 1023 2152 lzoc
1047 2121 1088 2152 de
1116 2121 1355 2153 Celtiberorum
1378 2132 1481 2161 more,
1508 2123 1565 2164 qui
1579 2122 1663 2154 utin
1680 2121 1757 2154 Sal-

241 2168 338 2198 lustio
364 2166 508 2207 leyimus,
534 2175 573 2196 se
598 2164 744 2206 regibus
770 2167 840 2196 cet.
866 2182 910 2186 —
934 2165 1048 2207 Volgo
1076 2165 1192 2197 editur
1216 2171 1250 2198 et
1270 2183 1314 2188 ——
1338 2167 1509 2209 refutant,
1543 2169 1599 2198 set
1620 2167 1756 2200 rectius

243 2211 354 2243 scribi
377 2215 412 2242 ut
435 2210 594 2251 refutent,
622 2219 702 2241 cum
726 2210 934 2242 necessario
959 2210 1150 2242 dicendum
1175 2211 1285 2243 fuerit
1310 2222 1381 2253 qua
1406 2212 1611 2244 conditione
1636 2222 1675 2244 se
1700 2223 1755 2245 re—

243 2256 348 2299 gibus
373 2255 603 2294 devoverint,
637 2254 748 2286 facile
782 2254 952 2297 adparet;
994 2256 1060 2287 cfr.
1093 2256 1137 2288 de
1163 2256 1288 2288 eodem
1315 2257 1498 2289 Gallorum
1523 2267 1620 2289 more
1646 2257 1754 2290 Caes.

242 2302 284 2333 B.
313 2301 355 2334 G.
380 2301 437 2332 III
461 2301 504 2332 22
528 2311 598 2332 cum
622 2300 686 2331 DC
707 2301 836 2332 devotis
852 2318 892 2322 —
913 2311 1050 2343 quor-um
1065 2301 1149 2333 haec
1173 2306 1225 2333 est
1246 2304 1466 2335 conditio.uti
1485 2320 1531 2325 —-
1552 2303 1584 2334 si
1605 2303 1686 2346 quid
1705 2300 1756 2335 Itis

241 2357 307 2388 per
329 2350 391 2378 vim
415 2346 558 2382 accidat,
585 2349 643 2376 aut
666 2346 804 2376 eundem
828 2356 938 2377 casum
962 2357 1028 2377 una
1057 2347 1175 2386 ferant
1206 2351 1263 2378 aut
1286 2347 1353 2379 sibi
1373 2352 1511 2380 mortem
1534 2349 1754 2380 consciscant.

243 2392 330 2423 Post
353 2401 410 2423 eos
436 2394 558 2422 autem
584 2389 762 2421 excidisse
787 2392 914 2422 occisos
944 2391 1003 2423 vel
1035 2391 1152 2423 simile
1183 2393 1399 2424 vocabulum
1430 2396 1470 2424 ut
1494 2395 1695 2425 statuamus
1720 2396 1758 2425 et

243 2435 484 2479 perspicuitas
509 2434 679 2478 postulat,
708 2437 744 2466 et
768 2435 848 2467 Val.
867 2436 963 2467 Max.
990 2437 1027 2468 II
1043 2435 1075 2475 6,
1098 2436 1154 2468 ll:
1184 2437 1343 2470 Celtiberi
1365 2439 1463 2470 etiam
1487 2438 1584 2479 nefas
1608 2449 1682 2471 esse
1699 2439 1758 2471 du-

244 2482 364 2514 cebant
383 2483 516 2522 proelio
540 2490 729 2522 superesse,
756 2491 839 2512 cum
862 2482 897 2512 is
922 2483 1176 2517 occidisset.
1199 2493 1266 2524 pro
1291 2488 1383 2515 cuius
1404 2486 1511 2515 salute
1527 2484 1680 2525 spiritum
1697 2484 1755 2515 de-

244 2531 414 2566 voverant,
442 2536 547 2567 quem
573 2536 617 2557 ex
641 2525 810 2557 Sallustio
834 2525 1000 2557 hausisse
1027 2527 1200 2558 credibile
1227 2530 1292 2566 est,
1320 2528 1435 2560 docet.
1486 2528 1563 2565 Quo
1581 2538 1676 2560 nexu
1693 2528 1757 2561 illa

244 2573 345 2604 (licta
370 2571 516 2610 fuerint,
541 2569 699 2602 ostendit
722 2570 823 2602 locus
847 2571 941 2602 Plut.
969 2571 1102 2603 Sertor.
1129 2582 1160 2604 c.
1190 2571 1247 2604 14:
1283 2569 1399 2610 ἔθους
1431 2566 1470 2605 δ’
1493 2568 1602 2610 ὄντος
1623 2566 1756 2624 Ἰβηρι-

245 2616 334 2659 κοῦ,
360 2611 447 2654 τοὺς
471 2612 558 2657 περὶ
581 2610 647 2647 τὸν
671 2607 836 2657 ἄρχοντα
861 2612 1111 2658 τεταγμένους
1135 2613 1470 2660 συναποθνήσκειν
1487 2611 1588 2660 αὐτῷ
1605 2627 1756 2651 πεσόντι

246 2660 312 2695 καὶ
336 2661 445 2694 τοῦτο
470 2660 544 2693 τῶν
569 2654 652 2693 ἐκεῖ
672 2655 872 2703 βαρβάρων
895 2656 1141 2694 κατάσπεισιν
1166 2656 1426 2705 ὀνομαζόντων
1448 2665 1526 2701 τοῖς
1543 2658 1613 2706 μὲν
1630 2656 1758 2701 ἄλλοις

246 2702 427 2750 ἡγεμόσιν
452 2699 573 2748 ὀλίγοι
597 2704 671 2737 τῶν
695 2700 937 2738 ὑπασπιστῶν
961 2703 1117 2738 καὶτῶν
1141 2700 1312 2749 ἑταίρων,
1339 2707 1536 2750 Σερτωρίῳ
1555 2703 1597 2740 δὲ
1622 2705 1758 2741 πολλαὶ

247 2748 431 2795 μυριάδες
455 2745 674 2792 ἀνθρώπων
697 2746 994 2784 κατεσπεικότων
1018 2745 1174 2789 ἑαυτούς
1190 2745 1453 2795 ἠκολούθουν.
1496 2753 1665 2792 Ceterum
1688 2754 1777 2790 hoc-

249 2798 493 2838 fragmentum
517 2797 608 2828 libro
632 2796 744 2838 primo
770 2796 906 2838 potius,
933 2807 1039 2839 quam
1065 2807 1145 2829 cum
1171 2797 1267 2830 Gerl.
1296 2801 1332 2829 et
1348 2798 1486 2830 Kritzio
1511 2799 1668 2831 secundo
1695 2799 1757 2831 ad-

249 2843 477 2885 scribendum
502 2842 638 2884 putavi,
667 2841 833 2882 quoniam
860 2842 953 2886 apud
969 2842 1203 2874 Plutarchum
1228 2843 1350 2875 statim
1374 2853 1419 2875 ea
1443 2846 1632 2883 secuntur,
1664 2854 1757 2886 quae

250 2898 293 2918 ex
318 2887 429 2929 primo
454 2887 544 2918 libro
570 2887 853 2919 conmemoravit
876 2887 1036 2919 Non.·fr.
1061 2887 1115 2918 74.
1163 2888 1389 2929 Quamquam
1414 2888 1457 2920 de
1483 2889 1639 2920 moribus
1664 2889 1757 2922 fero-

251 2932 353 2964 cibus
378 2932 621 2974 Hispanorum
646 2931 682 2963 in
708 2931 799 2964 libro
824 2932 861 2964 ΙΙ
884 2932 1019 2970 dictum
1043 2932 1154 2965 fuisse
1179 2936 1316 2966 certum
1343 2937 1407 2965 est.
