1846 3282
838 218 970 245 INDEX
1581 203 1659 243 341

139 317 279 350 animos
297 317 505 360 sapientum
523 317 695 360 fatigant,
715 318 846 350 nedum
863 317 919 350 illi
936 336 978 341 —
996 318 1237 360 temperarint
1255 317 1282 350 C
1305 317 1356 356 ll,
1373 316 1396 349 8
1412 319 1497 350 conl.
1513 317 1539 349 J
1554 316 1610 356 53,
1626 315 1660 348 8.

136 365 232 395 simil.
253 362 280 395 C
301 361 353 402 19,
373 363 405 395 2.
431 363 487 404 52,
506 362 560 394 20.
586 364 607 395 J
632 362 660 403 1,
679 362 710 395 3.
736 362 791 403 85,
811 363 843 395 5.
862 363 918 395 27.
944 362 1000 403 90,
1023 363 1051 395 1.
1093 363 1226 406 quippe
1243 372 1335 406 quas
1353 363 1506 395 honeste
1522 362 1661 394 habere

136 407 286 447 licebat,
308 408 410 439 abuti
426 408 676 450 properabant
693 407 720 439 C
742 407 793 447 13,
813 409 833 439 2
851 410 938 440 conl.
957 408 980 440 J
997 407 1054 448 54,
1071 407 1104 440 8.
1138 408 1275 440 milites
1292 408 1450 440 inermos
1465 425 1510 430 ψ-
1527 407 1661 450 quippe

72 440 85 449 ⁸
136 452 175 484 in
191 452 260 484 tali
277 452 336 485 die
356 471 398 476 —
413 453 438 485 J
454 452 510 492 66,
525 451 557 486 3.
591 456 650 484 set
667 462 751 494 spes
768 449 934 495 amplior,
954 454 1087 495 quippe
1104 453 1304 486 victoribus
1321 456 1360 485 et
1375 453 1567 485 advorsum
1585 461 1660 492 eos,

135 507 226 541 quos
256 507 369 540 saepe
398 498 567 530 vicerant
594 498 618 530 J
645 496 727 537 105,
751 498 785 529 4.
833 498 998 540 despecti
1028 515 1065 520 —
1096 498 1259 540 praedae
1287 497 1368 530 loco
1397 500 1660 536 aestumantur,

136 543 270 584 quippe
288 545 387 574 metu
403 552 534 584 pacem
550 545 762 584 repetentes
779 543 814 574 H
830 543 848 574 Ι
863 541 919 582 48,
938 543 969 574 5.
1012 543 1220 575 incendium
1238 543 1310 575 sibi
1327 552 1493 574 maxume
1509 542 1661 574 calami·

135 590 254 619 tosum
269 587 442 629 putabat,
471 588 603 629 quippe
622 587 682 619 cui
707 597 832 620 omnes
851 588 980 630 copiae
998 589 1037 619 in
1053 598 1120 619 usu
1138 588 1321 620 cotidiano
1341 604 1378 611 -
1399 590 1506 619 erant
1521 586 1550 618 C
1566 585 1622 626 48,
1641 587 1663 622 2

132 635 234 710 {asic
249 643 280 664 e.
297 634 366 664 iud.
385 632 409 664 J
425 632 458 672 7,
477 631 508 664 6.
538 631 589 672 14,
613 631 664 665 10.
689 631 744 672 20,
764 631 798 664 6.
823 631 878 672 28,
898 632 930 664 1.
954 631 1010 673 48,
1034 632 1061 664 1.
1087 631 1142 673 76,
1164 632 1193 665 l.
1219 631 1275 673 85,
1291 632 1346 665 32.
1372 631 1470 672 86,3.
1497 632 1533 663 Η
1550 632 1588 664 11
1603 631 1659 664 21.

178 722 252 763 quis
274 726 308 754 et
330 722 387 762 qui
409 722 515 762 indef-
554 731 645 754 saxa
670 724 733 754 aut
763 722 849 764 quid
878 722 955 754 tale
983 722 1110 764 capita
1135 722 1361 765 adfligebant
1383 723 1419 754 H
1441 723 1477 755 Π
1498 721 1541 755 61
1563 733 1657 766 susp.

130 766 255 799 Iovem
287 770 350 799 aut
380 767 491 798 alium
524 777 630 809 quem
653 767 759 798 deum
784 767 1027 799 consultorem
1052 768 1259 810 expectatis
1283 767 1319 799 H
1342 768 1396 799 111
1418 766 1479 808 61,
1502 767 1553 799 15.
1602 769 1659 801 An

133 811 282 844 dubium
298 812 462 851 habetis,
487 822 572 843 num
596 811 755 844 obficere
781 812 867 854 quid
890 812 995 845 vobis
1023 829 1060 834 —
1086 812 1204 854 possit
1227 813 1263 844 H
1284 812 1340 844 111
1362 811 1424 851 61,
1448 812 1483 844 8.
1523 813 1554 844 si
1579 814 1659 855 quis

134 867 157 888 a
186 856 295 899 culpa
328 867 466 889 vacuos
496 857 534 888 in
571 857 775 888 amicitiam
807 857 885 889 eius
915 857 1119 897 inciderat,
1156 857 1269 889 facile
1299 867 1368 900 par
1394 857 1560 900 similisq.
1597 868 1657 891 ee-

131 902 222 933 teris
248 900 483 934 efficiebatur
506 900 534 933 O
562 901 620 942 14,
639 902 671 933 4.
721 902 754 933 si
777 902 857 943 quis
887 902 1147 943 indicavisset,
1179 903 1383 944 praemium
1405 902 1604 935 decrevere
1629 903 1657 936 C

132 945 193 986 30,
212 945 244 978 6.
290 947 321 979 si
345 947 432 989 quid
456 946 702 988 exinproviso
719 947 808 978 mali
827 947 1043 986 accidisset,
1070 957 1134 980 vos
1158 947 1379 989 inplorarem
1401 948 1426 980 J
1451 946 1509 987 14,
1531 947 1583 980 16.
1625 949 1657 980 si

131 991 171 1023 in
194 992 369 1034 Pompeio
393 991 479 1033 quid
507 991 658 1023 humani
688 992 874 1024 evenisset
895 992 932 1023 H
955 993 986 1023 V
1012 991 1063 1024 16.
1110 1002 1184 1024 non
1214 992 1391 1034 deprecor
1419 996 1590 1033 mortem,
1623 994 1657 1025 si

132 1036 217 1077 quid
248 1047 293 1068 ea
321 1036 425 1069 vobis
455 1036 676 1069 incommodi
705 1036 863 1068 demitur
891 1037 927 1069 H
948 1037 984 1069 H
1006 1036 1066 1076 41,
1092 1036 1125 1069 9.
1179 1047 1263 1068 num
1292 1037 1330 1068 id
1359 1038 1493 1069 mutari
1524 1037 1656 1070 melius

130 1081 197 1118 sit,
223 1082 255 1113 si
278 1092 385 1124 quem
410 1092 453 1113 ex
476 1081 538 1113 illo
562 1081 672 1123 globo
700 1082 857 1113 mittatis
881 1082 905 1114 J
927 1080 989 1122 85,
1016 1081 1069 1114 10.
1117 1082 1149 1113 si
1179 1082 1265 1124 quid
1293 1082 1339 1114 ab
1368 1086 1501 1114 senatu
1527 1086 1655 1124 petere

129 1126 264 1165 velint,
295 1127 342 1159 ab
374 1126 484 1158 armis
514 1126 708 1158 discedant
732 1126 760 1158 C
784 1125 844 1166 34,
874 1126 903 1158 1.
951 1127 983 1158 si
1008 1127 1094 1168 quid
1117 1127 1320 1169 deliquere,
1347 1127 1458 1169 pauci
1482 1127 1603 1159 sciunt
1625 1127 1653 1160 C

130 1170 192 1210 51,
222 1171 274 1206 12.
321 1173 354 1204 si
384 1171 471 1213 quid
499 1182 556 1203 me
587 1171 727 1213 vobisq.
759 1171 907 1214 dignum
937 1172 1131 1214 petiveris,
1166 1171 1255 1204 haut
1287 1171 1454 1214 repulsus
1485 1172 1607 1204 abibis
1628 1173 1654 1205 J

131 1215 212 1257 110,
238 1215 270 1248 8.
318 1217 350 1248 si
375 1217 437 1258 qui
459 1216 497 1247 in
521 1226 648 1248 manus
671 1219 868 1256 venerant,
901 1217 1120 1249 obtruncare
1143 1216 1168 1248 J
1195 1215 1276 1256 101,
1301 1217 1334 1249 4.
1383 1217 1415 1249 si
1438 1227 1533 1259 quae
1556 1218 1653 1249 radi-

130 1271 192 1293 ces
217 1261 444 1301 eminebant,
468 1261 611 1303 laqueis
634 1261 823 1293 vinciebat
849 1262 875 1294 J
895 1260 956 1301 94,
983 1261 1016 1293 2.
1065 1261 1222 1294 Romani
1242 1265 1388 1294 veteres
1411 1263 1588 1304 novique,
1621 1263 1654 1294 si

129 1315 217 1348 quos
240 1306 340 1338 locus
366 1310 429 1338 aut
455 1316 563 1338 casus
586 1306 828 1338 coniunxerat
843 1306 867 1338 J
883 1305 926 1338 97
938 1331 946 1345 ,
965 1306 997 1338 5.
1039 1307 1072 1337 si
1097 1316 1187 1348 quas
1205 1307 1308 1338 aedis
1325 1307 1423 1349 ignis
1441 1307 1541 1349 cepit
1559 1308 1652 1339 acri-

127 1354 202 1391 ter,
229 1361 300 1383 non
323 1351 456 1384 faciles
479 1354 565 1383 sunt
588 1351 744 1383 defensu
767 1361 962 1392 proxumae
979 1351 1015 1382 Η
1031 1351 1088 1383 111
1106 1350 1161 1383 32.
1202 1351 1358 1393 plerosq.
1385 1355 1556 1384 senectus
1579 1352 1652 1384 dis-

126 1395 256 1436 solvit,
289 1396 359 1428 nisi
389 1396 451 1438 qui
482 1396 579 1428 ferro
608 1399 671 1427 aut
695 1396 826 1427 bestiis
849 1396 1023 1428 interiere
1045 1396 1070 1428 J
1083 1395 1154 1436 ¹17,
1172 1396 1205 1428 2.
1252 1396 1324 1428 nisi
1349 1396 1442 1428 forte
1467 1407 1573 1438 quem
1596 1397 1651 1428 in-

126 1440 283 1474 honesta
299 1441 424 1473 lubido
440 1444 543 1473 tenet
557 1441 583 1473 J
598 1441 631 1480 3,
648 1441 680 1472 4.
721 1440 792 1474 nisi
809 1441 904 1473 forte
930 1441 990 1472 cui
1006 1451 1137 1483 pacem
1153 1444 1345 1483 praestare
1364 1444 1400 1473 et
1417 1441 1553 1473 bellum
1569 1443 1650 1484 pati

126 1486 164 1517 in
183 1486 303 1518 animo
320 1488 376 1518 est
393 1486 428 1517 H
444 1486 462 1518 I
477 1484 532 1523 48,
550 1486 582 1518 2.
622 1496 668 1517 ne
694 1486 774 1528 quis
794 1485 1006 1518 divitiarum
1023 1487 1142 1527 magis
1161 1496 1292 1518 caussa
1309 1485 1445 1518 bellum
1461 1487 1649 1528 inceptum

126 1531 278 1571 diceret,
297 1531 484 1573 inpunitos
503 1541 566 1563 eos
583 1531 753 1563 dimisere
772 1531 799 1563 O
817 1530 872 1571 51,
890 1530 922 1563 5.
965 1541 1010 1563 ne
1030 1532 1109 1573 quis
1129 1531 1174 1563 de
1200 1532 1254 1563 eis
1270 1537 1400 1573 postea
1418 1531 1464 1563 ad
1482 1534 1649 1563 senatum

125 1576 267 1608 referat
292 1576 319 1608 C
344 1576 385 1608 51
398 1601 406 1617 ,
424 1575 479 1609 43.
520 1586 566 1608 ne
586 1577 666 1618 quis
685 1576 880 1608 existumet
895 1576 919 1607 J
936 1577 968 1615 4,
987 1576 1008 1607 2
1025 1579 1112 1608 conl.
1128 1574 1184 1616 85,
1202 1574 1257 1608 26.
1298 1586 1345 1608 ne
1363 1578 1445 1618 quis
1461 1576 1568 1609 miles
1585 1577 1620 1608 H
1636 1577 1649 1608 i

124 1620 181 1652 49.
223 1631 267 1653 ex
285 1621 418 1663 quibus
434 1631 480 1653 ne
499 1631 568 1663 qua
586 1621 719 1653 seditio
744 1624 808 1652 aut
835 1620 970 1652 bellum
987 1621 1160 1661 oriretur,
1187 1621 1317 1653 anxius
1336 1624 1417 1653 erat
1431 1622 1455 1654 J
1471 1620 1504 1662 6,
1523 1621 1544 1654 3
1561 1625 1648 1654 conl.

125 1665 179 1706 72,
202 1665 230 1698 1.
271 1669 416 1698 noctem
436 1669 658 1708 antecapere
682 1676 728 1697 ne
753 1666 838 1707 quid
865 1676 908 1697 eo
933 1667 1052 1708 spatio
1076 1669 1274 1698 novaretur
1291 1665 1318 1697 C
1335 1666 1389 1705 55,
1413 1665 1440 1698 1.
1474 1677 1520 1698 ne
1539 1666 1650 1699 aliter

125 1711 209 1752 quid
227 1711 378 1743 eveniat
393 1711 584 1753 providere
600 1711 624 1742 J
645 1709 695 1749 10,
712 1711 743 1742 7.
775 1720 821 1742 ne
839 1710 925 1752 quid
941 1711 985 1742 de
1004 1711 1157 1742 absente
1175 1714 1360 1742 statuatur
1374 1711 1399 1743 J
1418 1711 1469 1751 14,
1488 1710 1543 1743 20.
1576 1721 1649 1743 neu

123 1756 182 1788 eui
199 1756 271 1788 nisi
286 1755 431 1798 legibus
447 1765 659 1798 pareremus
675 1755 711 1786 H
727 1756 745 1787 Ι
760 1754 815 1795 41,
826 1755 858 1787 4.
890 1765 936 1787 ne
953 1766 1058 1797 quem
1071 1755 1280 1788 'coleremus
1296 1756 1369 1787 nisi
1387 1755 1558 1798 populum
1576 1756 1644 1788 Ro.

121 1801 145 1832 J
166 1800 216 1839 14,
235 1800 268 1833 8.
309 1811 356 1833 ne
381 1801 574 1843 quisquam
597 1810 730 1842 panem
754 1803 818 1831 aut
841 1810 948 1842 quem
973 1801 1084 1832 alium
1110 1804 1255 1832 coetum
1278 1800 1398 1832 eibum
1421 1801 1600 1833 venderet
1621 1801 1646 1833 J

121 1846 182 1886 45,
202 1846 234 1877 2.
276 1856 322 1878 ne
348 1856 455 1888 quam
481 1845 740 1877 contumeliam
763 1855 953 1877 remanere
971 1846 1071 1877 sinat
1087 1845 1126 1876 in
1145 1845 1310 1877 exercitu
1326 1845 1351 1877 J
1366 1844 1421 1884 58,
1441 1845 1473 1877 5.
1515 1846 1647 1878 darent

121 1901 271 1968 {²5:333
282 1890 1037 1978 33:33³.ss{233553.532.12215232355t2⁰
1054 1889 1108 1966 ἷῗξ
1122 1889 1482 1977 5..23”2.¹{.1133..}1².;
1499 1894 1646 1968 ιῖἶὲἒξὲἑ

119 1981 144 2013 J
166 1980 228 2022 88,
254 1981 287 2013 5.
336 1991 410 2013 nen
433 1981 562 2023 quibus
586 1980 716 2023 largiri
739 1981 970 2012 insuesceret
990 1980 1015 2012 J
1030 1979 1070 2020 8,
1089 1980 1122 2012 2.
1162 1990 1293 2013 vereor
1315 1990 1362 2012 ne
1385 1981 1475 2022 quos
1498 1981 1646 2023 privata

122 2026 287 2058 amicitia
303 2025 500 2068 Iugurthae
517 2029 747 2057 transvorsos
766 2028 854 2067 agat
869 2026 893 2057 J
912 2025 964 2065 14,
982 2024 1038 2057 20.

165 2071 239 2112 quis
262 2075 296 2103 et
319 2072 376 2111 qui
398 2075 562 2113 incer-roy.
596 2071 676 2112 quis
692 2070 919 2108 mortalium,
945 2070 1005 2102 cui
1021 2070 1127 2103 virile
1145 2070 1332 2112 ingenium
1349 2071 1464 2110 inest,
1483 2070 1643 2114 tolerare

119 2117 266 2158 potest?
284 2116 311 2148 C
329 2115 384 2155 20,
403 2116 455 2148 11.
490 2116 704 2148 servitutem
722 2115 802 2157 quis
815 2118 976 2147 vostrum
993 2125 1166 2147 recusare
1185 2115 1346 2147 audebat
1360 2115 1385 2147 J
1401 2115 1456 2155 31,
1474 2115 1529 2148 20.
1563 2116 1644 2157 quis

120 2161 364 2204 reprehendet
388 2161 480 2203 quod
504 2178 549 2183 —
569 2161 756 2192 decretum
783 2160 875 2192 erit?
900 2163 1042 2202 tempus
1062 2177 1108 2183 —-
1132 2160 1159 2192 O
1183 2160 1244 2201 51,
1262 2160 1317 2192 25.
1359 2161 1440 2203 quis
1463 2160 1518 2192 illi
1535 2160 1643 2193 finem

121 2209 260 2239 statuet
277 2210 341 2238 aut
358 2207 439 2248 quis
456 2206 728 2238 moderabitur?
745 2205 773 2237 C
792 2205 846 2246 51,
865 2203 920 2238 36.
955 2205 1034 2247 quis
1053 2209 1109 2237 est
1125 2205 1184 2237 his
1201 2206 1373 2246 moribus,
1394 2205 1480 2248 quin
1497 2224 1539 2229 —
1557 2216 1642 2238 con-

119 2251 247 2283 tendat
261 2251 286 2283 J
302 2252 334 2291 4,
345 2251 376 2283 7.
410 2251 491 2293 quis
508 2251 740 2283 coniunctior
757 2261 863 2292 quam
881 2251 997 2283 frater
1013 2251 1134 2290 fratri,
1151 2253 1215 2282 aut
1232 2261 1336 2292 quem
1355 2251 1516 2283 alienum
1533 2250 1642 2283 fidum

119 2297 297 2334 invenies,
315 2296 347 2328 si
363 2313 408 2319 -—
423 2296 447 2328 J
467 2295 518 2335 10,
538 2295 571 2327 6.
614 2296 694 2338 quis
711 2306 784 2327 non
801 2295 940 2327 factum
958 2296 1037 2328 eius
1054 2295 1254 2327 laudabat?
1272 2295 1299 2328 G
1317 2296 1358 2328 51
1371 2321 1379 2336 ,
1400 2295 1455 2329 32.
1493 2300 1644 2338 praeter

119 2341 301 2374 satellites
319 2341 399 2383 quis
417 2341 546 2373 eadem
563 2340 638 2372 volt
663 2343 727 2372 aut
751 2341 831 2382 quis
853 2350 924 2373 non
948 2341 1070 2372 omnia
1087 2344 1228 2372 mutata
1247 2358 1284 2363 —
1304 2341 1339 2372 H
1356 2341 1373 2373 I
1389 2341 1443 2382 41,
1463 2341 1518 2373 21.
1561 2342 1642 2384 quis

118 2386 208 2418 mihi
226 2387 310 2419 vivo
328 2387 513 2418 cruciatus
530 2386 622 2417 satis
641 2388 697 2417 est
714 2388 777 2417 aut
795 2396 886 2427 quae
904 2396 1023 2428 poena
1041 2386 1205 2418 mortuo?
1222 2386 1257 2417 H
1272 2386 1309 2417 II
1325 2386 1380 2426 41,
1399 2385 1432 2418 3.
1474 2385 1559 2418 fidei
1578 2390 1642 2418 aut

120 2431 338 2463 concordiae
362 2441 454 2472 quae
478 2440 562 2473 spes
587 2431 667 2462 est?
689 2430 712 2462 J
738 2429 797 2470 31,
817 2430 871 2463 23.
912 2431 1006 2472 'quid
1030 2431 1068 2462 in
1091 2431 1176 2462 talis
1199 2430 1366 2462 homines
1391 2431 1539 2462 crudele
1563 2430 1643 2462 fieri

118 2479 240 2519 potest
256 2494 298 2499 —
317 2475 344 2508 C
363 2475 424 2515 51,
448 2475 500 2507 17.
535 2476 621 2517 quid
639 2475 811 2507 acerbum
830 2479 893 2508 aut
910 2476 1017 2507 nimis
1035 2486 1148 2518 grave
1167 2478 1223 2507 est
1241 2475 1278 2506 in
1298 2492 1335 2497 —
1356 2474 1383 2506 C
1401 2474 1456 2514 51,
1468 2474 1523 2507 23.
1557 2475 1640 2517 quid

119 2524 175 2553 est
197 2521 349 2553 relicum
375 2521 447 2552 nisi
473 2538 510 2543 —
537 2521 560 2552 J
577 2521 639 2559 24,
657 2519 679 2552 8
701 2523 787 2553 conl.
806 2519 868 2561 31,
887 2520 942 2552 26.
986 2521 1071 2562 quid
1096 2531 1117 2552 a
1142 2519 1279 2560 Pyrrho
1301 2537 1343 2542 —
1368 2519 1560 2551 defensum
1585 2523 1641 2552 est

118 2566 219 2598 aliud
237 2576 343 2608 quam
363 2582 400 2588 —
412 2567 427 2596 ⁸?
451 2566 487 2597 H
504 2566 522 2598 I
539 2565 595 2604 41,
613 2566 645 2597 4.
688 2565 790 2598 cuius
805 2566 1007 2608 torpedinis
1026 2568 1107 2596 erat
1123 2564 1245 2606 decipi
1262 2564 1297 2594 H
1313 2564 1367 2595 111
1383 2563 1438 2603 61,
1457 2563 1512 2596 20.
1555 2565 1640 2606 quid

117 2611 249 2643 relicui
265 2611 441 2643 habemus
458 2614 658 2653 praeter—
672 2610 700 2642 C
717 2611 772 2651 20,
787 2610 840 2643 13.
875 2611 960 2653 quid
977 2620 1045 2651 ego
1063 2610 1107 2641 de
1126 2608 1274 2640 Statilio
1291 2608 1446 2650 loquar?
1463 2608 1491 2641 C
1509 2608 1564 2648 52,
1582 2608 1637 2641 34.

118 2656 204 2698 quid
222 2657 355 2699 agam?
370 2657 395 2689 J
414 2655 467 2696 14,
490 2655 539 2688 15.
573 2655 658 2698 quid
681 2655 726 2688 ob
743 2656 945 2688 benefacta
970 2655 1144 2696 cepisset,
1172 2653 1232 2685 cui
1252 2670 1288 2675 —
1313 2653 1380 2685 HI
1397 2652 1459 2694 48,
1477 2654 1512 2686 4.
1553 2654 1640 2696 quid

119 2704 294 2743 expectas
311 2702 346 2733 H
362 2702 379 2733 Ι
395 2700 457 2738 48,
479 2700 520 2732 14
542 2704 627 2734 conl.
646 2701 682 2732 H
698 2701 748 2732 IV
764 2699 806 2732 61
819 2725 827 2739 ,
850 2700 889 2732 19
907 2699 962 2740 (-
981 2699 1078 2738 nisi).
1120 2697 1231 2729 Dicet
1247 2697 1399 2739 aliquis:
1425 2699 1509 2740 quid
1526 2697 1641 2741 igitur

118 2747 270 2778 censes?
292 2746 317 2778 J
338 2745 399 2786 31,
419 2745 461 2778 18
483 2748 570 2778 conl.
588 2746 623 2777 H
641 2746 694 2778 111
710 2744 772 2784 61,
795 2744 846 2776 14.
889 2744 974 2785 quid
997 2752 1234 2784 responsuros
1259 2742 1433 2774 creditis?
1455 2743 1480 2775 J
1501 2742 1564 2782 85,
1584 2742 1637 2776 16.

119 2791 205 2833 quid
222 2801 311 2833 opus
329 2791 501 2830 decretis,
521 2791 607 2833 quid
624 2790 760 2822 auxilio
779 2789 926 2821 Catuli?
942 2788 977 2819 H
994 2788 1011 2819 1
1027 2787 1083 2826 48,
1095 2786 1147 2819 19.
1179 2787 1264 2829 qnid
1281 2789 1500 2820 memorem?
1517 2788 1544 2820 C
1557 2787 1609 2828 13,
1623 2788 1639 2820 1

116 2838 203 2868 conl.
222 2836 257 2867 H
274 2836 309 2867 11
324 2834 381 2874 96,
399 2834 429 2867 6.
455 2836 505 2867 IV
521 2834 583 2873 61,
603 2834 657 2866 10.
699 2835 759 2876 qui
776 2837 860 2866 sunt
878 2834 930 2873 ei,
956 2833 1016 2874 qui
1040 2842 1116 2864 rem
1136 2843 1171 2874 p.
1190 2833 1446 2874 occupavere?
1461 2833 1485 2865 J
1502 2832 1561 2873 31“,
1584 2833 1636 2865 12.

120 2880 206 2922 quid
222 2880 343 2911 ultra?
361 2890 502 2922 quaeve
519 2880 679 2911 humana
697 2881 871 2920 superant
888 2880 951 2909 aut
967 2877 1091 2909 divina
1107 2877 1288 2919 inpolluta
1305 2879 1413 2910 sunt?
1429 2878 1465 2909 H
1481 2878 1499 2910 1
1514 2877 1570 2920 41,
1584 2877 1637 2911 11.
