1826 3282
504 242 812 271 msroamnvm
837 242 918 268 ΜΒ.
943 215 1001 269 ιη’
1021 234 1067 271 25
1081 235 1200 271 —28.
1572 225 1627 267 69

101 348 169 385 est,
195 345 290 389 quod
314 345 474 388 praetuli
498 347 611 378 alveos
634 346 784 387 propter
808 342 1112 376 consuetudinem
1135 342 1352 375 Latinorum
1375 340 1537 378 dicendi.
1582 342 1630 373 Vi

99 395 198 423 recte
217 402 262 427 ex
277 392 368 424 Non.
390 391 553 423 additum
571 400 665 428 esse,
682 399 752 421 uec
768 389 885 420 miuus
902 392 1002 421 recte
1028 388 1142 420 scribi
1164 391 1306 420 mulcato
1331 386 1450 429 (apud
1470 386 1624 423 Hieron.

102 436 184 468 adv.
209 436 324 468 Iovin.
350 437 369 468 I
391 434 437 467 48
459 436 503 468 T.
529 435 565 467 11
588 446 624 477 p.
650 432 717 467 316
740 434 1005 466 restituendum
1029 433 1203 465 novissime
1225 436 1400 465 verterunt
1421 432 1456 463 in
1479 441 1551 463 eum
1567 433 1625 463 im-

94 485 208 522 petum
233 485 267 513 et
289 483 375 513 male
397 483 572 513 mulcatum
597 479 697 518 [libri
722 477 924 521 mulctatum]
952 479 1203 521 fugientemque
1227 479 1286 510 diu
1306 477 1510 519 persecutae
1531 476 1624 515 sunt)

97 526 135 558 in
159 526 351 569 propatulo
377 529 445 558 est.
493 524 666 557 Dubitari
689 524 825 567 poterit
848 523 893 555 de
918 523 1065 555 ultumis
1089 523 1232 562 verbis,
1265 524 1322 555 set
1350 532 1431 554 cum
1453 521 1625 554 Arusiani

96 571 188 612 nihil
211 571 439 610 interfuerit,
471 573 512 602 ut
542 569 665 602 omnia
694 569 802 612 plene
834 568 1100 611 perscriberet,
1131 567 1269 600 Nonius
1300 568 1346 599 ob
1370 571 1480 599 tamen
1505 566 1624 599 locum

97 616 436 656 conmemoraverit,
462 615 557 657 quod
575 614 620 647 ad
639 614 717 646 eius
733 613 844 646 libros
868 623 1041 656 proxume
1065 613 1224 652 adcedit,
1249 612 1524 645 rescribundum
1542 621 1623 644 esse

95 660 210 694 facile
235 661 400 704 adparet.

209 739 293 779 *25
323 739 404 793 [Kr.
420 744 478 777 29.
506 741 545 777 G.
568 737 646 791 61].
704 738 762 778 Ne
793 737 958 789 simplici
987 737 1145 789 quidem
1179 741 1306 776 morte
1335 736 1620 776 moriebantur.

209 807 311 840 Serv.
331 807 378 839 ad
393 807 504 850 Verg.
525 807 592 839 Ge.
614 806 672 839 111
687 805 772 838 482:
800 805 885 838 ‘Nec
907 806 962 837 via
984 807 1102 838 mortis
1126 808 1203 836 erat
1226 806 1392 847 simplex',
1418 799 1483 836 nee
1503 806 1623 837 morie-

93 853 217 886 bantur
240 864 287 886 eoe
309 863 370 885 usu
394 854 416 884 i.
442 863 472 884 e.
497 853 676 885 secundum
700 853 888 884 naturalem
911 851 1082 890 ordinem,
1117 860 1183 882 non
1213 853 1339 881 tantum
1366 850 1452 891 fuya
1479 852 1620 887 animae,

92 896 158 931 sed
179 900 279 930 etiam
301 899 460 940 corporis
482 899 700 930 resolutione.
740 896 807 929 Est
830 899 940 928 autem
963 894 1126 932 Sallustii,
1153 898 1211 938 qui
1232 897 1282 926 ait
1306 905 1352 927 ne
1370 894 1527 937 simplici
1545 894 1620 936 qui-

94 944 176 976 dem
200 947 315 976 morte
347 943 608 975 moriebantur.
641 960 685 964 --
716 942 809 973 Num
839 944 941 973 recte
973 939 1235 983 grammaticus
1266 939 1488 972 locutionem
1517 939 1620 972 illam

92 988 294 1032 Vergilium
320 989 367 1021 ab
393 987 565 1020 Sallustio
590 987 789 1030 sumpsisse
806 986 955 1026 dixerit,
982 986 1020 1017 in
1036 986 1177 1018 incerto
1194 985 1313 1027 potius
1330 984 1617 1026 relinquendum,

94 1044 202 1076 quam
228 1044 308 1066 cum
332 1034 472 1066 Kritzio
500 1032 764 1065 adfirmandum
788 1031 949 1071 videtur,
983 1030 1166 1072 multoque
1198 1030 1316 1062 minus
1329 1040 1404 1072 'pro
1430 1033 1530 1062 certo
1554 1029 1619 1062 ha-

91 1079 250 1111 bendum
276 1078 487 1111 Sallustium
519 1088 565 1110 ea
596 1078 635 1109 in
666 1077 793 1109 eadem
827 1076 886 1109 vel
919 1075 1030 1107 simili
1060 1086 1099 1107 re
1125 1075 1369 1107 describunda
1392 1085 1498 1106 usum
1523 1085 1617 1107 esse.

92 1124 245 1156 Scilicet
269 1134 315 1155 ne
340 1123 481 1166 Vergili
507 1122 652 1165 quidem
675 1122 805 1157 locum-
827 1124 928 1153 recte
961 1121 1109 1153 Servius
1140 1119 1342 1155 intellexit.
1373 1120 1437 1152 ubi
1466 1122 1619 1152 mortem

90 1179 162 1201 non
187 1168 390 1211 simplicem
415 1168 504 1207 dici,
538 1167 631 1209 quod
655 1167 816 1209 pecudes
842 1170 879 1198 et
902 1166 1075 1198 interiore
1109 1168 1214 1197 aestu
1239 1168 1276 1197 et
1299 1165 1387 1197 tabo
1411 1165 1616 1204 interirent,

90 1213 299 1246 iamdudum
323 1223 544 1256 perspexere
561 1212 795 1254 interpretes.
837 1211 941 1251 Quod
958 1211 990 1242 si
1007 1213 1220 1253 conpertum
1243 1209 1476 1248 haberemus,
1501 1209 1619 1242 morbi

89 1259 150 1292 vel
174 1258 409 1301 pestilentiae
435 1258 614 1300 quoddam
638 1267 753 1300 genus
779 1256 826 1289 ab
852 1255 1024 1288 Sallustio
1050 1255 1232 1297 copiosius
1258 1258 1295 1286 et
1320 1254 1532 1287 adcuratius
1556 1255 1618 1287 de-

46 1338 57 1341 ,
91 1304 265 1346 scriptum
292 1314 373 1336 esse
399 1302 485 1346 (vid.
510 1303 609 1335 infra
634 1303 660 1334 f.
687 1300 758 1343 28),
785 1302 829 1333 de
856 1311 898 1333 eo
922 1301 1018 1333 haec
1041 1300 1158 1332 verba
1182 1300 1282 1332 dicta
1307 1300 1421 1332 fuisse
1438 1300 1517 1332 iure
1542 1303 1616 1332 sta-

90 1353 193 1381 tuere
218 1359 419 1391 possemus.
456 1342 560 1380 Cum
590 1358 677 1380 vero
707 1357 780 1379 non
811 1346 969 1388 simplici
996 1348 1112 1378 morte
1139 1347 1265 1387 aperte
1293 1344 1331 1376 ei
1352 1344 1506 1376 emortui
1531 1345 1614 1384 sint,

91 1394 151 1437 qui
177 1397 214 1426 et
244 1393 453 1428 volneribus
484 1404 550 1436 per
581 1393 793 1435 fragmenta
822 1391 973 1424 navium
1003 1390 1128 1422 inlatis
1161 1393 1198 1421 et
1228 1389 1397 1421 fluctibus
1428 1390 1548 1421 obruti
1581 1392 1617 1421 et

90 1439 452 1481 exhausti·periere‚
484 1438 621 1470 rectius
654 1437 870 1470 Gerlachius
901 1437 970 1469 hoc
1002 1436 1249 1478 fragmentum
1281 1435 1328 1467 ad
1361 1434 1515 1467 eandem
1539 1445 1616 1466 rem

91 1487 200 1526 atque
218 1485 263 1516 fr.
282 1484 331 1516 24
348 1483 499 1516 rettulit.
541 1484 672 1516 Utrum
690 1485 812 1515 autem
828 1481 917 1514 illud
933 1480 1191 1524 praecesserit,
1221 1491 1268 1512 an
1293 1480 1528 1513 subsecutum
1553 1480 1614 1519 sit,

89 1529 232 1562 cautius
256 1529 400 1562 videtur
423 1529 462 1561 in
485 1529 626 1563 incerto
652 1527 820 1569 relinqui.

203 1608 291 1647 *26
322 1608 403 1662 [Kr.
430 1612 487 1646 ⁶26.
521 1610 560 1646 G.
584 1606 661 1660 53].
714 1605 833 1652 Quasi
862 1618 935 1657 par
972 1606 1010 1644 in
1050 1604 1195 1656 oppido
1224 1604 1440 1649 festinatio,
1480 1608 1519 1643 et
1556 1605 1614 1643 in-

88 1689 185 1728 gens
213 1680 344 1716 terror
369 1680 465 1722 erat,
495 1688 545 1715 ne
575 1687 624 1714 ex
652 1674 776 1714 latere
799 1686 898 1713 nova
921 1674 1162 1728 munimenta
1187 1672 1349 1711 madore
1367 1670 1614 1711 infir'marcn-

87 1748 172 1783 tur:
211 1756 303 1783 nam
342 1745 469 1783 omnia
507 1742 640 1794 oppidi
673 1741 907 1792 stagnabant
935 1739 1247 1779 redundantibus
1275 1739 1418 1779 cloacis
1447 1740 1614 1778 advorso

85 1816 195 1852 aestu
222 1812 355 1851 maris.
671 1843 675 1847 .

198 1880 290 1912 Non.
317 1891 351 1922 p.
378 1878 423 1911 94
455 1889 482 1910 s.
509 1888 543 1910 v.
569 1878 721 1910 madore.
762 1875 876 1907 Prisc.
903 1875 954 1907 VI
979 1886 1013 1918 p.
1041 1873 1126 1907 235:
1156 1875 1286 1907 ‘mador
1308 1873 1488 1906 maclffris'.
1537 1874 1631 1906 Sal-¹

85 1927 203 1958 Iustius
225 1927 260 1957 in
283 1925 361 1958 11·11
384 1924 620 1956 histortarum:
645 1922 870 1954 munimenta
886 1920 1034 1952 madore
1051 1919 1332 1951 infirmarentur.
1350 1937 1394 1942 -—
1412 1918 1501 1951 Cum
1518 1919 1613 1951 haec

87 1971 135 2003 ad
159 1970 284 2012 Cyzici
308 1969 535 2003 obsidionem
559 1967 778 2010 pertinuisse
811 1976 892 1998 cum
923 1965 1038 1998 omnis
1070 1975 1129 1996 res
1162 1964 1255 2016 §fid-
1283 1964 1329 2008 ad
1355 1965 1398 1996 fr.
1425 1963 1510 2004 24),
1537 1967 1611 1996 tum

84 2015 245 2058 Appiani
267 2015 292 2047 l.
320 2025 351 2047 c.
378 2025 413 2057 p.
439 2012 506 2046 383
531 2013 626 2045 haec
650 2012 782 2045 verba:
808 2009 878 2043 τοῦ
901 2009 1050 2053 τείχους
1076 2004 1229 2052 ἒκαυθη
1254 2020 1287 2041 τι
1314 2006 1380 2041 καὶ
1405 2005 1612 2042 συνέπεσεν

87 2054 124 2099 ἒς
149 2054 314 2102 ἑσπέραν
337 2077 382 2082 -
405 2052 492 2091 ἀλλ’
517 2051 610 2091 αὐτὸ
635 2052 771 2094 νυκτὸς
796 2049 936 2088 αὐτίκα
960 2049 1303 2097 περιῳκοδόμησαν
1327 2049 1367 2086 οἷ
1388 2052 1610 2096 Κυζικηνοί,

85 2106 296 2145 ostendant,
329 2104 489 2137 dubitari
512 2104 574 2136 vix
597 2106 737 2146 potest,
771 2102 856 2143 quin
887 2103 989 2133 recte
1021 2100 1183 2132 nonnulli
1207 2100 1301 2132 Noni
1331 2099 1417 2131 libri
1445 2110 1510 2142 pro
1534 2100 1611 2132 1111

87 2151 284 2183 exhibeant
307 2150 375 2182 111.
425 2150 494 2181 Pro
519 2152 630 2181 omnia
654 2148 710 2180 ed.
736 2147 869 2179 Aldina
890 2147 1018 2189 inepte
1043 2149 1185 2178 moenia.
1440 2145 1443 2152 “

199 2228 283 2269 *27
319 2229 399 2282 [Kr.
424 2232 479 2266 28.
508 2230 547 2266 G.
570 2229 613 2265 IV
632 2226 710 2279 38].
761 2225 889 2265 Morbi
918 2237 1058 2276 graves
1089 2224 1139 2263 ob
1168 2224 1337 2263 inediam
1364 2223 1516 2263 insolita
1547 2237 1610 2263 ve-

83 2297 296 2337 scentibus.

196 2365 333 2397 Donat.
368 2364 414 2396 ad
437 2363 522 2395 Ter.
554 2361 647 2394 Hec.
680 2362 738 2395 III
761 2362 800 2401 2,
826 2362 866 2393 2:
898 2361 1003 2402 magis
1032 2359 1166 2392 morbus
1197 2357 1443 2401 adaraveseat]
1470 2360 1612 2401 ,qravior

79 2412 155 2452 fiat.
203 2411 352 2452 Proprie
377 2411 458 2452 quia
479 2407 587 2440 morbi
609 2418 730 2449 qraves
753 2411 830 2439 sunt
853 2407 946 2438 dicti.
978 2423 1022 2428 —
1053 2404 1194 2437 Sallust.
1220 2405 1336 2437 morbi
1359 2423 1404 2427 —
1427 2405 1610 2436 vescenti-

84 2456 164 2488 bus.
212 2456 258 2487 In
282 2454 445 2487 exercitu
467 2452 691 2485 Mithridatis
717 2452 891 2494 Cyzicum
922 2450 1116 2482 obsidente
1148 2452 1185 2482 et
1216 2451 1296 2492 ipso
1329 2460 1395 2492 per
1419 2449 1610 2481 Lucullum

83 2500 233 2533 obsesso
265 2509 442 2531 summam
475 2498 611 2531 famem
644 2500 680 2530 et
710 2497 794 2529 inde
820 2496 1087 2539 gravissumam
1112 2494 1364 2538 pestilentiam
1387 2497 1504 2526 ortam
1530 2504 1611 2526 esse

84 2548 230 2578 constat
254 2544 369 2587 (App.
395 2544 431 2576 b.
459 2554 490 2576 c.
516 2540 561 2575 76
585 2553 620 2585 p.
645 2541 723 2575 384.
764 2541 885 2574 Strab.
911 2541 985 2573 XII
1009 2552 1044 2583 p.
1070 2539 1139 2573 809
1162 2540 1274 2572 Mein.
1313 2539 1408 2571 Plut.
1435 2539 1525 2570 Luc.
1554 2537 1607 2569 11.

82 2590 183 2623 Flor.
209 2590 227 2622 1
250 2589 312 2629 40,
341 2588 392 2621 17.
434 2588 539 2621 Oros.
566 2588 617 2620 VI
641 2588 674 2619 2.
715 2586 836 2619 Schol.
865 2586 1023 2619 Gronov.
1058 2585 1105 2618 ad
1129 2585 1206 2617 Cic.
1238 2595 1293 2627 pr.
1325 2584 1350 2615 l.
1376 2584 1475 2615 Man.
1501 2582 1539 2621 8,
1566 2582 1610 2614 20

83 2633 120 2678 pl
136 2634 230 2676 439),
248 2637 305 2667 set
323 2645 403 2666 cum
421 2633 632 2666 Sallustium
649 2633 694 2665 de
709 2632 786 2664 eius
799 2630 1033 2674 pestilentiae
1052 2630 1193 2663 caussis
1211 2629 1326 2661 fusius
1344 2628 1479 2660 dixisse
1496 2629 1608 2659 testa-

82 2684 159 2712 tum
185 2680 233 2712 sit
257 2679 343 2722 (vid.
362 2678 433 2721 28),
458 2679 513 2711 ita
531 2681 652 2710 autem
667 2677 762 2710 haec
779 2676 895 2710 verba
912 2676 1029 2707 minus
1055 2679 1142 2717 apta
1161 2684 1241 2706 esse
1260 2673 1453 2706 videantur
1469 2689 1511 2694 —
1530 2671 1610 2713 quis

85 2725 180 2757 enim
205 2735 286 2757 cum
310 2724 355 2757 de
380 2723 594 2767 pestilentia
617 2722 725 2762 dicit,
757 2721 901 2754 morbos
927 2719 1238 2754 conmemorabit‘?
1270 2735 1311 2740 --
1343 2716 1466 2749 malim
1492 2727 1538 2748 ea
1563 2716 1609 2748 ad

83 2770 331 2802 obsessionem
357 2768 701 2811 Calaguritanorum
725 2767 865 2799 referre
891 2765 978 2806 (vid.
1006 2765 1051 2797 fr.
1076 2763 1098 2796 6
1124 2767 1159 2795 et
1182 2762 1253 2803 22).

197 2846 283 2887 *28
324 2847 404 2900 [Kr.
426 2852 482 2885 27.
522 2849 561 2885 G.
587 2849 654 2886 inc.
676 2845 752 2898 62].
810 2845 919 2884 Serv.
958 2843 1008 2882 ad
1033 2842 1150 2898 Verg.
1184 2840 1254 2879 Ge.
1284 2839 1336 2879 ΙΙΙ
1367 2839 1470 2880 481:
1507 2851 1609 2880 con—
1644 2831 1649 2835 ’

83 2918 267 2964 rupitque
302 2917 434 2966 lacus,
465 2912 609 2962 'infecit
642 2915 817 2962 pabula.
832 2911 944 2954 tabo,·
979 2910 1159 2948 ordinem
1196 2912 1351 2948 secutus
1385 2912 1460 2956 est,
1495 2918 1609 2958 quem
