1852 3294
807 244 940 269 INDEX
1551 231 1634 272 317

113 343 141 376 C
159 342 219 384 31,
239 344 270 376 7.
295 343 320 375 J
335 342 397 382 83,
420 342 436 374 1
463 341 576 384 (misit
597 341 848 385 postulatum).
872 354 919 370 =
940 344 1130 384 inperator
1152 344 1281 374 contra
1301 335 1635 383 posmlatn'ssocehi

111 389 257 421 nuntios
272 389 382 420 mittit
399 388 422 420 J
442 387 500 428 83,
517 386 550 420 3.

156 434 327 466 Postumii.
360 433 421 476 Sp.
439 433 646 465 Postumius
663 432 817 464 Albinus
833 432 858 463 J
874 431 928 464 35.
955 430 1009 464 36.
1035 431 1091 464 39.
1117 433 1173 464 4-1.
1215 432 1257 464 A.
1273 449 1320 455 —
1338 450 1376 455 —
1394 433 1419 466 J
1435 433 1490 466 37.
1516 433 1572 467 38.

156 480 285 518 potens.
324 479 466 510 animus
492 478 635 510 abunde
659 477 801 520 pollens
823 480 1024 519 potensque
1050 481 1087 509 et
1110 477 1232 510 clarus
1248 478 1273 509 J
1292 477 1321 517 1,
1339 477 1372 510 3.
1417 489 1481 511 rex
1498 489 1633 522 genere

112 524 212 555 fama
231 527 304 566 atq.
324 523 440 566 copiis
457 526 585 565 potens
600 523 625 554 J
645 523 695 562 14,
706 523 737 554 7.
768 523 806 553 in
823 526 954 553 senatu
971 525 1101 564 potens
1117 523 1141 554 J
1160 521 1211 563 16,
1224 523 1256 554 2.
1284 522 1375 555 clari
1393 522 1634 568 potentesque

111 568 192 600 fieri
210 568 238 600 C
256 568 309 608 38,
332 568 361 600 l.
403 571 573 611 potentes
598 568 693 610 apud
716 568 834 599 socios
856 567 879 599 J
901 566 940 607 8,
965 568 991 599 1.
1031 568 1144 610 pauci
1166 570 1335 610 potentes
1360 567 1387 600 C
1405 568 1460 610 20,
1479 569 1512 601 7.
1536 570 1561 602 J
1576 570 1632 612 31,

115 612 166 645 19.
194 614 227 645 Η
246 613 262 644 Ι
283 613 333 645 10.
375 614 472 644 inter
494 614 696 655 potentium
714 612 927 643 inimicitias
946 613 979 643 H
996 613 1047 643 111
1065 612 1120 652 61,
1138 613 1194 645 27.
1235 613 1365 655 inopes
1382 616 1578 657 potentisq.
1598 616 1633 647 Η
1685 637 1689 641 «

111 659 161 690 IV
177 657 233 698 61,
255 658 306 690 17.
324 670 370 685 Ξ
388 661 430 690 ut
447 658 560 699 quisq.
577 657 761 696 potentiori
779 656 931 688 confinis
951 661 1031 688 crat
1046 658 1070 688 J
1087 657 1141 698 41,
1160 657 1193 689 8.
1328 685 1331 689 s

155 704 316 742 potentia.
346 703 420 734 iam
437 706 512 734 tum
529 702 869 744 Pompei'potentia
892 702 1131 734 formidulosa
1156 706 1236 734 erat
1253 702 1281 734 C
1302 702 1358 743 19,
1377 704 1410 736 2.
1452 716 1486 747 p.
1505 704 1635 737 Scauri

113 758 176 780 eos
199 758 221 779 a
245 758 333 781 vero
356 747 571 791 inpediebat
592 747 616 779 J
639 746 701 786 30,
720 747 752 778 2.
793 751 833 778 ut
851 746 1006 778 relicuos
1024 747 1123 778 illius
1141 759 1175 790 p.
1193 751 1338 790 tegeret
1355 748 1382 780 C
1400 748 1454 788 48,
1474 750 1505 782 7.
1545 761 1634 792 pau-

112 803 234 825 corum
258 788 292 835 p.
318 794 434 824 erevit
453 792 480 824 C
497 791 557 832 39,
583 792 595 823 1
623 791 802 834 (pugnare
820 803 884 834 pro
902 803 937 835 p.
956 802 1061 834 pauc.
1081 793 1108 824 C
1126 792 1188 833 58,
1211 793 1262 824 ll.
1310 795 1500 835 potentiae
1524 806 1633 837 pauc.

112 838 315 880 gratificari
331 837 355 869 J
371 837 410 877 3,
426 837 472 878 4).
515 837 664 869 divitias
689 837 808 879 gloria
832 838 1012 879 inperium
1035 838 1202 879 potentia
1225 839 1449 880 sequebatur
1473 839 1500 871 C
1528 841 1580 881 12,
1604 841 1632 872 l.

111 884 228 914 omnis
246 883 367 924 gratia
384 883 566 925 potentia,
589 882 706 914 honos
730 882 885 914 divitiae
910 883 1006 924 apud
1030 882 1114 914 illos
1131 886 1215 915 sunt
1232 883 1260 914 C
1277 883 1331 923 20,
1350 882 1383 915 8.
1425 885 1554 917 avidus
1570 897 1633 928 po-

111 929 251 959 tentiae
268 927 416 959 honoris
433 927 643 959 divitiarum
659 927 683 959 J
704 927 753 967 15,
773 928 806 959 4.
848 926 928 969 plus
953 928 1024 959 sibi
1049 927 1189 959 timoris
1207 938 1315 970 quam
1333 940 1423 961 —ae
1442 930 1634 962 addiderat

109 973 134 1004 J
149 972 204 1012 42,
223 973 255 1004 4.
298 973 401 1004 cuius
418 972 463 1004 de
481 973 562 1004 odio
580 973 767 1014 potentiae
785 972 991 1004 nobilitatis
1007 973 1031 1003 J
1048 971 1101 1009 30,
1119 971 1150 1004 3.
1190 973 1348 1005 infestus
1364 976 1552 1016 potentiae
1569 986 1632 1008 no-

111 1017 268 1049 bilitatis
290 1018 315 1049 J
337 1018 400 1058 27,
418 1017 451 1050 2.
478 1017 638 1050 'obviam
662 1018 714 1048 ire
739 1018 926 1060 potentiae
952 1017 1126 1049 factionis
1143 1018 1167 1050 J
1184 1017 1245 1058 31,
1263 1019 1296 1050 4.
1337 1029 1462 1051 veram
1479 1020 1634 1062 gloriam

110 1063 270 1094 iniustae
294 1073 328 1104 p.
356 1066 441 1094 ante
465 1073 599 1104 ponere
623 1063 647 1094 J
670 1062 731 1102 41,
754 1061 806 1094 10.
847 1062 1047 1104 potentiam
1072 1073 1247 1104 quaerere
1270 1064 1294 1095 J
1317 1062 1379 1104 86,
1399 1060 1447 1096 3.
1474 1066 1634 1098 cuiusvis

109 1117 198 1150 opes
216 1112 343 1139 contra
361 1107 460 1140 illius
477 1107 680 1149 potentiam
705 1117 873 1153 erescere
899 1107 1059 1139 voluisse
1078 1107 1105 1139 C
1127 1107 1179 1147 17,
1197 1108 1230 1140 7.
1271 1119 1336 1150 pro
1353 1119 1419 1141 sua
1438 1111 1553 1152 quisq.
1570 1122 1633 1153 po-

109 1153 229 1184 tentia
245 1153 439 1184 certabant
457 1152 485 1184 C
501 1151 556 1192 38,
576 1152 609 1185 3.
650 1152 832 1184 hominem
849 1162 990 1184 summa
1006 1163 1040 1195 p.
1060 1152 1087 1184 C
1104 1152 1160 1191 48,
1179 1153 1210 1185 5.
1252 1164 1332 1185 eum
1349 1165 1384 1196 p.
1403 1156 1634 1199 avaritiarin-

108 1197 246 1230 vadere
261 1198 285 1230 J
301 1196 414 1238 41„9.
927 1230 930 1233 ,

154 1244 307 1282 potestas
323 1243 422 1275 vitae
433 1243 581 1284 necisq.
603 1259 639 1264 —
659 1242 794 1285 pendet
811 1243 835 1274 J
852 1241 901 1282 14,
913 1241 967 1274 23.
1001 1253 1115 1285 penes
1133 1243 1278 1275 eosdem
1297 1245 1451 1286 cogendi
1469 1249 1634 1288 potestas

112 1291 194 1319 erat
209 1287 233 1319 J
249 1286 310 1326 26,
329 1288 361 1318 2.
403 1287 538 1330 legatis
560 1290 725 1329 potestas
750 1287 858 1319 eundi
881 1287 1031 1318 Romam
1058 1287 1097 1319 fit
1117 1288 1142 1319 J
1168 1288 1248 1327 101,
1268 1289 1289 1319 2
1307 1288 1406 1331 (conl.
1426 1300 1578 1332 eumque
1597 1293 1634 1323 in

110 1332 267 1365 vinculis
290 1333 521 1364 retinendum
545 1342 662 1374 neque
688 1332 842 1374 amplius
866 1335 1089 1374 potestatem
1114 1333 1327 1365 faciundam
1352 1334 1379 1365 C
1404 1334 1466 1375 48,
1485 1335 1532 1376 6).
1578 1337 1635 1368 Ea

111 1380 277 1419 potestas
299 1388 366 1420 per
389 1381 556 1410 senatum
579 1395 621 1400 —-
645 1377 878 1419 magistratui
901 1387 1071 1409 maxuma
1087 1379 1328 1419 permittitur:
1355 1381 1554 1412 exercitum
1571 1392 1635 1423 pa—

112 1433 193 1454 rare
211 1427 276 1454 eet.
296 1423 325 1454 O
341 1421 396 1463 29,
415 1421 447 1454 3.
488 1422 689 1454 tribunicia
705 1433 740 1464 p.
759 1423 932 1453 restituta
957 1427 1014 1454 est
1030 1422 1058 1454 C
1076 1422 1137 1462 38,
1161 1423 1188 1455 1.
1215 1424 1249 1454 Η
1267 1425 1283 1454 Ι
1300 1423 1354 1463 48,
1379 1424 1418 1456 14
1435 1424 1490 1466 (—
1510 1426 1582 1458 iam
1600 1437 1634 1468 p.

113 1477 277 1499 evorsum
305 1468 337 1498 H
363 1468 380 1499 I
403 1466 465 1507 41,
484 1466 541 1499 23.
581 1467 681 1509 loqui
705 1467 749 1498 de
775 1471 821 1498 tr.
844 1478 878 1509 p.
903 1467 938 1499 H
961 1467 1015 1499 111
1039 1466 1100 1508 61,
1120 1468 1153 1499 8.
1196 1468 1419 1500 tribuniciae
1436 1474 1634 1512 potestatis

113 1515 240 1544 auctor
254 1513 287 1543 H
302 1513 356 1544 111
371 1511 426 1551 61,
437 1511 481 1545 23
492 1512 613 1554 szaep.).
644 1511 899 1544 adulescentes
915 1522 1091 1544 summam
1107 1516 1328 1555 potestatem
1345 1515 1472 1546 nancti
1490 1515 1518 1547 C
1536 1515 1590 1556 38,
1608 1516 1633 1548 1.

112 1567 193 1589 cum
217 1557 330 1589 talem
354 1558 471 1590 virum
493 1558 532 1588 in
554 1560 775 1599 potestatem
799 1557 990 1589 habuisset
1012 1558 1037 1589 J
1057 1557 1130 1599 112,
1150 1557 1182 1590 3.
1223 1559 1261 1590 in
1279 1559 1432 1591 hostium
1450 1564 1634 1602 potestate

110 1602 135 1634 J
150 1601 206 1642 91,
225 1602 246 1634 5
263 1604 349 1634 conl.
372 1602 451 1641 112,
470 1601 502 1634 3.
544 1613 615 1634 non
639 1603 677 1633 in
691 1602 817 1634 .eiusd.
842 1606 1025 1645 potestate
1050 1603 1193 1634 initium
1218 1603 1307 1635 belli
1333 1608 1369 1636 et
1385 1604 1494 1637 finem
1513 1617 1593 1638 esse
1610 1606 1634 1638 J

111 1646 167 1687 83,
185 1648 217 1678 2.
259 1657 404 1690 semper
426 1648 464 1678 in
486 1647 731 1689 potestatibus
757 1657 799 1678 eo
822 1647 926 1679 modo
945 1648 1133 1689 agitabat,
1152 1653 1192 1679 ut
1210 1649 1390 1691 ampliore,
1405 1660 1512 1692 quam
1530 1661 1634 1693 gere-

111 1692 178 1724 bat
194 1692 325 1734 dignus
342 1692 541 1724 haberetur
556 1692 580 1724 J
596 1692 652 1732 63,
669 1692 701 1723 5.
743 1692 781 1723 in
798 1693 925 1724 ——ibus
943 1696 1148 1734 temperare
1163 1694 1188 1724 J
1203 1692 1258 1732 85,
1276 1695 1309 1725 9.

156 1737 276 1776 potior.
309 1737 463 1769 alteram
480 1740 632 1779 partem,
652 1738 775 1778 specie
794 1747 901 1778 quam
918 1747 985 1768 usu
1002 1738 1181 1779 potiorem
1198 1739 1222 1770 J
1243 1738 1299 1779 16,
1318 1739 1350 1771 5.
1396 1741 1526 1782 quibus
1543 1741 1635 1773 divi-

112 1782 187 1814 tiae
213 1782 309 1814 bono
332 1782 522 1823 honestoq.
547 1783 706 1824 potiores
732 1786 836 1812 erant
859 1782 882 1813 J
906 1781 968 1822 67,
988 1781 1020 1814 3.
1060 1782 1116 1814 1111
1140 1783 1258 1825 turpis
1274 1785 1352 1816 vita
1377 1786 1521 1827 integra
1538 1786 1635 1818 fama

112 1827 231 1869 potior
255 1827 325 1859 fuit
347 1827 370 1859 J
396 1826 458 1867 67,
477 1826 520 1859 3.
550 1826 716 1858 amicitia
735 1844 775 1849 —
794 1827 912 1868 potior
934 1827 1031 1859 bello
1047 1828 1070 1859 J
1086 1826 1143 1868 83,
1165 1827 1192 1859 1.
1234 1829 1353 1870 potior
1369 1830 1449 1862 visa
1466 1834 1523 1862 est
1540 1832 1634 1872 peri-

113 1872 238 1904 culosa
261 1871 417 1904 libertas
442 1873 566 1913 quieto
590 1871 740 1903 servitio
759 1872 793 1902 H
810 1872 826 1903 Ι
843 1871 905 1911 41,
923 1870 978 1903 26.
1021 1873 1232 1904 certaminis
1256 1874 1412 1906 advorsa
1436 1886 1500 1917 pro
1524 1875 1635 1908 liber·

112 1920 190 1949 tate
207 1917 350 1959 potiora
369 1927 449 1949 esse
468 1918 548 1950 viro
566 1927 671 1958 quam
689 1917 835 1948 omnino
852 1927 925 1948 non
943 1918 1146 1949 certavisse
1164 1918 1198 1949 H
1215 1919 1270 1950 111
1283 1918 1342 1959 61,
1360 1920 1393 1950 4.
1434 1921 1556 1952 omnia
1572 1932 1634 1963 po-

112 1962 206 1994 tiora
222 1962 293 1994 fide
311 1963 388 2004 lug.
408 1962 559 1994 rebatur
574 1962 598 1993 J
614 1960 675 2002 26,
695 1963 727 1993 2.
769 1979 813 2008 —l
835 1979 879 1984 —
903 1962 1000 1993 bello
1024 1962 1157 1994 ducere
1173 1964 1196 1995 J
1213 1962 1274 2003 62,
1293 1963 1325 1995 9.
1351 1977 1397 1991 Ξ
1421 1966 1515 2006 quod
1541 1967 1634 1998 forte

112 2007 225 2046 potiu-
243 2017 350 2049 quam
367 2007 501 2039 virtute
519 2010 669 2049 regatur
684 2007 708 2038 J
729 2006 758 2046 l,
780 2006 794 2038 1
810 2009 896 2039 conl.
914 2007 948 2046 4,
967 2007 999 2038 7.
1023 2006 1062 2048 8,
1082 2008 1114 2039 2.
1141 2008 1202 2049 21,
1220 2009 1243 2039 4
1259 2008 1397 2051 (away).
1423 2010 1485 2051 39,
1508 2010 1537 2042 1.
1568 2012 1603 2043 Η
1619 2012 1637 2043 Ι

112 2051 168 2092 41,
186 2051 209 2083 9
225 2051 333 2094 (quae
351 2052 454 2084 multi
470 2053 576 2094 probi
592 2052 714 2094 potius
732 2062 839 2093 quam
857 2051 1020 2084 laborem
1038 2053 1312 2095 capessebant).
1338 2055 1387 2086 IV
1403 2055 1461 2088 34.
1499 2056 1635 2088 vellem

113 2097 234 2139 potius
259 2097 304 2129 ob
329 2107 411 2129 mea
437 2107 544 2139 quam
568 2098 614 2129 ob
632 2098 807 2129 maiorum
825 2096 998 2130 benificia
1014 2108 1158 2140 possem
1176 2117 1218 2122 —
1235 2102 1360 2141 petere
1377 2100 1401 2131 J
1421 2100 1472 2141 14,
1491 2100 1523 2133 3.
1565 2110 1654 2133 neu·

115 2143 217 2184 eapti
238 2143 360 2184 potius
383 2142 617 2174 trucidemini
643 2153 750 2184 quam
776 2160 818 2164 —
842 2142 1057 2185 relinquatis
1076 2142 1104 2175 C
1120 2143 1175 2184 58,
1199 2143 1215 2175 1
1235 2147 1322 2176 conl.
1340 2145 1397 2185 24,
1414 2144 1448 2177 9.
1490 2157 1635 2178 mansu-

114 2197 191 2218 rum
213 2188 333 2229 potius
358 2197 465 2229 quam
483 2205 524 2210 —-
542 2188 642 2220 vitae
663 2204 700 2209 —
720 2190 891 2229 parceret
907 2187 930 2219 J
950 2186 1028 2228 106,
1047 2188 1079 2221 3.
1121 2199 1167 2220 ne
1192 2207 1234 2212 ——-
1258 2193 1527 2232 torpescerent,
1554 2202 1635 2234 gra—

113 2232 207 2264 tuito
230 2232 350 2275 potius
374 2232 491 2264 malus
515 2236 595 2264 erat
612 2231 639 2264 C
662 2230 718 2271 16,
738 2231 770 2264 3.
814 2242 859 2264 ea
883 2242 962 2264 cum
986 2233 1111 2265 facere
1135 2235 1284 2276 possitis
1306 2236 1500 2277 patiamini
1516 2237 1636 2278 potius

115 2277 285 2309 censetH
303 2278 319 2308 Ι
335 2276 390 2316 48,
406 2276 456 2309 18.
474 2290 520 2304 =
537 2287 630 2319 quae
639 2277 752 2308 dubia
768 2277 851 2308 nisu
866 2277 1087 2310 videbantur
1101 2280 1305 2318 potisnumus
1318 2282 1529 2323 temptareJ
1538 2282 1594 2322 94,
1603 2282 1635 2314 2.

113 2334 159 2349 =
174 2326 215 2353 ut
232 2332 336 2364 quem
354 2325 394 2353 tu
415 2339 454 2343 ——
469 2323 689 2364 participem
708 2322 844 2363 fecisti,
864 2323 896 2354 is
910 2324 1129 2362 potissumum
1145 2312 1270 2367 stirlsis
1287 2329 1373 2358 tuae
1391 2327 1573 2359 extinctor
1589 2328 1638 2359 sit

113 2367 138 2398 J
158 2366 209 2407 14,
223 2365 256 2399 9.
299 2377 342 2399 ac
360 2367 596 2409 potissumum
614 2377 659 2399 ea
675 2367 808 2407 dicam,
827 2377 920 2409 quae
940 2385 977 2391 -
996 2369 1021 2401 J
1037 2368 1092 2410 30,
1110 2370 1142 2402 4.
1185 2380 1253 2412 quo
1271 2372 1509 2412 potissumum
1527 2373 1636 2404 adce-

114 2411 197 2443 dam
213 2411 238 2443 J
258 2411 309 2452 14,
332 2412 382 2444 15.
423 2412 510 2453 quid
526 2423 560 2454 p.
579 2412 747 2444 facerent
761 2413 786 2444 J
802 2411 857 2452 67,
879 2412 909 2444 1.

159 2457 279 2496 potior.
311 2457 364 2488 uti
392 2474 428 2480 -
453 2457 673 2489 Adherbalis
696 2458 874 2500 potiretur
896 2458 921 2490 J
943 2458 998 2498 25,
1021 2458 1072 2491 10.
1113 2461 1300 2502 signorum
1319 2463 1355 2492 et
1373 2471 1554 2493 armorum
1572 2462 1636 2493 ali—

116 2505 253 2543 quanto
277 2511 446 2541 numero,
470 2502 626 2534 hostium
650 2512 843 2544 paucorum
870 2504 975 2546 potiti
992 2505 1016 2536 J
1040 2505 1101 2544 74,
1120 2504 1153 2537 3.
1195 2505 1252 2536 cui
1278 2506 1393 2536 fatum
1418 2506 1514 2537 foret
1536 2507 1637 2538 urbis

115 2546 227 2588 potiri
245 2546 273 2578 C
290 2546 387 2585 47,2.
417 2547 450 2578 si
467 2547 546 2580 eius
563 2547 689 2590 oppidi
704 2549 840 2590 potitus
858 2549 953 2581 foret
968 2550 992 2580 J
1009 2550 1062 2589 75,
1078 2551 1111 2581 2.
1144 2549 1314 2591 cupidine
1331 2551 1455 2592 oppidi
1472 2552 1638 2593 potIundi

114 2591 139 2623 J
155 2590 217 2630 37,
235 2592 268 2623 4.
294 2589 356 2631 89,
374 2590 408 2623 6.
449 2593 581 2634 oppido
605 2593 711 2624 modo
734 2593 842 2635 potiti
857 2594 881 2625 J
898 2593 958 2634 76,
978 2594 1009 2626 5.
1051 2594 1176 2625 multis
1201 2595 1290 2626 locis
1314 2598 1450 2637 potitus
1475 2597 1498 2628 J
1521 2595 1584 2634 92,
1602 2596 1635 2627 4.

115 2635 196 2668 1000
221 2647 358 2668 summo
377 2637 516 2679 potitur
538 2637 574 2668 H
596 2637 646 2669 IV
667 2636 724 2670 56.
765 2638 923 2670 hostium
948 2649 1036 2680 agro
1061 2639 1239 2680 potiretur
1253 2639 1278 2670 J
1294 2640 1348 2678 55,
1373 2640 1402 2671 1.
1444 2644 1637 2682 postquam

117 2683 214 2713 omni
231 2681 402 2714 Numidia
425 2682 637 2724 potiebatur
653 2683 678 2714 J
697 2682 754 2724 13,
773 2683 805 2715 5.
846 2684 899 2715 uti
923 2684 1021 2715 solus
1045 2684 1187 2725 inperio
1206 2682 1396 2715 Numidiae
1421 2686 1601 2726 potiretur
1615 2686 1638 2717 J

116 2724 150 2765 8,
171 2725 200 2758 l.
243 2729 376 2758 cuncta
392 2727 558 2769 potiundi
573 2727 610 2758 H
626 2729 639 2759 i
658 2726 732 2760 118.

161 2773 249 2811 poto.
281 2774 405 2803 ament
420 2775 548 2814 potent
562 2772 586 2804 J
602 2772 658 2813 85,
676 2772 731 2804 41.
772 2773 932 2805 insuevit
950 2773 1133 2804 exercitus
1151 2783 1275 2805 amare.
1294 2777 1421 2815 potare
1440 2774 1468 2806 C
1491 2775 1540 2816 11,
1559 2775 1592 2808 6.
1616 2796 1619 2798 -

161 2823 252 2855 pne.
283 2816 450 2859 singulos
466 2834 511 2839 —
527 2828 615 2858 prae
633 2827 673 2849 se
687 2817 831 2849 mittere
843 2817 929 2856 J94,
940 2818 971 2848 2.
1005 2817 1134 2849 incluti
1151 2828 1239 2859 prae
1258 2820 1473 2851 mortalibus
1488 2821 1520 2851 H
1535 2821 1571 2852 11
1583 2820 1638 2854 21.

161 2862 373 2899 praeacutus.
403 2871 492 2893 —as
509 2861 609 2893 sudis
627 2862 654 2892 C
671 2862 726 2899 56,
745 2861 777 2893 3.

163 2905 348 2943 praeatus.
377 2915 551 2947 proxuma
570 2922 616 2947 *⁷
628 2905 800 2947 praealta
817 2908 901 2937 sunt
916 2906 940 2937 J
958 2904 1014 2946 78,
1031 2907 1064 2938 2.
