1826 3282
511 238 808 267 ms'romAavu
839 239 921 265 ms.
953 238 1000 263 ιιι
1034 213 1208 266 46—49.
1564 218 1616 258 75

100 345 192 376 tera.
233 341 337 384 Serg.
354 341 394 374 iu
409 341 544 374 Donat.
569 351 604 382 p.
624 338 708 372 1841
726 339 767 371 P.
808 339 862 371 Ac
883 348 954 371 cum
970 337 1148 370 Sallustius
1171 337 1254 369 dicit
1275 344 1377 368 mare
1398 349 1446 357 —-
1468 335 1620 366 caetera

100 406 144 411 —-
168 389 416 430 comparativus
446 397 515 419 non
543 388 648 418 solum
677 385 924 426 comparativus
949 394 1014 415 non
1038 386 1106 422 est,
1137 383 1202 414 sed
1229 392 1292 414 nec
1313 380 1486 422 positivus.
1534 378 1621 410 Nam

100 444 192 465 mare
216 443 282 465 non
305 433 402 464 modo
427 432 556 464 dulcius
579 441 644 462 non
668 433 735 466 est,
760 430 826 461 sed
840 439 901 460 nec
918 429 1013 460 dulce
1031 428 1173 470 quidem.
1212 425 1375 458 Macrob.
1395 425 1471 458 Sat.
1488 423 1561 456 VII
1579 422 1620 455 12

101 489 136 521 p.
161 477 228 510 257
254 477 309 510 ed.
327 477 408 519 Bip.
434 481 469 509 et
490 480 596 508 totam
616 475 829 516 superficiem
852 476 923 506 eius
946 472 1086 513 (Ponti)
1109 473 1269 513 infectam
1284 481 1359 503 esse
1374 470 1465 503 dulci
1478 471 1619 511 liquore,

99 527 244 566 praeter
267 523 356 567 quod
378 523 428 554 ait
451 520 629 554 Sallustius
652 529 753 552 mare
777 537 821 541 —
846 521 988 559 cetera,
1023 521 1075 550 est
1099 518 1162 550 hoc
1187 527 1315 560 quoque
1339 517 1525 549 testimonio
1550 515 1621 546 cet.

216 613 302 653 *46
334 612 423 665 [Kr.
443 616 499 650 43.
542 613 582 649 G.
601 608 685 662 42].
753 609 876 660 Igitur
910 610 1104 647 introrsus
1142 608 1266 659 prima
1302 607 1414 648 Asiae
1443 604 1621 658 Bithynia

104 685 181 728 est,
210 680 343 720 multis
371 683 484 719 antea
514 677 738 717 nominihus
768 676 973 728 adpellata.

220 759 321 792 Serv.
348 758 395 791 ad
417 758 528 801 Verg.
554 756 597 789 A.
621 756 655 789 V
678 755 764 789 373:
796 755 972 797 Bebrycia
1003 758 1112 787 autem
1143 756 1221 794 ipsa
1247 758 1299 786 est
1322 753 1498 795 Bithynia.
1549 750 1624 783 Sal-

104 807 238 838 lustius:
255 805 370 848 igitur
384 821 429 826 —
447 802 648 846 appellata.
689 802 777 844 Ipsa
792 804 878 833 enim
894 805 946 832 est
962 804 996 832 et
1011 801 1119 832 maior
1135 800 1298 840 Phrygia.
1339 798 1392 831 Id.
1419 798 1466 830 ad
1489 797 1522 830 V
1538 795 1622 829 203:

104 853 258 888 interior,
282 850 488 882 sinisterior.
513 866 551 870 —
579 847 777 880 Sallustius:
801 846 916 888 igitur
939 846 1117 878 introrsus
1141 844 1258 886 prima
1283 843 1329 886 [V
1343 840 1487 885 primae]
1513 842 1624 874 Asiae

104 896 280 937 Bithynia
304 897 372 927 est.
425 893 502 926 Cfr.
521 893 614 925 ·1sid.
640 891 702 924 Or.
726 892 813 924 XIV
837 890 868 929 3,
894 889 938 923 39
961 901 996 933 p.
1022 888 1106 922 439:
1133 890 1250 921 Prima
1273 889 1380 921 Asiae
1403 890 1542 920 minoris
1567 887 1650 927 Bi<

104 942 223 983 thynia
251 941 286 972 in
310 940 414 972 Ponti
442 939 589 972 exordio
619 938 667 970 ad
686 941 821 979 partem
849 938 933 969 solis
955 936 1113 973 orientis,
1147 936 1295 966 adversa
1329 934 1494 965 Thraciae
1524 934 1624 969 iacet,

104 987 213 1018 multis
237 989 340 1018 antea
362 996 383 1017 n
443 985 450 992 '
472 984 545 1016 ibus
568 984 753 1025 appellata.
795 982 881 1014 Nam
903 985 1000 1023 prius
1015 980 1190 1021 Bebrycia
1209 980 1312 1016 dicta,
1337 979 1459 1010 deinde
1480 978 1626 1019 Myydo-

105 1032 173 1070 nia,
197 1041 278 1063 ἠοω
300 1041 323 1062 a
345 995 495 1072 Bfflo
527 1039 608 1070 reye
633 1028 799 1068 Bithynia
829 1030 1033 1067 nuncupata.
1082 1025 1170 1067 Ipsa
1198 1028 1250 1056 est
1273 1028 1308 1056 et
1330 1026 1438 1056 maior
1461 1023 1626 1064 Phryyia.

104 1076 229 1108 Verba
258 1077 336 1117 ipsa
365 1076 453 1107 enim
481 1075 538 1097 —-‘
556 1074 710 1115 Phryyia
740 1082 866 1105 omnes
896 1071 1054 1103 editores
1084 1081 1150 1113 pro
1181 1069 1419 1102 Sallustianis
1448 1068 1625 1107 habuere,

105 1130 198 1154 unus
224 1120 323 1154 Gerl.
348 1124 382 1152 et
406 1118 567 1152 sustulit.
616 1118 680 1150 Set
705 1118 814 1159 quid?
845 1116 1060 1149 Sallustium
1092 1115 1148 1148 sic
1176 1115 1254 1156 ipsa
1283 1114 1422 1146 dixisse
1451 1112 1626 1145 credibile
1677 1121 1686 1123 “

107 1167 188 1199 est?
234 1164 391 1198 Credine
415 1166 555 1207 potest,
590 1174 673 1195 eum
696 1160 784 1195 cum*
802 1161 958 1194 dixisset
988 1163 1102 1193 antea
1123 1159 1337 1201 Bithyniam
1366 1158 1490 1190 multis
1514 1157 1627 1190 nomi-

106 1211 175 1244 bus
193 1209 418 1254 adpellatam
433 1209 562 1250 fuisse,
580 1209 635 1241 sic
651 1210 903 1250 perrecturum
919 1206 1046 1244 fuisse,
1070 1216 1144 1238 non
1168 1205 1291 1247 potius
1315 1207 1356 1236 ut
1369 1203 1531 1236 Isidorus
1547 1213 1628 1245 per·
1679 1216 1682 1219 ⁴

107 1257 227 1288 rexit?
272 1255 445 1288 Profecto
477 1254 756 1297 grammaticum
788 1252 854 1284 illa
885 1251 1003 1292 olent,
1035 1261 1108 1283 non
1140 1250 1356 1292 scriptorem
1384 1248 1627 1291 praeclarum.

109 1301 198 1333 Cum
222 1311 310 1333 vero
334 1300 496 1332 Kritzius
514 1298 726 1332 Sallustium
750 1297 981 1330 contenderit
1008 1296 1118 1328 huius
1141 1295 1341 1337 fragmenti
1363 1294 1488 1327 verbis
1512 1293 1630 1335 ipsam

107 1346 218 1379 Ponti
241 1345 525 1388 descriptionem
550 1354 716 1377 exorsum
741 1353 822 1376 esse
845 1342 954 1384 idque
980 1344 1017 1374 et
1035 1342 1149 1383 prium
1164 1341 1272 1372 Asiae
1298 1343 1336 1372 et
1358 1341 1462 1382 igitur
1483 1338 1629 1376 docere,

109 1392 142 1424 si
164 1394 344 1423 terrarum
366 1390 525 1423 Pontum
550 1388 798 1422 adiacentium
828 1387 999 1426 dixisset,
1026 1385 1279 1419 concederem.
1325 1385 1422 1417 Nam
1446 1386 1560 1416 antea
1585 1382 1630 1415 de

108 1435 262 1470 Pontico
287 1436 380 1468 mari
404 1435 543 1467 dictum
567 1434 684 1467 fuisse
710 1444 754 1466 ex
777 1435 947 1466 introrsus
969 1431 1203 1475 perspicuum
1226 1430 1315 1463 mihi
1338 1430 1494 1462 videtur.

105 1571 116 1580 ,
223 1526 311 1564 *47
339 1524 420 1578 [Kr.
437 1523 497 1563 ”44.
529 1527 568 1564 G.
595 1524 672 1577 47].
731 1523 877 1575 Porph.
904 1523 953 1562 ad
977 1522 1072 1561 Hor.
1109 1521 1182 1562 011.
1213 1521 1231 1560 Ι
1262 1522 1326 1566 17,
1349 1520 1400 1561 18
1422 1532 1461 1572 p.
1486 1518 1542 1558 84
1569 1517 1630 1558 ed;

109 1594 252 1652 Pauly:
278 1594 489 1634 Anacreon
512 1594 662 1644 lyricus
674 1590 798 1642 p'oe'ta
823 1593 923 1631 teius
938 1590 1044 1643 fuit,
1077 1592 1103 1630 i.
1125 1602 1158 1631 e.
1178 1590 1229 1629 ab
1251 1589 1348 1629 urbe
1373 1588 1483 1639 Tei0,
1512 1598 1632 1637 quam

110 1665 152 1702 in
171 1663 452 1713 Paphlagonia
481 1672 564 1701 esse
584 1661 795 1700 Sallustius
818 1660 971 1699 indicat
989 1670 1078 1699 cum
1104 1659 1154 1699 de
1172 1659 1248 1698 situ
1271 1659 1431 1708 pontico
1448 1657 1633 1706 loquitur.

225 1759 311 1802 *48
337 1762 416 1816 [Kr.
444 1766 502 1824 45.
533 1764 573 1800 G.
593 1760 671 1814 45].
725 1761 981 1800 Proxumum.

222 1842 316 1875 Non.
341 1852 376 1884 p.
402 1839 487 1873 358:
519 1841 716 1873 Proximum
739 1839 898 1872 dicebant
926 1843 1060 1871 veteres
1083 1849 1149 1871 non
1172 1841 1277 1871 solum
1301 1838 1494 1870 adhaerens
1517 1841 1551 1869 et
1575 1838 1634 1869 ad-

111 1890 272 1925 iunctum,
303 1897 416 1919 verum
445 1888 544 1918 etiam
568 1888 666 1927 lonye
688 1889 868 1925 remotum,
897 1886 931 1917 si
955 1888 1066 1916 tamen
1089 1888 1180 1916 inter
1203 1885 1268 1916 duo
1293 1883 1445 1915 discreta
1467 1883 1550 1914 nillil
1570 1892 1635 1914 me-

112 1935 200 1967 dium
222 1933 403 1965 extitisset.
436 1948 485 1959 -,
511 1931 572 1963 Ita
601 1935 636 1963 et
658 1930 839 1963 Sallustius
861 1932 894 1962 in
917 1933 985 1962 situ
1009 1930 1113 1962 Ponti
1134 1931 1177 1962 de
1196 1929 1454 1971 promunturiis,
1487 1927 1636 1968 Paphla-

110 1989 230 2021 gonum
254 1981 288 2010 et
312 1978 494 2020 quoddriu
509 1980 669 2017 metopon*
683 1976 881 2017 appellavit,
907 1978 1030 2016 posuit.
1070 1974 1234 2016 Adparet
1258 1973 1305 2005 ab
1324 1972 1498 2005 Sallustio
1515 1970 1638 2013 Κριοῦ

112 2019 297 2066 μέτωπον,
324 2021 418 2065 quod
444 2024 500 2054 est
524 2021 563 2053 in
587 2020 842 2053 Chersonneso
866 2020 1040 2060 Taurica,
1056 2023 1105 2051 'et
1122 2018 1326 2058 Carambis,
1351 2017 1636 2060 promontorium

112 2067 393 2112 Paphlagoniae
417 2066 533 2099 solum
558 2066 722 2098 eminens
747 2064 893 2107 (Strabo
917 2065 955 2097 11
978 2076 1012 2107 p.
1035 2063 1099 2096 168
1115 2062 1256 2105 Mein.),
1281 2073 1458 2106 proxuma
1482 2063 1579 2094 inter
1595 2072 1634 2094 se

113 2113 214 2146 dicta
238 2122 331 2145 esse.
376 2113 471 2144 Nam
494 2122 557 2144 cur
580 2111 624 2143 de
649 2121 762 2154 parvo
787 2113 825 2142 et
847 2110 966 2142 minus
990 2113 1076 2142 noto
1100 2109 1365 2152 promontorio,
1393 2108 1487 2149 quod
1511 2107 1636 2148 Syrias

115 2157 340 2201 adpellatum
357 2159 424 2197 est,
451 2157 666 2200 cogitemus,
690 2156 788 2188 Noni
804 2156 919 2189 verba
937 2165 1010 2187 non
1027 2155 1119 2187 satis
1137 2164 1290 2187 caussae
1308 2153 1506 2197 praebent,
1530 2153 1637 2185 modo

113 2206 196 2246 post
217 2203 460 2245 promunturiis
484 2212 625 2234 comma
648 2210 837 2243 ponamus.
879 2200 1032 2233 Scilicet
1055 2200 1087 2232 is
1110 2199 1264 2242 pluralis
1288 2199 1358 2231 duo
1379 2197 1634 2241 conplectitur,

115 2248 271 2280 alterum
295 2246 488 2280 Carambis
511 2246 572 2279 vel
595 2245 887 2289 Paphlagonum,
914 2244 1070 2277 alterum
1096 2245 1189 2287 quod
1214 2244 1292 2277 criu
1314 2246 1487 2286 metopon
1512 2243 1547 2275 S.
1574 2253 1637 2285 ap-

114 2293 283 2336 pellavit.
331 2292 560 2334 Quamquam
586 2293 708 2324 antem
735 2290 865 2333 negari
888 2301 960 2323 non
984 2293 1125 2334 potest,
1159 2289 1372 2322 Sallustium
1401 2288 1492 2321 illud
1516 2284 1638 2320 dicere

113 2338 278 2381 potuisse
302 2338 340 2369 in
364 2336 643 2380 Paphlagoniae
667 2335 934 2378 descriptione,
967 2339 1091 2368 tamen
1120 2335 1209 2367 mihi
1242 2334 1388 2378 quidem
1418 2333 1531 2366 multo
1561 2333 1641 2366 veri

115 2383 269 2415 similius
293 2382 448 2422 videtur,
476 2392 558 2414 eum
582 2381 626 2413 de
650 2381 722 2415 hac
746 2391 785 2413 re
812 2380 941 2413 eadem
963 2381 1108 2413 ratione
1133 2380 1325 2423 scripsisse
1351 2389 1397 2411 ac
1422 2379 1639 2412 Strabonem

114 2428 140 2460 l.
166 2439 212 2469 c.,
237 2427 302 2459 ubi
325 2427 370 2459 de
396 2427 513 2459 forma
538 2437 583 2459 ac
607 2425 726 2469 figura
742 2425 889 2458 Pontici
913 2426 1024 2458 maris
1043 2425 1191 2468 agebat,
1219 2435 1306 2468 ergo
1330 2424 1400 2457 hoc
1426 2424 1471 2457 fr.
1496 2423 1640 2467 postca

114 2472 322 2516 ponundum
347 2481 440 2504 esse.

212 2543 312 2599 {³49
344 2550 423 2603 [Kr.
448 2555 504 2588 46.
535 2553 574 2589 G.
602 2549 679 2603 39].
738 2549 835 2589 Dein
866 2551 995 2600 campi
1023 2548 1303 2601 Themiscyrii,
1335 2560 1434 2600 quos
1463 2548 1639 2587 habuere

115 2618 346 2663 Amazones,
376 2631 398 2657 a
423 2618 544 2657 Tanai
567 2618 740 2662 flumine,
773 2618 968 2657 incertum
992 2628 1110 2668 quam
1127 2616 1177 2655 ob
1205 2627 1395 2660 caussam,
1426 2616 1636 2665 digressae.

229 2697 331 2729 Serv.
359 2696 406 2728 ad
428 2696 538 2739 Verg.
565 2695 656 2728 Aen.
682 2695 735 2727 XI
758 2694 843 2728 659:
882 2695 1008 2727 Tanais
1029 2696 1147 2737 fluvius
1170 2698 1238 2732 est,
1271 2694 1328 2735 qui
1355 2697 1499 2735 separat
1522 2694 1640 2726 Asiam

117 2741 160 2774 ab
183 2741 346 2783 Europa,
377 2743 472 2774 circa
502 2751 596 2784 quem
626 2745 730 2773 antea
753 2741 944 2773 Amazones
971 2740 1217 2772 habitaverunt.
1269 2738 1364 2770 Unde
1387 2748 1425 2770 se
1449 2742 1571 2779 postea
1594 2741 1642 2771 ad

123 2785 390 2825 Thermodonta,
414 2786 545 2828 fluuium
574 2786 750 2824 Thraciae,
776 2788 1034 2817 transtulerunt.
1085 2783 1182 2822 Quod
1209 2783 1308 2814 etiam
1332 2782 1514 2815 Sallustius
1536 2787 1642 2816 testa-

117 2835 173 2862 tur
195 2833 331 2863 dicens:
362 2831 459 2863 Dein
490 2831 612 2873 campi
642 2830 807 2862 Threissi
840 2829 902 2872 [V.
934 2829 1170 2869 Themiscyrei.
1211 2827 1254 2869 R.
1292 2827 1403 2859 Thrae
1433 2828 1640 2870 Trevicyrei.

83 2912 86 2914 ,
116 2875 203 2908 Vos.
233 2875 484 2917 Thr-enieyrrei.
526 2875 649 2908 Guelf.
675 2876 693 2907 I
717 2876 816 2906 tlz'nis
839 2877 964 2914 scyrei.
1001 2872 1122 2905 Guelf.
1149 2871 1187 2903 11
1217 2872 1342 2904 tkemes
1371 2868 1523 2915 scyreiJ,
1551 2877 1656 2916 quos¹

116 2919 280 2953 habuere
310 2920 515 2953 Amazones
548 2938 588 2943 —-
621 2920 823 2962 digressae.
881 2918 971 2950 Cum
1003 2916 1224 2949 adiectivum
1256 2925 1431 2960 graecum
1455 2913 1646 2963 Θεμισκύ-’
