1826 3282
595 234 899 262 msromanvn
930 235 1013 262 Lm.
1039 235 1090 261 111
1119 228 1179 264 61.
1601 222 1649 263 81

127 333 333 384 superiore
357 345 460 372 anno
482 335 636 384 quantis
656 335 796 374 animis
816 336 903 374 ierit
925 336 963 374 in
989 335 1032 375 L.
1054 334 1274 381 Quintium,
1300 335 1465 374 vidistis:
1487 340 1655 387 quantae

127 400 297 451 denique
326 413 432 440 nnnc
462 401 557 454 milii
586 401 726 441 turbae
760 403 1028 442 concitantur!
1087 402 1195 449 Quae
1225 403 1402 454 profecto
1431 404 1469 442 in
1499 415 1653 442 cassum

127 467 366 518 agebantur,
396 469 440 515 „si
474 469 585 520 prius
620 481 738 520 quam
776 481 843 507 vos
883 471 1083 509 serviundi
1115 471 1253 515 finem,
1290 470 1344 510 illi
1381 470 1655 511 dominationis

128 534 271 574 facturi
300 540 433 575 erant:
471 538 702 586 praesertim
741 549 831 575 cum
860 537 929 595 *his
962 537 1138 576 civilibus
1178 539 1297 577 armis
1333 538 1434 578 dicta
1464 538 1558 583 alia,
1596 543 1654 577 set

61 607 102 640 12
128 607 321 642 certatum
355 603 555 654 utrimque
591 603 639 642 de
675 604 938 643 dominatione
976 606 1014 643 in
1049 617 1117 643 vos
1147 606 1208 645 sit.
1262 605 1397 657 Itaque
1435 610 1564 645 cetera
1605 619 1686 646 ex5

125 669 280 709 licentia
309 674 377 709 aut
404 670 493 709 odio
524 675 591 710 aut
619 672 776 710 avaritia
805 672 844 709 in
873 675 1030 722 tempus
1062 684 1216 711 arsere:
1242 674 1458 723 permansit
1483 685 1562 712 una
1589 685 1654 713 res
1715 682 1723 687 ’

125 737 260 781 niodo,
292 749 392 788 quae
421 738 620 788 utrimque
651 739 823 789 quaesita
858 742 916 777 est
946 743 985 777 et
1011 744 1145 789 erepta
1174 740 1213 778 in
1245 745 1469 790 posterum,
1497 741 1553 779 vis
1584 742 1652 780 tri-

60 799 100 841 13
123 803 299 849 bunicia‚
330 804 452 844 telum
483 817 505 844 a
535 805 752 845 maioribus
779 804 950 844 libertati
977 811 1170 857 paratum.
1226 807 1340 854 Quod
1371 819 1446 858 ego
1470 820 1539 846 vos
1567 820 1651 847 mo-

17 1205 96 1247 *14

56 1352 96 1384 15

122 885 197 911 neo
228 884 454 924 quaesoque
486 876 529 911 ut
557 873 732 912 animum
760 873 984 918 advortatis‚
1016 886 1094 913 neu
1124 875 1284 913 nomina
1307 887 1442 914 rerum
1472 876 1520 914 ad
1541 877 1650 927 igna-
1702 883 1706 887 '

121 941 222 979 viam
259 943 454 979 mutantes
491 941 612 979 otium
652 952 725 991 pro
763 942 921 980 servitio
958 940 1174 992 adpelletis.
1224 942 1310 988 Quo
1340 943 1416 981 iam
1444 944 1528 993 ipso
1558 943 1697 988 si·ni,10

121 1008 154 1046 si
179 1019 270 1046 vera
299 1011 338 1046 et
366 1007 527 1047 honesta
559 1007 748 1059 flagitium
779 1007 1044 1059 superaverit,
1076 1021 1155 1048 non
1188 1016 1247 1048 est
1276 1010 1467 1049 conditio:
1500 1010 1650 1073 fuisset³

122 1075 155 1113 si
192 1075 351 1113 omnino
387 1076 604 1126 quiessetiS.
667 1076 782 1116 Nune
819 1077 992 1115 animum
1028 1077 1236 1116 advortere
1282 1081 1318 1116 et
1357 1078 1430 1116 nisi
1467 1079 1646 1122 viceritis,

123 1143 307 1194 quoniam
338 1143 465 1181 omnis
494 1143 636 1182 iniuria
665 1144 854 1193 gravitate
883 1145 1002 1183 tutior
1030 1149 1100 1189 est,
1133 1145 1256 1183 artius
1286 1144 1503 1185 habebunt.

233 1209 334 1255 Quid
352 1222 489 1250 censes
505 1211 650 1261 igitur?
678 1210 816 1262 aliquis
834 1216 1007 1251 vostrum
1023 1212 1249 1251 subiecerit.
1279 1212 1454 1252 Primum
1473 1215 1647 1253 omnium

120 1278 382 1317 amittundum
421 1290 572 1317 morem
609 1278 716 1318 hunc
749 1291 867 1329 quem
905 1280 1039 1329 agitis,
1087 1280 1265 1330 inpigrae
1303 1279 1482 1329 linguae,
1530 1282 1647 1319 animi
1663 1297 1694 1321 15

120 1345 267 1394 ignavi,
297 1357 376 1384 non
409 1344 510 1384 ultra
541 1347 732 1385 contionis
759 1346 891 1385 locum
918 1359 1114 1387 memores
1144 1347 1346 1386 libertatis.
1413 1347 1562 1387 Deinde
1591 1371 1649 1377 —

119 1424 168 1452 ne
206 1425 274 1451 vos
310 1412 359 1452 ad
398 1412 522 1453 virilia
560 1413 625 1453 illa
660 1426 816 1458 vocem,
855 1414 960 1465 quod
997 1414 1180 1453 tribunos
1217 1414 1349 1465 plebei
1386 1416 1522 1460 modo,
1548 1422 1646 1455 *tum

118 1480 329 1530 patricium
367 1481 663 1532 magistratum,
708 1481 834 1521 libera
881 1481 929 1520 al)
977 1482 1205 1521 auctoribus
1244 1483 1423 1533 patribus
1461 1483 1644 1534 suffragia

120 1547 290 1587 maiores
317 1549 438 1588 vostri
465 1560 654 1599 paravere
683 1572 731 1578 -
764 1561 854 1588 cum
885 1549 941 1588 vis
970 1550 1116 1593 omnis,
1157 1549 1346 1595 Quirites,
1386 1551 1425 1589 in
1458 1551 1569 1590 vohis
1599 1552 1647 1590 sit

229 1648 262 1680 5.
287 1648 390 1680 Arus
410 1660 444 1692 p.
463 1649 548 1681 241:
574 1652 606 1681 in
624 1654 770 1692 tempus,
795 1652 818 1682 ἰ.
836 1661 865 1682 e.
881 1661 1044 1692 processu
1060 1653 1234 1692 tempor-is
1272 1650 1400 1684 Salust.
1418 1653 1554 1685 Histor.
1570 1653 1644 1685 III:

116 1693 246 1735 Itaque
272 1697 443 1781 eaeterap
449 1705 494 1726 ex
517 1695 670 1727 lieentia
695 1698 760 1726 aut
784 1695 865 1727 odio
892 1698 955 1727 aut
979 1696 1140 1728 avaritia.
1164 1696 1202 1727 in
1226 1700 1370 1739 tempus
1395 1707 1531 1730 arsere.

210 1737 262 1770 15.
289 1738 394 1770 Arus.
421 1750 455 1781 p.
481 1739 567 1771 212:
594 1750 658 1782 ayo
683 1742 772 1772 illam
795 1750 877 1772 rem.
927 1741 999 1772 Sal.
1026 1741 1218 1772 Hist.111-
1246 1742 1484 1775 amittendum
1509 1753 1645 1776 morem

116 1783 211 1815 hunc
237 1794 344 1826 quem
369 1783 492 1826 agitis.

114 1905 171 1946 60,
199 1905 291 1948 155).
344 1907 420 1939 Cum
443 1917 568 1949 perse
593 1912 850 1940 consentaneum
872 1909 928 1949 sit,
956 1919 1041 1951 quae
1069 1909 1107 1941 G.
1137 1909 1237 1941 Curio
1261 1920 1294 1941 α.
1320 1909 1375 1942 76.
1406 1921 1475 1943 cos.
1506 1911 1642 1951 fecerit,
1663 1906 1669 1917 '

114 1955 373 1990 conmemormi,
401 1963 596 1995 quamquam
621 1964 688 1995 qua
710 1956 844 1986 ratione
869 1953 912 1985 L.
940 1953 1087 1986 Sicinius
1118 1953 1302 1995 obpressus
1332 1958 1378 1987 sit
1409 1966 1475 1987 non
1499 1961 1642 1994 constat,

115 2001 224 2029 tamen
250 1998 293 2029 de
318 1999 385 2030 allo
411 2008 508 2041 quam
532 1999 575 2030 de
599 2008 638 2030 eo
663 2000 812 2041 cogitari
834 2008 900 2030 non
919 2001 1000 2041 quit.
1025 2016 1070 2021 ——
1089 1999 1118 2030 1.
1140 1999 1328 2038 Quintium
1346 1999 1390 2034 Q.
1432 2000 1643 2040 Quinctium

118 2042 210 2074 Gort-
235 2059 279 2064 —
302 2041 335 2074 3.
363 2042 570 2085 agebantur
592 2043 680 2075 libri.
731 2046 928 2086 agerenter
944 2044 1023 2076 edd.
1049 2061 1093 2066 —
1116 2044 1149 2076 5.
1175 2045 1214 2075 in
1230 2044 1333 2076 vobis
1351 2045 1438 2077 libri.
1483 2046 1642 2084 Conreoei,

115 2098 187 2119 eum
211 2097 275 2130 quo
292 2088 389 2120 modo
406 2088 460 2120 lu’c
476 2089 568 2120 locus
583 2088 626 2120 ab
642 2089 660 2120 I
675 2088 737 2129 41,
755 2089 776 2120 2
793 2089 953 2131 differret
973 2099 1039 2121 non
1058 2091 1296 2133 intellegerem.
1322 2107 1362 2112 —
1383 2089 1416 2122 9.
1443 2091 1540 2122 anim
1581 2091 1643 2123 ad-

114 2132 270 2164 vertatis
295 2131 338 2166 23.
363 2150 410 2155 —
437 2131 489 2165 12.
515 2133 547 2165 si
571 2134 716 2166 omnino
740 2144 813 2166 non
839 2133 1033 2179 quiessetis
1058 2137 1144 2166 coni.
1171 2134 1291 2176 Mdlzly
1315 2137 1336 2166 l.
1362 2146 1391 2167 c.
1412 2146 1452 2178 p.
1470 2134 1526 2167 80.
1568 2137 1643 2168 Atl-

111 2181 216 2218 paret
239 2178 302 2210 hoc
325 2178 410 2209 dici:
444 2179 553 2211 otioso
583 2180 721 2211 servitio
750 2180 827 2219 frui
847 2175 940 2211 vobis
964 2189 1030 2211 non
1055 2179 1185 2222 licebit
1214 2180 1246 2211 si
1276 2179 1434 2212 nobilitas
1456 2184 1642 2222 potentiam
1664 2211 1666 2213 .

113 2232 207 2254 suam
231 2233 272 2254 ac
295 2223 551 2255 dominationem
574 2225 843 2264 confirmaverit,·
867 2226 1024 2262 licuisset,
1049 2227 1082 2257 si
1103 2226 1234 2256 omnino
1260 2227 1437 2267 quiessetzs
1460 2236 1522 2258 nec
1546 2237 1645 2279 quam

115 2267 251 2309 indiyne
278 2267 358 2308 feri
359 2270 423 2303 etis
453 2269 699 2301 ostendissetis.
750 2268 910 2308 Quoniam
933 2270 971 2301 id
992 2270 1207 2306 ostendistis,
1240 2270 1373 2302 adtenti
1393 2275 1487 2308 sunt,
1514 2275 1547 2302 et
1578 2272 1645 2303 nisi

115 2313 222 2354 iuyum
246 2314 412 2345 emucritls
433 2314 570 2355 yrazri'us
593 2324 651 2346 vos
675 2314 880 2355 obpriment,
911 2324 953 2346 ne
977 2325 1126 2357 umquam
1150 2314 1318 2347 rebellare
1338 2316 1491 2356 possiti’s.
1565 2316 1642 2348 ani-

115 2367 211 2389 mum
237 2357 430 2390 advortere
455 2356 499 2392 23.
532 2376 578 2381 —
611 2357 663 2391 13.
690 2359 873 2401 gravitate
899 2359 988 2391 libri.
1035 2359 1221 2402 probitate
1248 2359 1352 2392 Orelli
1375 2362 1429 2392 ed.
1455 2361 1556 2392 1.-
1588 2360 1641 2393 15.

117 2402 353 2434 omittendum
378 2403 466 2435 libri.
523 2404 764 2436 ‘amittendum
795 2405 900 2436 Aras.
927 2408 1067 2447 uterque
1091 2406 1168 2436 cod.
1238 2405 1406 2447 inpigrae
1433 2404 1476 2440 Ἑ.
1510 2423 1553 2427 -
1588 2404 1640 2437 16.

117 2447 299 2479 contionis
324 2446 439 2482 13.-
466 2447 517 2480 17.
545 2459 614 2490 quo
638 2449 804 2481 tribunos
828 2448 954 2491 plebei
977 2449 1082 2482 modo
1108 2449 1303 2492 patricium
1328 2450 1417 2482 libri.
1461 2450 1552 2489 Quae
1577 2460 1641 2492 quo

114 2493 211 2525 modo
232 2493 326 2534 ferri
346 2494 478 2534 possint
502 2503 568 2526 non
591 2494 700 2526 video.
749 2494 836 2526 llam
858 2496 891 2526 si
913 2503 983 2536 quo
1006 2494 1111 2526 modo
1134 2495 1330 2536 coniungas,
1357 2496 1442 2527 ordo
1466 2495 1642 2527 verborum

115 2536 306 2578 obfensioni
328 2542 400 2573 est.-
423 2539 476 2570 sin
502 2549 571 2581 quo
594 2549 660 2580 per
675 2540 859 2571 inauditam
882 2540 1092 2571 insolentiam
1109 2540 1157 2571 ad
1178 2539 1301 2572 virilia
1327 2539 1392 2571 illa
1409 2543 1551 2571 relatum
1567 2549 1641 2570 esse

115 2583 299 2620 concedas,
332 2583 436 2615 modo
467 2595 538 2620 cam
568 2585 616 2615 ad
647 2584 811 2616 tribunos
841 2583 965 2626 plebei
989 2585 1184 2626 adiunyieur
1215 2586 1362 2627 ineptum
1386 2588 1454 2621 est,
1491 2584 1549 2615 ubi
1569 2594 1641 2614 cum

115 2627 310 2670 patricium
334 2629 565 2670 coniunqitur,
597 2630 714 2661 durum
745 2633 780 2661 et
802 2629 989 2662 obscurum.
1039 2629 1172 2661 virilia
1196 2629 1260 2660 illa.
1284 2640 1354 2660 cum
1378 2633 1413 2659 ut
1437 2629 1642 2669 adiungatur

117 2672 294 2704 membrum
317 2673 553 2715 explieativum
574 2676 760 2715 postulent,
793 2674 887 2716 quod
909 2675 1150 2706 restituendum
1174 2678 1240 2709 est,
1273 2678 1306 2704 et
1336 2683 1406 2704 cum
1437 2672 1544 2704 modo
1566 2682 1642 2704 sae-

114 2721 259 2759 pissume
283 2722 482 2760 usurpetur,
508 2719 566 2751 ubi
588 2729 673 2761 quae
698 2721 856 2751 celeriter
878 2729 915 2751 se
940 2720 1142 2760 est-ceperint
1166 2719 1339 2753 dicuntur,
1369 2721 1449 2758 post
1473 2718 1512 2748 id
1527 2718 1641 2758 parti—

117 2764 193 2794 cula
214 2765 411 2805 temporalis
434 2766 522 2796 velut
546 2767 622 2795 tum
638 2766 771 2796 videtur
787 2764 970 2805 excidisse.
995 2780 1040 2785 -—
1067 2761 1119 2794 18.
1140 2762 1349 2794 auctoribus
1366 2761 1533 2803 patriciis
1550 2761 1640 2794 libri.

118 2805 179 2839 Set
202 2817 310 2840 nonne
335 2807 475 2846 Macer,
507 2809 540 2846 si
561 2813 654 2841 recte
678 2820 749 2841 rem
771 2810 966 2851 significare
989 2809 1104 2844 vellet,
1138 2807 1288 2838 sollemni
1316 2817 1358 2838 ac
1385 2810 1546 2838 consueta
1565 2807 1640 2847 sor-

117 2865 204 2894 mula
233 2865 283 2894 uti
305 2863 472 2896 debebat?
519 2865 624 2897 Recte
655 2866 760 2906 igitur
793 2864 988 2899 ciacconius
1018 2861 1196 2904 patribuS.
1231 2880 1271 2884 —
1307 2860 1360 2893 19.
1393 2855 1478 2903 q1⁸1m
1508 2861 1565 2895 vis
1593 2860 1638 2897 Β.

118 2908 281 2948 quamvis
304 2911 368 2940 rel.
393 2909 474 2947 libri
501 2913 535 2940 et
558 2910 637 2941 edd.
688 2909 827 2942 cumvis
851 2908 1019 2939 Latinius.

209 2974 391 3009 Sannum.
416 2985 476 3007 ει).
500 2976 684 3008 Dum-scu.
733 2975 782 3007 ΙΙ.
1126 2994 1134 3000 ·
1344 2963 1370 3003 6
