1838 3288
226 296 231 300 η
270 244 348 287 128
483 259 781 289 ιιιεΤοιιῐΑιωΜ
803 260 975 288 monam.
1004 261 1174 290 L1Baon.
1203 263 1348 296 Remo.
1378 258 1556 295 23—26.

266 363 395 404 tellegi
420 365 586 404 possunt,
619 370 726 402 quam
750 363 790 392 ut
814 361 942 393 ducem
966 361 1123 403 aliquem
1147 362 1323 394 militibus
1347 364 1537 406 inperasse
1562 368 1778 407 statuamus,

267 408 385 449 captis
409 406 575 438 hostibus
601 415 702 437 arma
728 408 763 437 et
788 416 898 448 equos
924 406 1136 446 adimerent,
1163 407 1199 438 id
1225 408 1317 449 quod
1335 408 1490 441 fortasse
1517 420 1559 442 co
1585 411 1777 452 spectavit,

265 457 304 484 ut
328 453 429 484 vitae
454 453 660 493 parcerent.
710 450 928 492 Spartacum
953 462 1033 484 eum
1058 451 1187 484 ducem
1212 453 1336 493 fuisse,
1361 454 1417 485 uti
1440 454 1600 488 Kritzius
1625 455 1779 496 censuit,

264 498 342 531 veri
367 497 486 529 simile
510 506 581 528 non
607 498 674 528 est.

378 585 429 626 23
463 585 695 638 [Kr.11170.
732 588 771 623 G.
795 585 881 638 57].
941 565 1049 632 Quae
1087 587 1141 626 cis
1172 599 1317 637 paucos
1355 588 1437 627 dies
1468 593 1607 628 cuncta
1645 590 1685 628 in
1715 602 1778 629 ar-

263 656 335 693 mis
366 653 479 693 foret.

375 732 664 775 Praepositionis
689 734 737 764 cis
762 731 964 774 exemplum
991 732 1122 764 adtulit
1147 731 1297 766 Cledon.
1323 744 1358 775 p.
1387 733 1471 767 1933
1488 734 1542 774 Ρ.,
1569 737 1625 767 set
1649 734 1701 767 ibi
1724 734 1776 767 le-

262 778 358 821 gitur
381 778 505 810 iuncta.
553 777 584 809 A
609 787 676 819 quo
700 781 791 815 sunt,
824 777 861 808 id
892 777 985 819 quod
1017 780 1053 809 et
1078 777 1175 809 Gerl.
1210 780 1246 809 et
1269 778 1331 809 Kr.
1359 779 1554 821 scripsere,
1588 779 1776 813 inventum

262 824 311 855 sit
334 824 473 855 nescio.
523 822 627 862 Quod
652 821 683 853 si
703 822 798 862 foret
823 821 996 854 librorum
1014 822 1194 864 scriptura
1212 826 1278 862 est,
1305 833 1370 865 per
1387 834 1426 855 se
1445 824 1604 856 concidit
1621 825 1775 868 suspitio

259 868 317 900 his
342 868 464 901 verbis
490 876 700 909 expressam
725 866 835 911 fui—sse
861 873 963 909 spem
987 866 1223 908 fugitivorum
1247 877 1371 900 servos
1389 879 1470 900 mox
1488 872 1646 902 armatos
1672 870 1718 902 ad
1734 877 1794 902 se·

261 913 476 946 adcessuros
494 922 586 944 esse.
621 912 712 943 Tum
730 911 980 953 recipiundum
998 914 1064 951 est,
1091 911 1184 953 quod
1200 912 1279 953 ipse
1289 912 1452 945 Kritzius
1470 913 1627 946 coniecit
1643 918 1773 948 cuncta.

258 958 404 990 Dicitur
428 958 584 990 fortasse
610 956 654 988 de
679 959 777 988 metu
800 957 843 988 L.
862 955 1018 997 Luculli,
1045 966 1090 987 ne
1117 956 1162 988 ab
1187 958 1292 999 tergo
1317 968 1398 990 mox
1423 958 1539 990 omnis
1563 958 1701 991 Pontus
1727 959 1774 992 ab

258 1003 470 1035 Mithridate
495 1011 641 1035 revorso
665 1001 703 1033 in
728 1011 830 1033 arma
854 1003 1003 1033 coactus
1027 1001 1133 1033 foret.

372 1093 461 1132 *24
493 1091 572 1145 [Kr.
595 1094 639 1130 ΙΙΙ
664 1095 719 1129 71.
748 1093 787 1129 G.
809 1093 851 1129 lV
877 1090 954 1143 45].
1011 1090 1111 1129 Dum
1140 1090 1326 1142 paulatim
1356 1093 1436 1131 suis
1461 1093 1499 1132 in
1527 1093 1649 1132 vicem
1678 1093 1772 1134 ‘sub-

256 1161 427 1205 veniunt,
455 1172 591 1198 omnes
620 1158 882 1209 invproelium
911 1159 1035 1198 eoacti
1064 1163 1166 1198 sunt.

370 1239 471 1272 Serv.
504 1239 550 1271 ad
580 1238 689 1280 Verg.
715 1237 757 1270 A.
784 1237 854 1269 XII
877 1235 960 1268 282:
993 1237 1053 1270 Sic
1082 1248 1194 1270 omnes
1223 1248 1317 1270 amor
1346 1249 1429 1270 unus
1459 1238 1559 1271 habet
1586 1240 1772 1273 decernere

252 1284 369 1324 ferro,
395 1284 489 1316 haec
514 1283 619 1315 dicit:
644 1284 703 1319 sie,
730 1284 751 1314 i.
778 1293 808 1315 e.
835 1283 909 1314 dum
930 1283 1092 1324 paulatim
1115 1284 1184 1315 suis
1208 1284 1343 1315 invicem
1365 1283 1577 1324 subveniant,
1603 1294 1715 1317 omnes
1739 1286 1772 1317 in

256 1329 372 1361 bellum
396 1330 507 1361 coacti
527 1332 614 1360 sunt.
664 1327 721 1360 Sic
745 1328 934 1360 Sallustius.
981 1327 1231 1359 Dubitandum
1261 1328 1374 1369 igitur
1405 1332 1476 1367 est,
1509 1331 1628 1360 utrum
1657 1329 1771 1362 verba

255 1373 321 1405 illa
346 1373 575 1416 grammatici
600 1372 671 1404 sint
698 1375 805 1414 atque
831 1371 981 1404 Sallusti
1005 1371 1107 1404 loeus
1133 1372 1326 1412 exciderit,
1361 1383 1408 1404 an
1431 1372 1494 1405 ille
1520 1391 1563 1396 —
1588 1383 1660 1415 qua
1684 1384 1769 1407 con-

256 1418 446 1450 suetudine
467 1418 559 1450 alias
585 1428 657 1450 non
677 1418 790 1449 utitur
809 1434 851 1439 ——
869 1416 1162 1459 Vergilianorum
1187 1417 1527 1459 interpretationem
1549 1418 1672 1451 verbis
1690 1418 1770 1451 Sal-

254 1463 425 1495 lustianis
460 1463 699 1505 proposuerit.
754 1462 813 1499 Ad
841 1472 933 1501 rem,
974 1461 1092 1504 qualis
1125 1462 1221 1504 apud.
1252 1462 1452 1504 Vergilium
1484 1463 1677 1506 descripta
1700 1466 1767 1505 est,

255 1508 457 1550 aptissuma
482 1510 582 1546 sunt,
614 1517 730 1549 neque
763 1507 794 1539 si
819 1506 970 1539 Sallusti
1001 1507 1102 1538 fuere
1136 1506 1244 1538 aliter
1267 1507 1434 1548 intellegi
1457 1510 1628 1550 possunt,
1662 1518 1770 1551 quam

254 1553 297 1585 de
316 1553 457 1595 populis
475 1552 625 1593 duobus,
653 1552 713 1594 qui
738 1562 818 1583 cum
842 1551 977 1593 singuli
994 1562 1157 1593 pugnare
1181 1552 1277 1583 inter
1294 1562 1333 1583 se
1352 1553 1569 1594 coepissent,
1595 1554 1634 1584 in
1650 1554 1769 1586 vicem

252 1598 328 1630 suls
346 1598 604 1630 subvenientes
622 1597 798 1639 paulatim
815 1606 938 1628 omnes
955 1596 1090 1628 bellum
1108 1599 1171 1628 aut
1187 1607 1364 1629 renovare
1389 1599 1452 1629 aut
1468 1597 1629 1640 incipere
1648 1598 1771 1630 coacti

252 1646 347 1684 sunt,
374 1643 411 1674 id
436 1642 530 1685 quod
554 1642 598 1674 de
625 1642 838 1684 Spartacico
863 1641 1018 1672 tumultu
1043 1641 1114 1673 ‹h‘ci
1139 1651 1211 1673 non
1235 1643 1397 1683 potuisse
1417 1651 1475 1673 res
1492 1642 1573 1684 ipsa
1589 1642 1767 1675 Kritzium

252 1688 410 1720 docebit.
460 1687 563 1726 Quod
594 1687 626 1719 si
651 1697 731 1718 cum
757 1685 950 1718 Gerlachio
984 1686 1029 1717 ad
1053 1696 1213 1728 pugnam
1238 1686 1431 1728 quamdam
1455 1687 1678 1729 referuntur,
1704 1698 1766 1720 ne-

252 1733 412 1765 cessario
437 1743 501 1774 pro
526 1732 643 1764 bellum
666 1731 896 1764 scribendum
922 1733 976 1762 est
995 1732 1177 1771 proelium,
1215 1741 1284 1763 nec
1308 1741 1394 1764 vero
1418 1735 1495 1763 tum
1520 1732 1567 1764 ad
1590 1732 1767 1774 proelium

251 1778 348 1820 apud
374 1777 509 1809 Cabira
533 1777 671 1808 factum
695 1776 809 1808 verba
825 1775 1043 1817 pertinuisse
1062 1776 1226 1817 putanda
1250 1779 1345 1815 sunt,
1372 1777 1541 1818 quoniam
1565 1787 1622 1809 res
1644 1777 1767 1810 obstat

250 1821 337 1863 (vid.
365 1822 411 1854 ad
436 1822 479 1853 fr.
505 1822 555 1854 IV
578 1822 623 1852 44
648 1824 683 1853 et
707 1820 782 1862 45),
810 1823 866 1852 set
891 1820 937 1852 ad
962 1820 1073 1852 talem
1098 1831 1275 1863 pugnam,
1303 1820 1422 1862 qualis
1446 1821 1542 1854 inter
1566 1822 1765 1855 Sertorium

251 1870 288 1898 et
310 1867 493 1899 Romanos
526 1866 572 1898 ad
597 1866 797 1908 Saguntum
829 1866 1010 1897 conmissa
1043 1868 1099 1897 est
1123 1864 1268 1906 (Drum.
1296 1866 1346 1898 IV
1369 1877 1404 1908 p.
1429 1865 1507 1898 368.
1527 1867 1641 1898 ⁷Plut.
1668 1867 1762 1900 Sert-

250 1923 280 1944 c.
313 1912 372 1943 21:
405 1905 635 1954 ἠναγκάσθη
668 1909 874 1953 συμβαλεῖν
904 1903 1036 1947 αὐτοῖς
1066 1909 1366 1953 καταβαίνουσιν
1398 1904 1464 1953 ἐφ’
1495 1904 1675 1954 ἁρπαγὴν
1698 1909 1764 1944 καὶ

248 1955 495 1999 σιτολογίαν).
544 1957 616 1988 Res
646 1956 769 1997 utique
802 1956 840 1986 in
871 1955 1013 1987 incerto
1044 1955 1300 1996 relinquenda,
1333 1965 1548 1998 quamquam
1573 1956 1691 1999 magis
1717 1957 1764 1988 ad

249 2012 330 2034 eam
354 2002 576 2034 sententiam
601 2001 749 2041 inclino,
775 2003 815 2032 ut
839 2000 952 2033 verba
976 1999 1042 2031 illa
1067 1999 1218 2032 Sallusti
1243 2009 1322 2032 esse
1346 2010 1490 2042 negem.

359 2098 412 2136 25
445 2096 525 2149 [ΚΓ.
551 2098 594 2134 111
617 2102 673 2134 72.
705 2098 743 2133 G.
767 2098 834 2134 inc.
859 2094 936 2147 36].
987 2094 1109 2134 Simul
1133 2096 1297 2134 inmanis
1317 2095 1521 2135 hominum
1550 2097 1605 2136 vis
1631 2096 1762 2136 multis

245 2162 342 2202 locis
368 2164 543 2203 invasere
572 2163 738 2213 patentis
767 2166 849 2201 tum
881 2166 918 2200 et
948 2163 1053 2212 pacis
1081 2163 1198 2201 modo
1230 2163 1371 2202 effusas
1400 2164 1522 2202 urbis.

357 2241 457 2275 Serv.
478 2242 524 2274 ad
541 2242 649 2283 Verg.
667 2241 708 2272 A.
728 2241 744 2272 I
770 2239 852 2272 299:
880 2240 1039 2272 Nonnulli
1051 2251 1134 2272 sane
1153 2240 1315 2283 ‘pateant'
1330 2246 1479 2283 pacatae
1494 2243 1563 2274 Sint
1581 2244 1758 2285 acciplunt,

242 2291 277 2319 ut
301 2287 499 2319 Sallustius.-
524 2286 630 2318 simul
654 2304 696 2308 —
723 2285 869 2317 effusas.
920 2286 988 2317 Hic
1012 2288 1096 2317 enim
1119 2286 1250 2318 habitus
1273 2290 1381 2328 pacis.
1422 2287 1492 2319 Vix
1511 2286 1610 2319 aliud
1635 2287 1682 2319 ad
1699 2298 1758 2320 ex-

233 2332 411 2374 plendum
442 2331 639 2363 membrum
672 2332 791 2372 aptius
816 2330 994 2372 reperies,
1029 2341 1135 2372 quam
1167 2331 1262 2372 quod
1292 2332 1454 2363 Kritzius
1487 2331 1625 2364 adiecit
1652 2332 1756 2365 urbis.

240 2377 346 2409 Haec
371 2377 414 2408 (18
432 2376 557 2414 servis,
584 2376 644 2417 qui
663 2376 790 2407 fractis
809 2374 965 2407 vinculis
984 2375 1248 2417 ergastulorum
1266 2376 1424 2418 undique
1442 2377 1480 2408 in
1496 2376 1631 2410 Italiae
1648 2377 1758 2410 urbes

240 2421 329 2453 nihil
354 2421 487 2453 hostile
514 2421 674 2452 timentis
699 2420 854 2459 inruere,
881 2420 952 2451 dici
970 2421 1131 2462 potuisse
1150 2421 1268 2453 cidem
1292 2421 1365 2453 viro
1391 2421 1497 2453 docto
1523 2421 1758 2455 adseveranti

241 2477 311 2498 non
337 2466 565 2509 negaverim,
599 2469 722 2497 tamen
748 2475 827 2496 cum
848 2466 947 2506 paci-s*
971 2466 1066 2497 modo
1100 2468 1137 2496 et
1160 2466 1242 2507 ipsa
1267 2466 1370 2498 Servi
1393 2466 1650 2508 interpretatio
1674 2477 1756 2509 pro-

240 2512 340 2552 dant,
368 2512 412 2543 de
429 2511 577 2554 regione
595 2520 795 2543 sermonem
815 2509 939 2548 fuisse,
967 2520 1059 2551 quac
1076 2521 1206 2552 pacem
1223 2510 1361 2542 habere
1380 2511 1600 2552 crederetur,
1628 2511 1757 2553 quaeri

239 2556 338 2596 licet,
366 2566 486 2588 annon
511 2556 555 2588 de
580 2555 686 2587 Ponti
711 2554 860 2586 urbibus
879 2554 1111 2596 cogitandum
1128 2555 1187 2594 sit,
1214 2556 1333 2587 subito
1359 2566 1526 2598 regresso
1542 2556 1755 2589 Mithridate

238 2612 303 2644 per
326 2601 466 2634 incolas
497 2600 706 2633 laetissume
733 2599 810 2631 eius
836 2610 936 2631 arma
960 2600 1146 2641 sequentis
1170 2600 1394 2642 inpugnatis.

352 2697 405 2737 26
435 2696 659 2750 [Kr.11174.
696 2698 773 2733 G.1
805 2693 909 2747 131].
967 2695 1132 2746 Aperlae
1163 2699 1316 2745 portae,
1355 2695 1501 2746 repleta
1541 2709 1632 2735 arva
1672 2695 1753 2736 cul-

237 2764 398 2804 toribus.

348 2844 447 2876 Serv.
475 2843 521 2875 ad
545 2843 654 2885 Verg.
681 2842 769 2874 Aen.
791 2842 825 2874 ΙΙ
850 2842 912 2874 27:
940 2842 1139 2874 Panduntm‘
1160 2846 1302 2884 portae,-
1331 2842 1457 2883 sianum
1487 2844 1586 2882 pacis
1617 2846 1686 2874 est.-
1716 2846 1752 2874 nt

234 2888 411 2920 Sallustius
437 2890 586 2930 apertae
611 2906 654 2909 a
680 2886 890 2919 cultoribus.
939 2888 980 2919 In
1005 2886 1113 2919 simili
1144 2897 1182 2918 re
1215 2890 1322 2928 atque
1347 2896 1603 2929 praegressum
1628 2887 1673 2919 fr.
1699 2887 1751 2919 di-

235 2936 331 2965 ctum
357 2933 470 2966 fuisse
497 2933 765 2974 certissumum3
792 2935 848 2963 set
872 2932 959 2964 ubi?
