1780 3276
592 263 890 290 nisromARvix
922 263 1005 289 ΜΒ.
1040 262 1054 288 1
1084 255 1142 290 41.
1576 243 1619 284 11

103 372 256 416 nequeo
283 365 375 404 satis
406 365 559 408 mirari,
588 365 656 414 qui
686 363 962 403 dominationis
987 364 1025 402 in
1056 374 1124 402 vos
1153 361 1352 401 servitium
1369 372 1494 400 suum
1522 371 1624 398 mer-

104 433 240 472 cedem
271 433 364 472 daut
393 437 431 472 et
457 436 676 483 utrumque
698 443 770 482 per
808 432 990 470 iniuriam
1024 430 1175 470 malunt
1201 435 1318 481 quam
1349 432 1510 480 optumo
1539 429 1626 467 iure

57 506 78 539 3
104 500 217 540 liberi
247 512 387 551 agere:
417 499 620 551 praeclara
653 499 867 539 Brutorum
897 503 1013 549 atque
1033 497 1288 538 Aemiliorum
1319 501 1357 537 et
1382 497 1626 537 Lutatiorum

104 567 247 619 proles,
276 569 395 618 geniti
425 568 473 607 ad
512 557 710 618 ea,'quae
738 567 908 606 maiores
940 567 1078 605 virtute
1108 578 1313 618 peperere,
1345 565 1624 605 subvortunda.

57 643 79 676 4
103 636 202 675 Nam
232 636 324 686 quid
355 648 375 675 a
407 634 559 687 Pyrrho
588 633 819 677 Hannibale,
849 625 1108 686 Philippoque}
1138 638 1176 673 et
1203 633 1393 673 Antiocho
1424 633 1656 672 (leseusumf,

105 707 163 743 est
193 702 297 742 aliud
327 715 445 754 quam
473 702 634 742 libertas
661 706 698 741 et
728 714 822 741 suae
853 703 994 753 cuique
1024 702 1149 747 sedes,
1176 713 1254 740 neu
1284 702 1347 740 cui
1377 702 1451 740 nisi
1478 700 1630 751 legibus

57 779 78 812 5
103 771 362 822 pareremus?
403 783 504 822 quae
535 774 674 811 cuncta
706 781 869 809 scaevus
898 771 970 808 iste
996 768 1187 808 Romulus
1225 770 1336 820 quasi
1371 769 1420 808 ab
1459 769 1630 807 externis

102 842 214 889 rapta
246 842 365 883 tenet,
396 850 476 878 non
501 842 558 877 tot
588 838 831 878 exercituum
864 837 974 877 clade
1003 849 1130 888 neque
1163 836 1368 876 consulum
1400 840 1438 876 et
1464 836 1629 876 aliorum

102 906 337 958 principum,
369 918 468 958 quos
501 892 656 945 fortuna
680 905 773 945 belli
804 908 1114 956 consumpserat,
1145 906 1316 949 satiatus,
1349 908 1407 943 set
1431 908 1514 943 tum
1541 915 1630 943 cru-

102 974 247 1019 delior,
289 986 379 1013 cum
415 973 626 1026 plerosque
660 973 863 1012 'secundae
894 985 960 1012 res
989 974 1027 1012 iu
1057 973 1350 1012 miserationem
1378 986 1423 1012 ex
1454 973 1509 1011 ira
1542 983 1630 1010 vor·
1645 982 1678 1008 10

57 1046 79 1080 6
104 1046 201 1082 tunt.
261 1041 363 1088 Quin
400 1041 507 1081 solus
547 1041 723 1080 omnium
765 1045 854 1092 post
891 1041 1123 1080 memoriam
1163 1041 1323 1080 humani
1353 1040 1509 1090 generis
1538 1039 1631 1078 sub·

102 1109 221 1160 plicia·
243 1111 281 1148 in
306 1113 395 1160 post
425 1109 580 1148 futuros
611 1109 829 1159 conposuit,
864 1109 951 1159 quis
970 1109 1081 1159 prius
1101 1109 1242 1147 iniuria
1270 1120 1387 1159 quam
1418 1109 1493 1146 vita
1525 1111 1630 1146 certa

102 1181 222 1222 essem
268 1178 588 1228 pravissumeque
628 1188 700 1226 per
738 1175 899 1215 sceleris
943 1177 1209 1215 inmanitatem
1243 1175 1372 1215 adhuc
1406 1179 1525 1214 tutus³
1548 1175 1630 1220 fuit,

103 1245 197 1285 dum
228 1257 295 1284 vos
324 1249 431 1284 metu
457 1245 647 1294 gravioris
678 1244 809 1283 serviti
837 1256 858 1283 a
886 1244 1104 1294 repetunda
1134 1243 1314 1282 libertate
1344 1244 1559 1282 terremini.

59 1322 79 1353 7
218 1299 426 1363 Agundum
448 1315 564 1363 atque
585 1311 739 1350 obviam
766 1312 939 1351 eundum
964 1314 1034 1355 est,
1067 1312 1249 1358 Quirites,
1281 1322 1331 1349 ne
1356 1310 1477 1361 spolia
1507 1315 1633 1349 vostra
1650 1320 1679 1346 15

104 1393 226 1431 penes
265 1379 352 1419 illos
388 1380 483 1431 si11t;
523 1391 603 1418 non
643 1378 919 1430 prolatandum
955 1391 1085 1430 neque
1128 1379 1225 1417 votis
1259 1378 1434 1429 paranda
1473 1377 1632 1417 auxilia:

103 1449 177 1487 nisi
209 1448 310 1488 forte
340 1448 506 1498 speratis
535 1447 707 1486 taedium
737 1447 814 1486 iam
840 1450 906 1486 aut
932 1446 1125 1497 pudorem
1153 1432 1370 1498 ty‘rannidis
1390 1445 1520 1485 Sullae
1550 1458 1634 1485 esse

57 1525 79 1557 8
105 1520 141 1555 et
172 1528 261 1555 eum
295 1527 366 1566 per
393 1514 521 1553 scelus
559 1518 750 1565 occupata
788 1514 1046 1565 periculosius
1082 1514 1346 1570 dimissurum.
1413 1514 1461 1553 At
1492 1514 1554 1553 ille
1587 1527 1634 1553 eo

104 1584 314 1635 processit,
356 1587 397 1621 ut
434 1582 529 1621 nihil
567 1582 781 1634 gloriosum
813 1583 888 1621 nisi
918 1585 1046 1621 tutum
1078 1586 1116 1622 et
1146 1583 1274 1621 omnia
1306 1582 1534 1621 retinendae
1565 1582 1635 1620 (lo-

58 1661 80 1694 9
105 1652 325 1691 minationis
363 1650 525 1689 honesta
565 1651 784 1689 existumet.
839 1650 974 1702 Itaque
1014 1649 1076 1689 illa
1115 1651 1226 1701 quies
1257 1654 1295 1689 et
1320 1650 1441 1688 otium
1469 1662 1557 1688 cum
1590 1649 1633 1688 li·
1647 1658 1680 1684 20

103 1718 276 1763 bertate,
316 1731 416 1769 quac
454 1717 564 1757 multi
596 1717 712 1768 probi
749 1719 878 1769 potius
916 1730 1032 1768 quam
1073 1717 1251 1757 laborem
1289 1730 1378 1756 cum
1416 1706 1635 1757 honoribus

217 1842 328 1873 TEST.
350 1852 492 1874 scmr'r.
542 1841 574 1873 5.
601 1842 737 1874 Donat.
765 1841 811 1874 ad
836 1842 920 1873 Ter.
947 1841 1090 1873 Phorm.
1119 1841 1154 1873 11
1176 1841 1204 1881 1,
1228 1841 1284 1874 13:
1311 1841 1503 1884 Superiora
1520 1834 1634 1874 α’σῦν-

105 1885 196 1919 δετα
226 1891 318 1923 sunt,
352 1887 522 1928 inferiora
552 1887 748 1919 intermistis
778 1886 1074 1919 coniunctionibus.
1133 1886 1332 1918 Sallustius:
1373 1898 1457 1918 nam
1490 1887 1633 1928 quidem

107 1935 214 1970 [conr.
241 1932 338 1974 quid]
367 1943 388 1963 a
413 1932 552 1973 Pyrrho
578 1931 789 1964 Hannibale
807 1936 840 1963 et
859 1942 1017 1973 aequore
1037 1935 1073 1963 et
1090 1934 1200 1963 terra.
1252 1932 1323 1964 Ubi
1349 1935 1478 1974 aperte
1503 1932 1633 1974 prioris

105 1977 261 2020 exempli
279 1980 453 2017 extrema,
474 1977 626 2010 alterius
644 1976 761 2019 prima
785 1977 899 2010 verba
926 1977 1150 2017 exciderunt,
1171 1979 1207 2009 et
1223 1987 1269 2008 ne
1286 1976 1375 2008 illud
1393 1977 1538 2019 quidem
1556 1987 1632 2008 cer—

104 2025 179 2054 tum
203 2033 287 2055 num
313 2022 467 2054 alterum
492 2022 642 2054 Sallusti
668 2022 780 2054 fuerit
810 2019 895 2062 (vid.
920 2032 998 2054 var.
1026 2021 1139 2063 lect.).

218 2079 250 2111 7.
285 2079 387 2111 Serv.
416 2079 462 2111 ad
485 2079 596 2121 Verg.
623 2078 702 2110 Ecl.
728 2079 782 2110 111
808 2076 866 2110 13:
907 2078 1075 2110 Perverse
1107 2078 1290 2114 Menalca,·
1321 2083 1378 2110 aut
1402 2089 1563 2110 converse
1589 2079 1636 2110 ad

103 2125 351 2167 turpitudinem,
377 2128 434 2155 aut
459 2125 677 2166 intelliqunzus
698 2124 808 2165 fuisse
826 2125 989 2166 quendam
1007 2123 1198 2155 stIenaleam
1215 2123 1365 2161 nobilem,
1391 2127 1427 2154 nt
1444 2126 1540 2155 istum
1554 2134 1634 2166 per—

103 2180 231 2203 versum
255 2169 449 2201 Menalcam
473 2170 604 2201 dia-erit
628 2169 716 2201 illius
740 2169 1006 2211 comparatione.
1056 2167 1115 2200 Sic
1139 2168 1348 2201 Sallustius?
1365 2179 1497 2201 saevus
1525 2171 1631 2207 [conr.

105 2217 272 2253 scaevus]
298 2214 369 2246 iste
395 2214 578 2246 Romulus.
1104 2213 1110 2215 ’
1449 2230 1451 2232 -
1515 2216 1521 2223 “

197 2270 248 2303 15.
275 2271 409 2302 Donat.
438 2270 485 2302 ad
508 2271 591 2302 Ter.
618 2270 729 2302 Andr.
756 2271 773 2302 Ι
797 2270 830 2310 5,
861 2269 919 2302 19:
956 2270 1047 2302 Mire
1073 2271 1247 2308 ἀπαντάτω
1279 2281 1414 2313 semper
1444 2271 1506 2303 hoe
1527 2281 1634 2312 ¹oenus

104 2317 339 2393 ἕξιέἔίιαῐξξοὲιῇ
362 2317 593 2348 necessitatem
618 2316 776 2354 ostendit,
802 2320 837 2347 ut
862 2334 902 2338 —-
929 2316 1128 2348 Sallustius:
1154 2316 1335 2359 agendum
1362 2319 1471 2360 atque
1489 2316 1634 2349 obviam
1668 2347 1675 2350 ..

105 2496 138 2528 2.
165 2499 358 2538 utcumque
384 2496 529 2528 Botlcius
552 2496 667 2538 praef.
694 2507 728 2537 p.
756 2496 806 2528 IX
832 2497 874 2528 ci.
907 2513 948 2518 ——
983 2496 1015 2529 3.
1042 2496 1150 2529 liberi
1175 2496 1218 2531 Q.
1268 2497 1384 2529 libere
1412 2498 1505 2529 Cort.
1530 2515 1573 2520 —·
1598 2498 1631 2529 4.

52 2539 59 2545 “
105 2541 354 2575 subvertenda
378 2540 422 2575 Q.
451 2559 491 2563 —
517 2541 549 2573 5.
578 2541 731 2580 Quamvis
756 2543 918 2574 audacius
943 2543 980 2574 id
1001 2544 1111 2574 conici
1132 2543 1298 2580 videatur,
1324 2547 1433 2574 tamen
1458 2553 1524 2574 non
1547 2544 1636 2574 omni

103 2588 218 2628 speeie
241 2588 315 2618 veri
337 2590 452 2623 caret,
483 2587 576 2628 apud
600 2587 766 2619 Donatum
791 2586 1033 2629 Philippoque
1060 2592 1096 2619 et
1119 2587 1316 2627 Antiocho,
1348 2592 1402 2619 set
1431 2589 1464 2618 in
1495 2587 1637 2619 Sallusti

105 2632 198 2663 libris
221 2636 300 2672 post
323 2642 366 2663 ea
388 2631 492 2663 verba
518 2634 554 2663 et
579 2642 736 2673 aequore
763 2634 799 2663 et
824 2635 923 2663 terra
948 2633 1131 2664 eaecidisse.
1156 2650 1202 2655 ——
1226 2633 1258 2664 7.
1286 2631 1501 2666 scaevusffi.
1552 2643 1632 2664 sae-

104 2687 170 2709 vus
198 2677 290 2708 Gort.
325 2694 366 2698 —
397 2675 430 2707 8.
459 2676 645 2708 consulum
670 2675 713 2710 ³23.
765 2676 923 2708 consulis
951 2678 1043 2709 Cort.
1077 2696 1119 2700 ——
1148 2677 1200 2708 11.
1227 2681 1309 2719 post
1333 2677 1544 2708 memoriam
1568 2677 1631 2708 hu-

105 2721 204 2753 mani
229 2721 384 2763 suplicia
408 2720 452 2755 Q.
502 2732 536 2763 p.
564 2722 775 2753 memoriam
798 2721 983 2754 hominum
1009 2722 1125 2764 su'ppl.
1156 2723 1247 2754 Cor—c.
1321 2721 1465 2763 generis
1483 2726 1632 2753 inseren-

106 2767 180 2798 dum
205 2776 278 2798 esse
302 2768 383 2798 vidit
410 2765 512 2798 Orelt.
542 2784 586 2788 —-
620 2765 671 2798 13.
699 2766 989 2808 parvissimaque
1015 2765 1058 2801 Q.
1131 2766 1385 2798 inmanitatem
1411 2764 1455 2799 ⁵23.
1533 2769 1631 2798 tutus

107 2811 177 2843 fuit
200 2810 244 2844 ΣΒ.
287 2811 376 2842 furit
395 2811 486 2843 Cort.
513 2829 555 2833 —
584 2810 636 2843 14.
663 2811 803 2843 servitii
828 2811 872 2846 ἓξ.
945 2811 1148 2853 repetenda
1165 2810 1208 2844 (Β.
1235 2828 1279 2832 -
1308 2810 1358 2842 15.
1387 2811 1567 2853 agendum
1585 2811 1633 2846 ³85

108 2856 262 2888 eundum
287 2854 330 2890 Q.
363 2874 407 2877 —
441 2854 492 2887 16.
519 2855 601 2888 illos
626 2855 669 2890 Q.
719 2856 819 2887 illum
847 2856 938 2888 Cort.
973 2874 1013 2878 —
1050 2855 1101 2886 17.
1130 2855 1287 2896 speratis
1313 2866 1378 2897 per
1401 2856 1562 2888 taedium
1586 2875 1631 2879 —

106 2917 149 2922 —
173 2917 217 2922 —
240 2900 444 2941 tyrannidis
470 2911 550 2932 esse
577 2911 658 2932 eum
683 2910 749 2942 per
773 2900 892 2932 scelus
921 2901 1011 2931 Cor-t.
1053 2918 1091 2922 —
1139 2899 1190 2932 19.
1222 2903 1263 2932 ut
1287 2899 1330 2935 Q.
1380 2901 1433 2933 uti
1460 2901 1551 2935 Cort.
1587 2919 1629 2926 -

105 2944 161 2976 20.
190 2945 360 2977 aestimet
384 2944 426 2979 23.
476 2945 629 2977 extimet
659 2946 738 2978 Vae.
764 2945 796 2977 2.
847 2945 1040 2977 existumet
1063 2945 1154 2978 Cort.
