1852 3294
208 219 291 260 232
905 230 1039 257 1NDEx

212 332 353 365 sedisse
371 331 444 362 iam
464 332 499 361 et
519 330 639 361 animo
656 339 810 362 vacuom
827 329 851 362 J
868 329 922 370 52,
941 328 973 362 6.
1016 340 1104 373 quos
1127 329 1219 373 pelli
1233 330 1307 363 iam
1326 333 1523 373 acceperat
1538 331 1562 363 J
1581 329 1656 372 101,
1678 329 1731 364 10.

212 378 284 409 nisi
294 375 451 418 speratis
461 374 622 406 taedium
633 374 704 406 iam
714 374 920 416 tyrannidis
931 374 1055 408 Sullae
1065 386 1146 408 esse
1155 376 1189 407 H
1199 375 1215 407 I
1223 375 1278 417 41,
1289 375 1320 407 7.
1348 378 1385 407 et
1394 376 1468 407 iam
1475 375 1586 408 scalis
1596 376 1735 419 egressi

215 422 368 459 milites,
393 429 473 451 cum
493 435 529 441 —-—
556 419 581 451 J
605 418 665 459 60,
684 418 716 451 6.
757 420 902 461 iamque
926 420 1004 452 dies
1027 423 1260 463 consumptus
1287 423 1384 460 erat,
1410 431 1490 452 cum
1507 437 1549 444 ——-
1573 421 1598 453 J
1620 420 1682 461 98,
1701 422 1734 454 2.

217 465 291 504 101,
311 464 342 496 8.
374 462 447 501 106,
466 463 497 495 5.
541 466 576 496 et
594 465 667 496 iam
685 464 758 496 diei
773 474 906 507 vesper
924 468 1003 497 erat
1019 466 1043 498 J
1059 466 1115 506 52,
1134 465 1155 498 3
1171 467 1257 498 conl.
1275 465 1299 497 J
1315 464 1372 506 61,
1394 465 1422 497 1.
1464 475 1536 497 nox
1551 475 1643 508 quae
1661 466 1735 498 iam

217 510 344 544 aderat
362 509 385 540 J
402 507 463 548 53,
482 507 514 540 3.
540 507 602 549 97,
621 508 653 542 3.
694 520 758 552 pro
776 509 933 542 victoria
956 511 1046 542 satis
1065 512 1138 543 iam
1155 513 1356 552 pugnatum
1371 510 1395 543 J
1411 510 1466 551 54,
1489 510 1504 541 1
1523 509 1611 550 (iam
1627 509 1735 552 susp.)

215 556 301 586 conl.
320 552 375 593 62,
397 552 424 584 1.
461 556 498 584 et
515 554 589 585 iam
606 555 747 596 paratis
765 554 872 586 rebus
888 555 912 587 J
928 555 1025 596 47,2.
1059 566 1171 598 saepe
1189 556 1262 587 iam
1279 555 1379 588 victo
1395 555 1474 597 Iug.
1491 555 1515 587 J
1531 554 1586 595 82,
1599 554 1628 587 1.
1662 555 1737 588 iam

215 602 322 641 parta
339 598 499 631 victoria
517 599 540 630 J
557 598 618 638 82,
637 598 669 631 3.
713 599 858 632 familia
881 610 994 642 prope
1018 601 1091 633 iam
1117 600 1281 632 extincta
1304 601 1327 632 J
1344 599 1398 639 95,
1417 599 1438 632 3
1461 602 1548 632 conl.
1566 600 1590 632 J
1609 598 1685 640 101,
1701 598 1737 632 9.

218 647 305 676 acta
320 643 396 674 iam
415 646 540 675 aetate
557 644 593 675 H
609 645 645 676 II
660 643 715 685 41,
735 644 755 675 2
772 647 858 676 conl.
877 645 912 676 H
929 646 942 677 i
962 645 1036 677 115.
1080 646 1303 687 consumptis
1328 645 1401 677 iam
1427 644 1610 676 alimentis
1632 645 1668 676 H
1683 645 1739 677 111

217 688 273 728 67,
291 688 323 719 4.
365 687 461 719 male
479 689 551 720 iam
571 689 760 721 adsuetum
777 690 812 721 H
829 690 882 722 III
899 689 954 722 62.
986 690 1104 722 lenita
1128 691 1200 722 iam
1225 692 1282 722 ira
1298 691 1333 721 H
1349 691 1399 722 IV
1415 688 1448 721 6.
1490 693 1641 722 cunctos
1664 689 1738 722 iam

217 733 416 765 inclinatos
439 733 475 764 H
497 734 547 765 IV
570 734 624 765 44.
666 734 859 777 inpugnati
877 735 990 767 semel
1007 736 1081 767 iam
1100 735 1135 766 H
1151 735 1202 767 IV
1218 734 1282 775 61,
1304 734 1355 766 12.
1391 738 1427 766 et
1450 735 1523 766 iam
1548 734 1738 777 egredien-

218 778 318 811 tibus
336 778 511 810 Romanis
536 778 560 810 J
576 777 637 815 56,
656 779 688 810 4.
723 779 840 811 fessos
865 783 902 811 et
919 780 991 811 iam
1018 780 1210 812 abnuentis
1235 780 1358 812 omnia
1382 780 1405 812 J
1427 778 1488 819 68,
1507 778 1540 812 3.
1581 780 1739 811 Marium

219 824 293 855 iam
316 823 355 854 in
377 822 532 855 hiberna
556 823 847 866 proficiscentem
871 825 895 856 J
911 824 966 864 97,
985 824 1018 857 3.
1058 825 1094 856 111
1119 825 1327 857 cervicibus
1350 825 1423 856 iam
1440 824 1576 857 Italiae
1595 824 1739 866 agentis

209 868 256 899 'H
273 868 309 899 11
325 866 386 907 96,
406 868 438 899 4.
474 867 618 900 silentis
635 869 710 900 iam
727 869 762 900 H
778 869 834 900 ΙΙΙ
850 868 905 909 67,
929 868 978 900 10.
1012 870 1299 912 propinquantes
1315 869 1389 900 iam
1406 879 1548 901 amnem
1564 869 1599 900 H
1616 869 1667 901 IV
1682 867 1738 902 62.

218 913 309 945 haut
333 912 442 944 dubie
460 912 532 944 iam
550 914 668 946 victor
684 913 708 945 J
728 913 802 954 102,
824 913 851 946 l.
893 914 1007 946 multa
1024 915 1097 946 iam
1114 914 1196 946 11100
1213 915 1248 946 H
1266 914 1322 946 111
1337 913 1393 955 67,
1411 913 1443 945 7.
1484 915 1650 956 quintum
1666 913 1741 946 iam

219 968 381 990 mensem
399 957 422 990 J
448 958 508 997 24,
528 956 559 990 3.
608 958 681 990 iam
708 968 729 990 a
751 959 934 1001 principio
958 959 982 991 J
1002 959 1075 999 102,
1095 958 1126 991 6.
1169 960 1241 990 iam
1258 959 1343 991 inde
1362 969 1384 990 a
1401 958 1580 1001 principio
1597 959 1621 990 J
1637 958 1692 1000 77,
1705 958 1739 991 2.

222 1003 257 1034 Η
273 1001 338 1034 19.
380 1003 454 1034 iam
479 1002 524 1034 ab
550 1003 663 1046 stirpe
688 1004 825 1035 socium
841 1004 864 1036 J
886 1003 940 1043 14,
960 1004 992 1036 2.
1034 1004 1107 1036 iam
1132 1007 1242 1036 antea
1267 1004 1294 1036 C
1312 1002 1371 1043 20,
1390 1003 1423 1035 5.
1449 1002 1511 1043 29,
1533 1002 1560 1035 1.
1588 1003 1612 1035 J
1631 1002 1689 1044 11,
1707 1002 1740 1036 3.

221 1046 276 1086 46,
296 1047 329 1080 3.
355 1046 409 1088 50,
429 1047 461 1079 5.
487 1045 541 1086 63,
559 1047 590 1079 2.
634 1051 749 1080 antea
761 1049 834 1080 iam
851 1049 875 1081 J
891 1048 945 1088 84,
966 1049 996 1081 1.
1034 1049 1107 1081 iam
1124 1049 1264 1091 pridem
1282 1048 1308 1080 C
1327 1049 1382 1088 52,
1404 1048 1455 1080 11.
1497 1048 1571 1080 iam
1588 1048 1741 1090 primum

223 1092 249 1124 C
269 1092 306 1133 7,
324 1092 357 1123 4.
387 1092 445 1132 15,
466 1091 495 1124 1.
538 1093 612 1125 iam
629 1096 705 1125 tum
723 1093 750 1125 C
772 1092 823 1133 18,
842 1094 874 1125 7.
905 1093 956 1134 19,
975 1094 1007 1126 2.
1048 1104 1121 1126 11011
1138 1094 1212 1125 iam
1229 1111 1271 1116 --
1290 1093 1465 1136 deprecor
1481 1093 1505 1125 J
1521 1093 1576 1133 24,
1599 1092 1651 1125 10.
1687 1093 1741 1125 111-

223 1137 276 1169 hil
293 1137 366 1169 iam
384 1137 563 1169 infectum
579 1138 729 1170 Metello
747 1138 900 1171 credens
918 1139 942 1171 J
959 1138 1015 1179 76,
1038 1138 1067 1171 1.
1107 1149 1226 1178 neque
1251 1139 1325 1171 iam
1348 1138 1522 1170 sustineri
1545 1140 1693 1180 poterat
1708 1138 1744 1170 H

222 1182 279 1215 111
296 1181 336 1215 31
356 1185 440 1214 conl.
460 1183 495 1214 H
510 1183 528 1214 Ι
544 1182 599 1224 41,
619 1182 673 1215 20.

268 1227 402 1258 iamiam
418 1227 442 1259 J
461 1227 513 1267 14,
531 1227 587 1260 22.
739 1263 744 1265 μ

268 1272 378 1303 ianua.
411 1273 515 1304 —am
534 1272 722 1305 Ciceronis
739 1273 906 1306 obsidere
926 1273 952 1305 C
970 1272 1026 1315 43,
1044 1274 1076 1305 2.
1118 1274 1230 1305 ianua
1247 1273 1425 1316 prohibiti
1441 1272 1468 1304 C
1487 1271 1542 1313 28,
1560 1271 1594 1305 3.

268 1317 456 1349 Ianuarius.
487 1317 567 1350 Klis
583 1318 765 1350 Ianuariis
784 1318 811 1350 O
834 1317 885 1360 18,
905 1318 937 1350 5.
978 1329 1102 1351 mense
1120 1319 1294 1351 Ianuario
1312 1318 1335 1351 J
1352 1317 1407 1358 37,
1426 1317 1458 1350 3.

269 1362 410 1401 Iapudia
427 1362 461 1393 H
478 1362 490 1393 i
510 1362 563 1394 11.

271 1407 373 1438 Iason
389 1407 423 1438 H
439 1407 493 1438 III
509 1406 563 1439 50.

271 1451 321 1483 ibi
337 1469 378 1474 —-
395 1452 455 1483 ubi
472 1451 499 1483 C
518 1452 572 1492 52,
594 1451 645 1484 15.
670 1452 695 1484 J
712 1451 766 1493 51,
787 1453 818 1484 1.
858 1452 922 1484 ubi
941 1452 1231 1485 adulescentiam
1247 1452 1429 1492 habuere,
1449 1452 1502 1484 ibi
1519 1453 1747 1484 senectutem

230 1499 343 1538 agant
359 1496 383 1528 J
399 1495 460 1535 85,
479 1495 511 1529 3.
547 1507 618 1539 qua
634 1497 672 1528 in
689 1501 794 1539 parte
811 1515 855 1521 -—
869 1498 1001 1537 adfuit,
1018 1498 1071 1529 ibi
1089 1516 1130 1520 --
1148 1501 1350 1540 pugnatum
1365 1497 1389 1529 J
1405 1497 1466 1536 74,
1482 1496 1515 1529 3.
1557 1506 1646 1538 quos
1663 1495 1746 1528 finis

228 1543 409 1584 peterent,
427 1541 480 1573 ibi
497 1542 735 1574 obruerentur
751 1543 775 1575 J
792 1540 852 1582 79,
871 1541 903 1574 8.
945 1542 1087 1574 domum
1111 1553 1150 1574 se
1174 1542 1365 1585 proripuit.
1406 1542 1465 1574 Ibi
1481 1540 1595 1573 multa
1612 1558 1654 1564 —
1671 1540 1748 1574 vol-

229 1597 319 1619 vens
337 1585 364 1617 C
383 1584 438 1625 32,
460 1585 488 1617 1.
515 1586 539 1619 J
556 1585 611 1627 68,
631 1586 662 1619 3.
690 1586 743 1627 76,
764 1586 796 1619 6.
820 1586 875 1626 81,
897 1586 926 1618 1.
952 1586 1013 1627 91,
1033 1587 1066 1618 2.
1096 1586 1170 1627 108,
1191 1587 1220 1619 1.
1263 1587 1430 1629 quoniam
1446 1586 1500 1618 ibi
1516 1586 1626 1627 (apud
1641 1586 1748 1618 Atlze·

229 1630 370 1671 niensis)
388 1641 588 1673 provenere
608 1631 635 1663 G
652 1630 685 1672 8,
704 1631 736 1664 3.
769 1632 826 1664 1111
843 1632 995 1674 primum
1013 1632 1172 1664 insuevit
1190 1632 1372 1664 exercitus
1390 1630 1417 1663 C
1439 1629 1522 1672 11,6
1545 1634 1630 1663 conl.
1651 1630 1676 1663 J
1695 1629 1748 1670 ll,

228 1676 250 1709 5
268 1676 318 1717 (in
335 1686 374 1708 eo
391 1677 581 1717 conventu).
624 1686 755 1718 agmen
780 1677 984 1709 constituit.
1011 1677 1068 1709 Ibi
1084 1677 1108 1709 J
1124 1676 1187 1717 49,
1206 1675 1238 1709 6.
1282 1676 1377 1719 apud
1400 1676 1552 1718 primos,
1579 1675 1673 1717 quod
1695 1675 1750 1708 ibi

230 1720 406 1763 Iugurtha
432 1724 511 1753 erat
534 1721 557 1753 J
583 1720 663 1761 101,
682 1720 714 1753 6.
759 1722 804 1753 ad
825 1722 968 1763 pedites
993 1722 1184 1755 convortit.
1209 1721 1324 1754 1111-
1348 1721 1372 1753 J
1391 1719 1471 1760 101,
1490 1719 1523 1752 6.
1566 1720 1750 1753 exercitus

231 1767 285 1799 ibi
310 1765 366 1805 (in
391 1765 568 1807 Numidia)
596 1769 651 1798 est
671 1766 696 1798 J
718 1765 780 1807 85,
798 1765 853 1798 46.
903 1767 1024 1798 omnia
1047 1766 1100 1798 ibi
1123 1769 1234 1809 capta
1256 1766 1279 1798 J
1301 1765 1365 1806 87,
1384 1765 1416 1798 3.
1442 1765 1505 1806 92,
1523 1763 1555 1798 6.
1587 1765 1623 1797 Η
1642 1765 1693 1798 IV
1716 1764 1750 1797 6.

229 1811 267 1842 in
287 1810 448 1842 abditam
466 1814 607 1853 partem
625 1811 765 1844 secedit
782 1818 891 1853 atque
909 1811 962 1843 ibi
980 1811 1006 1843 C
1024 1810 1078 1852 20,
1093 1811 1121 1842 1.
1139 1810 1206 1852 J8,
1217 1812 1248 1843 2.
1267 1811 1321 1852 54,
1332 1810 1365 1843 3.
1383 1809 1471 1851 91,3
1494 1812 1580 1843 conl.
1598 1810 1628 1842 C
1645 1810 1701 1850 27,
1715 1810 1748 1841 4.

230 1857 267 1888 111
284 1855 401 1888 hostis
416 1855 570 1887 incurrit
586 1856 711 1898 ibique
730 1874 771 1879 —-
791 1855 817 1887 C
837 1855 897 1896 60,
914 1856 945 1888 7.
987 1856 1110 1898 ibique
1127 1868 1173 1884 =
1189 1866 1231 1888 ea
1246 1859 1422 1888 occasione
1438 1855 1462 1888 J
1474 1853 1530 1894 56,
1548 1854 1577 1886 1.
1612 1854 1659 1887 ad
1675 1864 1750 1886 rem

230 1912 265 1943 p.
283 1900 382 1932 latus
400 1910 478 1932 sum
495 1901 619 1943 ibique
638 1900 665 1933 O
683 1900 715 1941 3,
735 1900 766 1934 3.
802 1901 892 1943 ibiq.
910 1919 952 1924 —
971 1901 1134 1933 exercuit
1153 1900 1179 1933 O
1197 1901 1229 1942 5,
1239 1901 1271 1934 2.
1306 1901 1344 1932 in
1362 1900 1591 1942 conloquium
1608 1899 1750 1932 venire-

230 1950 289 1978 tur
312 1946 402 1987 ibiq.
430 1962 467 1967 —
494 1946 658 1978 traderet
674 1946 698 1978 J
719 1945 791 1987 112,
810 1945 842 1978 3.
876 1947 998 1988 ibique
1017 1946 1108 1978 etin
1125 1946 1222 1978 omni
1237 1946 1364 1978 Africa
1381 1945 1405 1978 J
1421 1943 1476 1986 89,
1495 1944 1515 1976 7
1538 1947 1623 1977 conl.
1641 1943 1697 1985 81,
1716 1944 1749 1976 2.

232 1992 288 2023 sin
304 1990 484 2023 Numidae
503 2008 545 2013 —-
565 1990 797 2031 adcederent,
817 1991 869 2023 ibi
885 2001 972 2024 vero
991 2008 1031 2013 —
1049 1992 1072 2023 J
1090 1990 1143 2030 58,
1163 1990 1194 2023 3.

275 2036 407 2067 ibidem.
440 2036 475 2067 Is
493 2053 534 2058 ——
553 2036 689 2067 ibidem
706 2035 893 2068 militabat
908 2036 931 2068 J
948 2035 1003 2075 64,
1021 2036 1053 2067 4.
1087 2036 1223 2067 ibidem
1240 2035 1400 2078 operitur
1415 2035 1439 2067 J
1459 2033 1541 2075 101,
1560 2034 1593 2066 2.
1622 2033 1698 2075 103,
1718 2033 1751 2066 7.

231 2080 368 2112 ibidem
384 2080 524 2112 relictis
541 2080 565 2113 J
584 2079 661 2121 107,
680 2080 713 2112 5.
753 2081 887 2112 ibidem
900 2083 1060 2113 moratus
1078 2081 1113 2112 H
1130 2081 1180 2112 IV
1197 2079 1252 2112 68.

277 2125 339 2156 ico.
365 2126 431 2157 icti
448 2125 666 2167 fragmentis
684 2126 831 2158 navium
848 2126 883 2158 H
899 2127 954 2158 III
970 2126 1025 2157 24.
1047 2133 1050 2135 ·

278 2170 375 2201 ictus.
406 2171 482 2202 ictu
498 2170 667 2212 tragulae
685 2171 720 2202 H
736 2171 772 2202 II
792 2169 844 2202 19.
885 2171 962 2203 ictu
980 2163 1102 2203 eorum
1126 2186 1166 2192 —-
1186 2169 1415 2202 necabantur
1432 2169 1468 2201 H
1484 2169 1521 2202 ΙΙ
1537 2168 1592 2202 63.
1634 2168 1682 2202 ad
1698 2169 1754 2202 fa-

235 2214 382 2246 ciliores
400 2215 495 2246 ictus
512 2215 547 2246 H
564 2215 576 2245 i
594 2214 648 2246 56.

279 2259 413 2290 idcirco.
443 2259 749 2300 neque'Metellus
767 2260 905 2292 idcirco
923 2261 1040 2292 minus
1057 2261 1081 2292 J
1097 2259 1152 2300 46,
1171 2258 1203 2291 6.

278 2304 374 2335 idem.
408 2301 517 2345 [Nom.
538 2306 631 2344 plur.
658 2304 774 2335 eidem
793 2306 958 2336 invenitur
974 2308 1006 2337 in
1024 2304 1118 2337 libris
1141 2305 1164 2337 J
1182 2304 1243 2345 31,
1263 2304 1313 2336 12.
1348 2304 1443 2336 idem
1458 2304 1483 2336 J
1499 2304 1561 2345 27,
1584 2302 1612 2335 1.
1639 2302 1700 2345 31,
1719 2303 1753 2336 2.

238 2348 374 2380 eisdem
393 2347 420 2379 O
439 2348 500 2387 42,
523 2347 551 2379 1.
583 2347 758 2388 J14,11.
785 2349 847 2388 25,
866 2349 898 2382 2.
924 2349 986 2389 54,
1009 2349 1036 2380 l.
1056 2348 1088 2381 9.
1115 2348 1177 2389 85,
1199 2348 1228 2381 1.
1261 2349 1376 2381 isdem
1395 2349 1422 2381 C
1440 2348 1554 2389 42,1.
1579 2348 1602 2381 J
1620 2347 1680 2388 14,
1701 2347 1753 2380 11.

237 2393 291 2431 54,
314 2392 344 2424 1.
363 2391 396 2424 9.
422 2391 476 2432 85,
500 2390 543 2434 1.]
584 2393 680 2424 idem
697 2392 793 2424 velle
813 2396 922 2435 atque
939 2394 1034 2425 idem
1049 2394 1146 2426 nolle
1163 2411 1207 2416 —
1225 2394 1391 2426 amicitia
1409 2393 1436 2426 C
1454 2392 1540 2433 20,4
1555 2395 1641 2426 conl.
1658 2393 1683 2425 J
1698 2392 1753 2433 31,

239 2437 292 2469 14.
326 2437 423 2469 idem
440 2436 479 2468 fit
497 2437 629 2469 ceteris
648 2436 675 2468 C
694 2437 748 2475 55,
767 2437 798 2469 2.
833 2438 929 2475 idem
948 2439 1042 2470 facit
1058 2438 1216 2470 hostium
1233 2439 1413 2471 exercitus
1432 2438 1459 2470 C
1477 2437 1534 2477 60,
1555 2437 1584 2470 l.
1609 2438 1633 2470 J
1649 2436 1705 2478 66,
1721 2437 1754 2470 4.

235 2480 332 2522 91,3.
359 2482 395 2513 Η
412 2482 429 2514 I
446 2480 501 2514 53.
536 2481 566 2514 si
584 2492 639 2514 me
658 2482 873 2524 despiciunt,
895 2483 1037 2514 faciunt
1053 2483 1149 2515 idem
1166 2483 1366 2516 maioribus
1384 2484 1459 2515 suis
1474 2483 1498 2515 J
1514 2482 1570 2523 85,
1582 2482 1634 2515 17.
1669 2492 1756 2525 qua—

236 2526 291 2559 les
309 2526 377 2559 viri
395 2527 491 2558 idem
510 2526 660 2568 adsequi
672 2527 906 2569 nequiverint
920 2527 943 2559 J
960 2529 992 2565 4,
1011 2527 1044 2559 4.
1085 2528 1180 2559 idem
1205 2529 1276 2560 sibi
1298 2528 1447 2570 placere
1463 2528 1487 2560 J
1507 2527 1558 2568 ll,
1575 2526 1608 2560 6.
1647 2530 1756 2569 atque

237 2581 361 2603 omnes
378 2571 476 2603 idem
494 2571 757 2614 significabant
772 2571 796 2603 J
815 2570 890 2612 101,
908 2572 941 2603 2.
985 2572 1114 2604 eadem
1133 2572 1233 2604 Galli
1251 2573 1413 2604 fatentur
1431 2572 1459 2604 C
1474 2572 1528 2609 47,
1545 2572 1586 2604 2..
1613 2571 1657 2604 de
1675 2571 1757 2604 Sta-

236 2616 317 2648 tilio
337 2616 463 2649 eodem
480 2615 582 2648 modo
603 2616 821 2658 subplicium
835 2620 1013 2659 sumptum
1025 2616 1116 2656 055,
1126 2615 1158 2648 6.
1194 2617 1323 2649 eadem
1341 2617 1608 2659 ingredientem
1626 2616 1758 2649 Gaium

237 2661 262 2693 J
277 2660 339 2700 42,
360 2660 389 2694 1.
431 2661 588 2693 relicuos
615 2661 743 2693 eadem
759 2662 821 2694 via
840 2661 1034 2704 adgressus
1059 2661 1083 2693 J
1101 2660 1160 2700 16,
1178 2662 1211 2695 4.
1252 2672 1309 2693 1110
1328 2662 1463 2693 eisdem
1481 2660 1574 2693 dolis
1591 2671 1663 2694 non
1679 2661 1759 2702 quit

240 2715 375 2748 capere
400 2705 424 2737 J
450 2705 509 2745 14,
532 2705 582 2737 ll.
625 2706 669 2738 ob
696 2706 842 2739 easdem
868 2706 956 2738 artis
980 2706 1026 2738 ab
1051 2706 1207 2748 Micipsa
1233 2706 1446 2748 adoptatum
1466 2705 1491 2738 J
1507 2704 1567 2746 22,
1587 2705 1619 2736 2.
1660 2705 1758 2738 idem

240 2750 416 2782 ambobus
433 2750 601 2792 polliceri
617 2750 642 2782 J
661 2750 735 2790 113,
753 2751 785 2783 2.
818 2751 965 2793 saepius
983 2751 1111 2783 eadem
1127 2750 1328 2793 postulanti
1345 2750 1369 2783 J
1385 2749 1440 2789 64,
1459 2750 1492 2782 4.
1527 2750 1656 2782 eadem
1674 2760 1758 2783 con—

241 2795 380 2827 ditione
399 2805 480 2827 sese
496 2795 520 2827 J
537 2794 591 2834 79,
610 2794 643 2827 8.
685 2796 716 2827 si
734 2796 861 2828 eadem
884 2795 939 2828 illi
956 2795 1062 2838 copia
1079 2794 1184 2828 fieret
1199 2795 1222 2828 J
1239 2794 1300 2835 83,
1318 2795 1350 2827 2.
1394 2804 1611 2837 quamquam
1630 2795 1759 2827 eadem

241 2840 486 2872 existumabat
501 2840 525 2872 J
545 2839 625 2880 107,
646 2839 678 2872 3.
719 2843 868 2882 praeter
891 2840 1074 2873 satellites
1098 2840 1178 2882 quis
1203 2840 1331 2873 eadem
1348 2839 1425 2873 volt
1441 2839 1478 2871 H
1495 2839 1512 2872 1
1527 2839 1583 2879 41,
1601 2839 1656 2871 21.
1699 2850 1770 2872 0ον

239 2884 319 2915 dem
340 2887 489 2917 auctore
507 2884 638 2916 missus
657 2888 713 2916 est
725 2885 759 2917 H
777 2885 813 2917 ΙΙ
830 2883 885 2918 39.
921 2884 967 2918 ab
989 2885 1115 2918 eodem
1132 2885 1289 2918 monitus
1305 2885 1329 2918 J
1347 2883 1422 2926 106,
1441 2884 1474 2916 4.
1515 2884 1663 2918 Etrusci
1679 2894 1761 2919 cum
