<?xml version="1.0" encoding="UTF-8"?>
<!DOCTYPE html PUBLIC "-//W3C//DTD XHTML 1.0 Transitional//EN"
    "http://www.w3.org/TR/xhtml1/DTD/xhtml1-transitional.dtd">
<html xmlns="http://www.w3.org/1999/xhtml" xml:lang="en" lang="en">
 <head>
  <title>
</title>
<meta http-equiv="Content-Type" content="text/html;charset=utf-8" />
  <meta name='ocr-system' content='tesseract 3.04.00' />
  <meta name='ocr-capabilities' content='ocr_page ocr_carea ocr_par ocr_line ocrx_word'/>
</head>
<body>
  <div class='ocr_page' id='page_1' title='image "./quaesupersunt02salluoft_0352.png"; bbox 0 0 1846 3282; ppageno 0'>
   <div class='ocr_carea' id='block_1_1' title="bbox 208 204 1035 254">
    <p class='ocr_par' dir='ltr' id='par_1_1' title="bbox 208 204 1035 254">
     <span class='ocr_line' id='line_1_1' title="bbox 208 204 1035 254; baseline -0.005 -9"><span class='ocrx_word' id='word_1_1' title='bbox 208 204 290 245; x_wconf 82' lang='grc'>3-14</span> <span class='ocrx_word' id='word_1_2' title='bbox 401 249 405 254; x_wconf 50' lang='grc'>,</span> <span class='ocrx_word' id='word_1_3' title='bbox 902 216 1035 242; x_wconf 74' lang='lat' dir='ltr'>INDEX</span> 
     </span>
    </p>
   </div>
   <div class='ocr_carea' id='block_1_2' title="bbox 206 314 1746 2915">
    <p class='ocr_par' dir='ltr' id='par_1_2' title="bbox 206 314 1730 986">
     <span class='ocr_line' id='line_1_2' title="bbox 208 314 1724 360; baseline 0.001 -11"><span class='ocrx_word' id='word_1_4' title='bbox 208 318 286 360; x_wconf 89' lang='lat' dir='ltr'>peti</span> <span class='ocrx_word' id='word_1_5' title='bbox 311 317 444 348; x_wconf 87' lang='lat' dir='ltr'>debere</span> <span class='ocrx_word' id='word_1_6' title='bbox 468 316 491 347; x_wconf 95' lang='lat' dir='ltr'>J</span> <span class='ocrx_word' id='word_1_7' title='bbox 508 314 569 355; x_wconf 99' lang='grc'>85,</span> <span class='ocrx_word' id='word_1_8' title='bbox 588 316 620 346; x_wconf 86' lang='grc'>2.</span> <span class='ocrx_word' id='word_1_9' title='bbox 662 315 741 354; x_wconf 81' lang='lat' dir='ltr'>Quo</span> <span class='ocrx_word' id='word_1_10' title='bbox 766 314 853 346; x_wconf 86' lang='lat' dir='ltr'>mihi</span> <span class='ocrx_word' id='word_1_11' title='bbox 877 315 1014 347; x_wconf 79' lang='lat' dir='ltr'>rectius</span> <span class='ocrx_word' id='word_1_12' title='bbox 1037 315 1180 348; x_wconf 87' lang='lat' dir='ltr'>videtur</span> <span class='ocrx_word' id='word_1_13' title='bbox 1199 315 1225 348; x_wconf 87' lang='lat' dir='ltr'>C</span> <span class='ocrx_word' id='word_1_14' title='bbox 1249 315 1283 356; x_wconf 91' lang='lat' dir='ltr'>l,</span> <span class='ocrx_word' id='word_1_15' title='bbox 1302 315 1324 349; x_wconf 88' lang='lat'><strong>3</strong></span> <span class='ocrx_word' id='word_1_16' title='bbox 1347 320 1433 350; x_wconf 81' lang='lat' dir='ltr'>conl.</span> <span class='ocrx_word' id='word_1_17' title='bbox 1448 316 1508 357; x_wconf 87' lang='lat'>37,</span> <span class='ocrx_word' id='word_1_18' title='bbox 1528 316 1562 350; x_wconf 85' lang='lat'>8.</span> <span class='ocrx_word' id='word_1_19' title='bbox 1587 317 1651 358; x_wconf 86' lang='grc'>52,</span> <span class='ocrx_word' id='word_1_20' title='bbox 1669 316 1724 351; x_wconf 80' lang='grc'>35.</span> 
     </span>
     <span class='ocr_line' id='line_1_3' title="bbox 209 358 1727 405; baseline 0.001 -11"><span class='ocrx_word' id='word_1_21' title='bbox 209 362 262 399; x_wconf 84' lang='grc'>58,</span> <span class='ocrx_word' id='word_1_22' title='bbox 288 362 337 392; x_wconf 89' lang='grc'>12.</span> <span class='ocrx_word' id='word_1_23' title='bbox 362 362 385 392; x_wconf 99' lang='lat' dir='ltr'>J</span> <span class='ocrx_word' id='word_1_24' title='bbox 403 361 435 398; x_wconf 90' lang='lat'>2,</span> <span class='ocrx_word' id='word_1_25' title='bbox 454 361 485 391; x_wconf 88' lang='lat'>4.</span> <span class='ocrx_word' id='word_1_26' title='bbox 515 361 566 399; x_wconf 90' lang='grc'>14,</span> <span class='ocrx_word' id='word_1_27' title='bbox 590 358 638 391; x_wconf 92' lang='grc'>19.</span> <span class='ocrx_word' id='word_1_28' title='bbox 664 359 719 397; x_wconf 87' lang='grc'>85,</span> <span class='ocrx_word' id='word_1_29' title='bbox 738 358 769 390; x_wconf 94' lang='grc'>6.</span> <span class='ocrx_word' id='word_1_30' title='bbox 796 360 829 390; x_wconf 93' lang='grc' dir='ltr'><strong><em>Η</em></strong></span> <span class='ocrx_word' id='word_1_31' title='bbox 848 359 860 390; x_wconf 86' lang='lat' dir='ltr'>i</span> <span class='ocrx_word' id='word_1_32' title='bbox 877 358 930 391; x_wconf 83' lang='lat'>63.</span> <span class='ocrx_word' id='word_1_33' title='bbox 948 373 994 388; x_wconf 89' lang='lat'><strong><em>=</em></strong></span> <span class='ocrx_word' id='word_1_34' title='bbox 1008 371 1054 392; x_wconf 90' lang='lat' dir='ltr'>ne</span> <span class='ocrx_word' id='word_1_35' title='bbox 1073 371 1136 393; x_wconf 87' lang='lat' dir='ltr'>vos</span> <span class='ocrx_word' id='word_1_36' title='bbox 1155 361 1201 393; x_wconf 84' lang='lat' dir='ltr'>ad</span> <span class='ocrx_word' id='word_1_37' title='bbox 1218 361 1340 393; x_wconf 88' lang='lat' dir='ltr'>virilia</span> <span class='ocrx_word' id='word_1_38' title='bbox 1359 362 1423 394; x_wconf 84' lang='lat' dir='ltr'>illa</span> <span class='ocrx_word' id='word_1_39' title='bbox 1440 373 1578 402; x_wconf 87' lang='lat' dir='ltr'>vocem,</span> <span class='ocrx_word' id='word_1_40' title='bbox 1598 373 1668 405; x_wconf 90' lang='lat' dir='ltr'>quo</span> <span class='ocrx_word' id='word_1_41' title='bbox 1684 379 1727 389; x_wconf 88' lang='lat'><strong>-··-</strong></span> 
     </span>
     <span class='ocr_line' id='line_1_4' title="bbox 209 403 1728 447; baseline 0.001 -9"><span class='ocrx_word' id='word_1_42' title='bbox 209 408 365 438; x_wconf 87' lang='lat' dir='ltr'>maiores</span> <span class='ocrx_word' id='word_1_43' title='bbox 383 405 497 436; x_wconf 80' lang='lat' dir='ltr'>vostri</span> <span class='ocrx_word' id='word_1_44' title='bbox 514 415 692 446; x_wconf 87' lang='lat' dir='ltr'>paravere</span> <span class='ocrx_word' id='word_1_45' title='bbox 710 405 744 435; x_wconf 95' lang='lat' dir='ltr'>H</span> <span class='ocrx_word' id='word_1_46' title='bbox 762 405 816 436; x_wconf 94' lang='lat' dir='ltr'>III</span> <span class='ocrx_word' id='word_1_47' title='bbox 833 403 887 444; x_wconf 89' lang='grc'>61,</span> <span class='ocrx_word' id='word_1_48' title='bbox 911 404 950 437; x_wconf 90' lang='grc'>15</span> <span class='ocrx_word' id='word_1_49' title='bbox 968 404 1023 447; x_wconf 85' lang='lat'>(?).</span> <span class='ocrx_word' id='word_1_50' title='bbox 1046 418 1093 433; x_wconf 88' lang='lat'>=</span> <span class='ocrx_word' id='word_1_51' title='bbox 1113 406 1312 438; x_wconf 84' lang='lat' dir='ltr'>exercitum</span> <span class='ocrx_word' id='word_1_52' title='bbox 1329 415 1392 447; x_wconf 84' lang='lat' dir='ltr'>quo</span> <span class='ocrx_word' id='word_1_53' title='bbox 1409 407 1481 439; x_wconf 82' lang='lat' dir='ltr'>sibi</span> <span class='ocrx_word' id='word_1_54' title='bbox 1499 406 1607 440; x_wconf 87' lang='lat' dir='ltr'>fidum</span> <span class='ocrx_word' id='word_1_55' title='bbox 1625 408 1728 440; x_wconf 77' lang='lat' dir='ltr'>facc-</span> 
     </span>
     <span class='ocr_line' id='line_1_5' title="bbox 209 448 1729 494; baseline 0.001 -11"><span class='ocrx_word' id='word_1_56' title='bbox 209 455 275 487; x_wconf 88' lang='lat' dir='ltr'>ret,</span> <span class='ocrx_word' id='word_1_57' title='bbox 296 450 477 481; x_wconf 84' lang='lat' dir='ltr'>luxuriose</span> <span class='ocrx_word' id='word_1_58' title='bbox 495 449 676 481; x_wconf 86' lang='lat' dir='ltr'>habuerat</span> <span class='ocrx_word' id='word_1_59' title='bbox 695 449 721 481; x_wconf 85' lang='lat' dir='ltr'>C</span> <span class='ocrx_word' id='word_1_60' title='bbox 741 448 833 489; x_wconf 86' lang='lat'>11,5.</span> <span class='ocrx_word' id='word_1_61' title='bbox 869 459 931 482; x_wconf 87' lang='lat' dir='ltr'>aes</span> <span class='ocrx_word' id='word_1_62' title='bbox 951 450 1109 482; x_wconf 81' lang='lat' dir='ltr'>alienum</span> <span class='ocrx_word' id='word_1_63' title='bbox 1127 451 1362 491; x_wconf 85' lang='lat' dir='ltr'>conflaverat,</span> <span class='ocrx_word' id='word_1_64' title='bbox 1383 462 1452 494; x_wconf 91' lang='lat' dir='ltr'>quo</span> <span class='ocrx_word' id='word_1_65' title='bbox 1469 452 1648 494; x_wconf 84' lang='lat' dir='ltr'>flagitium</span> <span class='ocrx_word' id='word_1_66' title='bbox 1666 455 1729 486; x_wconf 80' lang='lat' dir='ltr'>aut</span> 
     </span>
     <span class='ocr_line' id='line_1_6' title="bbox 209 492 1727 540; baseline 0.002 -13"><span class='ocrx_word' id='word_1_67' title='bbox 209 495 353 527; x_wconf 84' lang='lat' dir='ltr'>facinus</span> <span class='ocrx_word' id='word_1_68' title='bbox 371 494 566 526; x_wconf 78' lang='lat' dir='ltr'>redimeret</span> <span class='ocrx_word' id='word_1_69' title='bbox 583 493 609 525; x_wconf 90' lang='lat' dir='ltr'>C</span> <span class='ocrx_word' id='word_1_70' title='bbox 632 493 688 534; x_wconf 88' lang='grc'>14,·</span> <span class='ocrx_word' id='word_1_71' title='bbox 702 492 733 526; x_wconf 90' lang='grc'>3.</span> <span class='ocrx_word' id='word_1_72' title='bbox 774 504 838 526; x_wconf 88' lang='lat' dir='ltr'>nos</span> <span class='ocrx_word' id='word_1_73' title='bbox 864 505 963 526; x_wconf 87' lang='lat' dir='ltr'>arma</span> <span class='ocrx_word' id='word_1_74' title='bbox 988 506 1103 537; x_wconf 90' lang='lat' dir='ltr'>neque</span> <span class='ocrx_word' id='word_1_75' title='bbox 1131 500 1258 528; x_wconf 89' lang='lat' dir='ltr'>contra</span> <span class='ocrx_word' id='word_1_76' title='bbox 1276 498 1434 538; x_wconf 84' lang='lat' dir='ltr'>patriam</span> <span class='ocrx_word' id='word_1_77' title='bbox 1453 497 1594 539; x_wconf 76' lang='lat' dir='ltr'><strong>cepisse</strong></span> <span class='ocrx_word' id='word_1_78' title='bbox 1611 507 1727 540; x_wconf 84' lang='lat' dir='ltr'>neque</span> 
     </span>
     <span class='ocr_line' id='line_1_7' title="bbox 210 538 1728 584; baseline 0.003 -14"><span class='ocrx_word' id='word_1_79' title='bbox 210 550 278 581; x_wconf 89' lang='lat' dir='ltr'>quo</span> <span class='ocrx_word' id='word_1_80' title='bbox 303 538 502 580; x_wconf 90' lang='lat' dir='ltr'>periculum</span> <span class='ocrx_word' id='word_1_81' title='bbox 529 539 614 571; x_wconf 89' lang='lat' dir='ltr'>aliis</span> <span class='ocrx_word' id='word_1_82' title='bbox 640 539 846 571; x_wconf 82' lang='lat' dir='ltr'>faceremus</span> <span class='ocrx_word' id='word_1_83' title='bbox 873 539 898 571; x_wconf 84' lang='lat' dir='ltr'>C</span> <span class='ocrx_word' id='word_1_84' title='bbox 924 539 985 580; x_wconf 85' lang='lat'>33,</span> <span class='ocrx_word' id='word_1_85' title='bbox 1007 540 1021 571; x_wconf 92' lang='lat'>1</span> <span class='ocrx_word' id='word_1_86' title='bbox 1047 543 1132 573; x_wconf 81' lang='lat' dir='ltr'>conl.</span> <span class='ocrx_word' id='word_1_87' title='bbox 1151 540 1212 579; x_wconf 86' lang='lat'>38,</span> <span class='ocrx_word' id='word_1_88' title='bbox 1231 540 1263 573; x_wconf 90' lang='lat'>3.</span> <span class='ocrx_word' id='word_1_89' title='bbox 1288 539 1349 580; x_wconf 87' lang='grc'>48,</span> <span class='ocrx_word' id='word_1_90' title='bbox 1368 542 1401 573; x_wconf 90' lang='grc'>4.</span> <span class='ocrx_word' id='word_1_91' title='bbox 1426 540 1490 580; x_wconf 91' lang='grc'>58,</span> <span class='ocrx_word' id='word_1_92' title='bbox 1510 540 1531 574; x_wconf 87' lang='grc'>3</span> <span class='ocrx_word' id='word_1_93' title='bbox 1554 541 1643 583; x_wconf 82' lang='lat' dir='ltr'>(vos</span> <span class='ocrx_word' id='word_1_94' title='bbox 1659 551 1728 584; x_wconf 88' lang='lat' dir='ltr'>quo</span> 
     </span>
     <span class='ocr_line' id='line_1_8' title="bbox 207 584 1728 627; baseline 0.002 -11"><span class='ocrx_word' id='word_1_95' title='bbox 207 594 327 627; x_wconf 85' lang='lat' dir='ltr'>pauca</span> <span class='ocrx_word' id='word_1_96' title='bbox 351 594 534 615; x_wconf 89' lang='lat' dir='ltr'>monerem</span> <span class='ocrx_word' id='word_1_97' title='bbox 554 585 754 623; x_wconf 80' lang='lat' dir='ltr'>advocavi,</span> <span class='ocrx_word' id='word_1_98' title='bbox 780 584 885 616; x_wconf 85' lang='lat' dir='ltr'>simul</span> <span class='ocrx_word' id='word_1_99' title='bbox 908 585 963 616; x_wconf 89' lang='lat' dir='ltr'>uti</span> <span class='ocrx_word' id='word_1_100' title='bbox 981 584 1048 627; x_wconf 91' lang='lat'>——-).</span> <span class='ocrx_word' id='word_1_101' title='bbox 1074 586 1097 617; x_wconf 93' lang='lat' dir='ltr'>J</span> <span class='ocrx_word' id='word_1_102' title='bbox 1115 585 1174 624; x_wconf 91' lang='lat'>37,</span> <span class='ocrx_word' id='word_1_103' title='bbox 1195 586 1226 617; x_wconf 88' lang='grc'>4.</span> <span class='ocrx_word' id='word_1_104' title='bbox 1253 586 1314 625; x_wconf 89' lang='grc'>52,</span> <span class='ocrx_word' id='word_1_105' title='bbox 1334 584 1365 618; x_wconf 89' lang='grc'>6.</span> <span class='ocrx_word' id='word_1_106' title='bbox 1392 586 1452 627; x_wconf 91' lang='grc'>55,</span> <span class='ocrx_word' id='word_1_107' title='bbox 1472 586 1504 618; x_wconf 89' lang='lat'>7.</span> <span class='ocrx_word' id='word_1_108' title='bbox 1531 586 1566 618; x_wconf 91' lang='lat' dir='ltr'>H</span> <span class='ocrx_word' id='word_1_109' title='bbox 1581 587 1599 618; x_wconf 96' lang='lat' dir='ltr'>I</span> <span class='ocrx_word' id='word_1_110' title='bbox 1615 585 1676 626; x_wconf 92' lang='lat'>41,</span> <span class='ocrx_word' id='word_1_111' title='bbox 1696 586 1728 619; x_wconf 76' lang='grc'>1.</span> 
     </span>
     <span class='ocr_line' id='line_1_9' title="bbox 208 626 1730 672; baseline 0.002 -11"><span class='ocrx_word' id='word_1_112' title='bbox 208 629 244 661; x_wconf 92' lang='lat' dir='ltr'>id</span> <span class='ocrx_word' id='word_1_113' title='bbox 268 629 320 660; x_wconf 88' lang='lat' dir='ltr'>ita</span> <span class='ocrx_word' id='word_1_114' title='bbox 346 629 499 667; x_wconf 83' lang='lat' dir='ltr'>fecisse,</span> <span class='ocrx_word' id='word_1_115' title='bbox 528 639 596 670; x_wconf 89' lang='lat' dir='ltr'>quo</span> <span class='ocrx_word' id='word_1_116' title='bbox 622 630 718 660; x_wconf 88' lang='lat' dir='ltr'>inter</span> <span class='ocrx_word' id='word_1_117' title='bbox 742 639 781 661; x_wconf 77' lang='lat' dir='ltr'>se</span> <span class='ocrx_word' id='word_1_118' title='bbox 805 626 922 671; x_wconf 75' lang='lat' dir='ltr'>magis</span> <span class='ocrx_word' id='word_1_119' title='bbox 946 629 1008 662; x_wconf 93' lang='lat' dir='ltr'>fidi</span> <span class='ocrx_word' id='word_1_120' title='bbox 1027 631 1147 662; x_wconf 83' lang='lat' dir='ltr'>forent</span> <span class='ocrx_word' id='word_1_121' title='bbox 1165 630 1192 662; x_wconf 88' lang='lat' dir='ltr'>C</span> <span class='ocrx_word' id='word_1_122' title='bbox 1210 631 1270 670; x_wconf 87' lang='lat'>22,</span> <span class='ocrx_word' id='word_1_123' title='bbox 1291 631 1310 662; x_wconf 92' lang='lat'>2</span> <span class='ocrx_word' id='word_1_124' title='bbox 1335 633 1420 663; x_wconf 78' lang='lat' dir='ltr'>conl.</span> <span class='ocrx_word' id='word_1_125' title='bbox 1439 630 1493 670; x_wconf 91' lang='lat'>40,</span> <span class='ocrx_word' id='word_1_126' title='bbox 1509 630 1531 663; x_wconf 87' lang='grc'>6</span> <span class='ocrx_word' id='word_1_127' title='bbox 1547 631 1608 664; x_wconf 73' lang='lat' dir='ltr'>bis.</span> <span class='ocrx_word' id='word_1_128' title='bbox 1633 630 1730 672; x_wconf 48' lang='lat'>43,.2</span> 
     </span>
     <span class='ocr_line' id='line_1_10' title="bbox 211 673 1729 717; baseline 0.002 -12"><span class='ocrx_word' id='word_1_129' title='bbox 211 675 293 716; x_wconf 83' lang='lat' dir='ltr'>(quo</span> <span class='ocrx_word' id='word_1_130' title='bbox 312 674 467 705; x_wconf 77' lang='lat' dir='ltr'>tumultu</span> <span class='ocrx_word' id='word_1_131' title='bbox 485 673 630 706; x_wconf 79' lang='lat' dir='ltr'><strong>facilior</strong></span> <span class='ocrx_word' id='word_1_132' title='bbox 650 674 768 706; x_wconf 83' lang='lat' dir='ltr'>aditus</span> <span class='ocrx_word' id='word_1_133' title='bbox 787 674 907 715; x_wconf 88' lang='lat' dir='ltr'>foret).</span> <span class='ocrx_word' id='word_1_134' title='bbox 923 675 994 712; x_wconf 88' lang='grc'>.48,</span> <span class='ocrx_word' id='word_1_135' title='bbox 1015 675 1047 707; x_wconf 92' lang='lat'>7.</span> <span class='ocrx_word' id='word_1_136' title='bbox 1072 674 1133 715; x_wconf 88' lang='lat'>49,</span> <span class='ocrx_word' id='word_1_137' title='bbox 1153 676 1185 707; x_wconf 92' lang='lat'>4.</span> <span class='ocrx_word' id='word_1_138' title='bbox 1212 674 1265 715; x_wconf 89' lang='lat'>59,</span> <span class='ocrx_word' id='word_1_139' title='bbox 1290 675 1319 707; x_wconf 92' lang='lat' dir='ltr'>l.</span> <span class='ocrx_word' id='word_1_140' title='bbox 1343 676 1367 708; x_wconf 88' lang='lat' dir='ltr'>J</span> <span class='ocrx_word' id='word_1_141' title='bbox 1383 676 1414 716; x_wconf 88' lang='lat'>5,</span> <span class='ocrx_word' id='word_1_142' title='bbox 1434 675 1465 709; x_wconf 87' lang='lat'>3.</span> <span class='ocrx_word' id='word_1_143' title='bbox 1491 675 1547 716; x_wconf 88' lang='lat'>32,</span> <span class='ocrx_word' id='word_1_144' title='bbox 1568 675 1596 708; x_wconf 69' lang='lat'>1.</span> <span class='ocrx_word' id='word_1_145' title='bbox 1623 675 1729 717; x_wconf 86' lang='lat'>88,-6.</span> 
     </span>
     <span class='ocr_line' id='line_1_11' title="bbox 206 717 1729 763; baseline 0.003 -13"><span class='ocrx_word' id='word_1_146' title='bbox 206 717 262 757; x_wconf 71' lang='lat'>94,</span> <span class='ocrx_word' id='word_1_147' title='bbox 288 718 314 750; x_wconf 90' lang='lat'>1.</span> <span class='ocrx_word' id='word_1_148' title='bbox 347 717 420 756; x_wconf 84' lang='lat'>102,</span> <span class='ocrx_word' id='word_1_149' title='bbox 443 718 493 750; x_wconf 89' lang='lat'>10.</span> <span class='ocrx_word' id='word_1_150' title='bbox 523 719 556 750; x_wconf 90' lang='lat' dir='ltr'>H</span> <span class='ocrx_word' id='word_1_151' title='bbox 574 720 622 751; x_wconf 93' lang='lat' dir='ltr'>IV</span> <span class='ocrx_word' id='word_1_152' title='bbox 641 718 694 757; x_wconf 90' lang='grc'>61,</span> <span class='ocrx_word' id='word_1_153' title='bbox 715 719 747 750; x_wconf 91' lang='grc'>4.</span> <span class='ocrx_word' id='word_1_154' title='bbox 773 723 928 760; x_wconf 78' lang='lat' dir='ltr'>conrupl.</span> <span class='ocrx_word' id='word_1_155' title='bbox 947 720 970 751; x_wconf 88' lang='lat' dir='ltr'><strong>J</strong></span> <span class='ocrx_word' id='word_1_156' title='bbox 991 719 1070 758; x_wconf 88' lang='grc'>108,</span> <span class='ocrx_word' id='word_1_157' title='bbox 1089 720 1121 751; x_wconf 90' lang='grc'>2.</span> <span class='ocrx_word' id='word_1_158' title='bbox 1164 721 1295 752; x_wconf 84' lang='lat' dir='ltr'>cedere</span> <span class='ocrx_word' id='word_1_159' title='bbox 1319 731 1390 753; x_wconf 92' lang='lat' dir='ltr'>non</span> <span class='ocrx_word' id='word_1_160' title='bbox 1407 731 1476 763; x_wconf 91' lang='lat' dir='ltr'>quo</span> <span class='ocrx_word' id='word_1_161' title='bbox 1494 722 1566 753; x_wconf 87' lang='lat' dir='ltr'>sibi</span> <span class='ocrx_word' id='word_1_162' title='bbox 1585 738 1622 744; x_wconf 89' lang='lat'><strong>—</strong></span> <span class='ocrx_word' id='word_1_163' title='bbox 1644 731 1729 754; x_wconf 85' lang='lat' dir='ltr'>con·</span> 
     </span>
     <span class='ocr_line' id='line_1_12' title="bbox 210 764 1730 807; baseline 0.001 -11"><span class='ocrx_word' id='word_1_164' title='bbox 210 764 309 796; x_wconf 86' lang='lat' dir='ltr'>scius</span> <span class='ocrx_word' id='word_1_165' title='bbox 329 769 437 803; x_wconf 84' lang='lat' dir='ltr'>esset,</span> <span class='ocrx_word' id='word_1_166' title='bbox 457 769 513 795; x_wconf 89' lang='lat' dir='ltr'>set</span> <span class='ocrx_word' id='word_1_167' title='bbox 530 764 582 795; x_wconf 91' lang='lat' dir='ltr'>uti</span> <span class='ocrx_word' id='word_1_168' title='bbox 600 774 658 795; x_wconf 88' lang='lat' dir='ltr'>res</span> <span class='ocrx_word' id='word_1_169' title='bbox 677 775 710 805; x_wconf 90' lang='lat' dir='ltr'>p.</span> <span class='ocrx_word' id='word_1_170' title='bbox 733 764 857 805; x_wconf 86' lang='lat' dir='ltr'>quieta</span> <span class='ocrx_word' id='word_1_171' title='bbox 870 765 966 796; x_wconf 81' lang='lat' dir='ltr'>foret</span> <span class='ocrx_word' id='word_1_172' title='bbox 984 764 1010 796; x_wconf 89' lang='lat' dir='ltr'>C</span> <span class='ocrx_word' id='word_1_173' title='bbox 1030 764 1085 803; x_wconf 72' lang='lat'>34,</span> <span class='ocrx_word' id='word_1_174' title='bbox 1104 765 1136 796; x_wconf 88' lang='lat'>2.</span> <span class='ocrx_word' id='word_1_175' title='bbox 1155 778 1201 792; x_wconf 69' lang='grc' dir='ltr'>Ξ</span> <span class='ocrx_word' id='word_1_176' title='bbox 1216 774 1278 805; x_wconf 84' lang='lat' dir='ltr'>quo</span> <span class='ocrx_word' id='word_1_177' title='bbox 1294 766 1412 797; x_wconf 74' lang='lat' dir='ltr'>minus.</span> <span class='ocrx_word' id='word_1_178' title='bbox 1443 776 1560 807; x_wconf 90' lang='lat' dir='ltr'>neque</span> <span class='ocrx_word' id='word_1_179' title='bbox 1578 766 1653 798; x_wconf 84' lang='lat' dir='ltr'>illis</span> <span class='ocrx_word' id='word_1_180' title='bbox 1670 776 1730 798; x_wconf 83' lang='lat' dir='ltr'>su-</span> 
     </span>
     <span class='ocr_line' id='line_1_13' title="bbox 206 808 1730 851; baseline 0.001 -10"><span class='ocrx_word' id='word_1_181' title='bbox 206 808 337 851; x_wconf 88' lang='lat' dir='ltr'>&#39;perbia</span> <span class='ocrx_word' id='word_1_182' title='bbox 355 809 538 847; x_wconf 78' lang='lat' dir='ltr'>obstabat,</span> <span class='ocrx_word' id='word_1_183' title='bbox 559 819 628 851; x_wconf 91' lang='lat' dir='ltr'>quo</span> <span class='ocrx_word' id='word_1_184' title='bbox 647 809 762 840; x_wconf 87' lang='lat' dir='ltr'>minus</span> <span class='ocrx_word' id='word_1_185' title='bbox 782 808 904 841; x_wconf 88' lang='lat' dir='ltr'>aliena</span> <span class='ocrx_word' id='word_1_186' title='bbox 921 809 1091 841; x_wconf 83' lang='lat' dir='ltr'>instituta</span> <span class='ocrx_word' id='word_1_187' title='bbox 1108 810 1342 842; x_wconf 76' lang='lat' dir='ltr'>imitarentur</span> <span class='ocrx_word' id='word_1_188' title='bbox 1359 810 1386 842; x_wconf 83' lang='lat' dir='ltr'>C</span> <span class='ocrx_word' id='word_1_189' title='bbox 1404 810 1465 850; x_wconf 91' lang='lat'>51,</span> <span class='ocrx_word' id='word_1_190' title='bbox 1485 810 1540 843; x_wconf 89' lang='lat'>37.</span> <span class='ocrx_word' id='word_1_191' title='bbox 1581 821 1652 843; x_wconf 81' lang='lat' dir='ltr'>nox</span> <span class='ocrx_word' id='word_1_192' title='bbox 1676 814 1730 843; x_wconf 79' lang='lat' dir='ltr'>at·</span> 
     </span>
     <span class='ocr_line' id='line_1_14' title="bbox 211 854 1728 896; baseline 0.003 -12"><span class='ocrx_word' id='word_1_193' title='bbox 211 864 279 896; x_wconf 88' lang='lat' dir='ltr'>que</span> <span class='ocrx_word' id='word_1_194' title='bbox 306 854 442 895; x_wconf 83' lang='lat' dir='ltr'>praeda</span> <span class='ocrx_word' id='word_1_195' title='bbox 466 854 589 891; x_wconf 76' lang='lat' dir='ltr'>hostis,</span> <span class='ocrx_word' id='word_1_196' title='bbox 619 864 687 894; x_wconf 90' lang='lat' dir='ltr'>quo</span> <span class='ocrx_word' id='word_1_197' title='bbox 712 854 829 885; x_wconf 70' lang='lat' dir='ltr'>minus</span> <span class='ocrx_word' id='word_1_198' title='bbox 852 854 1007 886; x_wconf 87' lang='lat' dir='ltr'>victoria</span> <span class='ocrx_word' id='word_1_199' title='bbox 1030 859 1236 894; x_wconf 90' lang='lat' dir='ltr'>uterentur,</span> <span class='ocrx_word' id='word_1_200' title='bbox 1270 859 1452 887; x_wconf 82' lang='lat' dir='ltr'>remorata</span> <span class='ocrx_word' id='word_1_201' title='bbox 1476 855 1597 888; x_wconf 81' lang='lat' dir='ltr'>suntJ</span> <span class='ocrx_word' id='word_1_202' title='bbox 1613 854 1676 896; x_wconf 88' lang='lat'>38,</span> <span class='ocrx_word' id='word_1_203' title='bbox 1695 855 1728 888; x_wconf 91' lang='lat'>8.</span> 
     </span>
     <span class='ocr_line' id='line_1_15' title="bbox 211 898 1729 943; baseline 0.001 -12"><span class='ocrx_word' id='word_1_204' title='bbox 211 899 288 940; x_wconf 83' lang='lat' dir='ltr'>Ego</span> <span class='ocrx_word' id='word_1_205' title='bbox 308 898 400 930; x_wconf 88' lang='lat' dir='ltr'>hanc</span> <span class='ocrx_word' id='word_1_206' title='bbox 420 909 604 937; x_wconf 77' lang='lat' dir='ltr'>caussam,</span> <span class='ocrx_word' id='word_1_207' title='bbox 633 909 702 940; x_wconf 87' lang='lat' dir='ltr'>quo</span> <span class='ocrx_word' id='word_1_208' title='bbox 721 899 837 930; x_wconf 90' lang='lat' dir='ltr'>minus</span> <span class='ocrx_word' id='word_1_209' title='bbox 855 909 985 931; x_wconf 90' lang='lat' dir='ltr'>novom</span> <span class='ocrx_word' id='word_1_210' title='bbox 1004 899 1195 931; x_wconf 78' lang='lat' dir='ltr'>consilium</span> <span class='ocrx_word' id='word_1_211' title='bbox 1213 900 1421 941; x_wconf 88' lang='lat' dir='ltr'>capiamus,</span> <span class='ocrx_word' id='word_1_212' title='bbox 1445 900 1483 932; x_wconf 96' lang='grc'>111</span> <span class='ocrx_word' id='word_1_213' title='bbox 1505 901 1630 943; x_wconf 82' lang='lat' dir='ltr'>primis</span> <span class='ocrx_word' id='word_1_214' title='bbox 1655 911 1729 933; x_wconf 72' lang='lat' dir='ltr'>ma-</span> 
     </span>
     <span class='ocr_line' id='line_1_16' title="bbox 211 943 616 986; baseline 0 -12"><span class='ocrx_word' id='word_1_215' title='bbox 211 954 319 986; x_wconf 84' lang='lat' dir='ltr'>gnam</span> <span class='ocrx_word' id='word_1_216' title='bbox 338 948 422 985; x_wconf 85' lang='lat' dir='ltr'>puto</span> <span class='ocrx_word' id='word_1_217' title='bbox 443 943 468 974; x_wconf 85' lang='lat' dir='ltr'>C</span> <span class='ocrx_word' id='word_1_218' title='bbox 488 943 542 983; x_wconf 84' lang='lat'>51,</span> <span class='ocrx_word' id='word_1_219' title='bbox 562 944 616 975; x_wconf 88' lang='lat'>41.</span> 
     </span>
    </p>

    <p class='ocr_par' dir='ltr' id='par_1_3' title="bbox 212 988 1730 1120">
     <span class='ocr_line' id='line_1_17' title="bbox 256 988 1729 1032; baseline 0.002 -13"><span class='ocrx_word' id='word_1_220' title='bbox 256 989 371 1028; x_wconf 76' lang='lat' dir='ltr'>quoad.</span> <span class='ocrx_word' id='word_1_221' title='bbox 410 988 501 1020; x_wconf 92' lang='lat' dir='ltr'>nihil</span> <span class='ocrx_word' id='word_1_222' title='bbox 525 989 629 1031; x_wconf 83' lang='lat' dir='ltr'>pensi</span> <span class='ocrx_word' id='word_1_223' title='bbox 652 1006 690 1010; x_wconf 91' lang='lat'>—</span> <span class='ocrx_word' id='word_1_224' title='bbox 715 988 871 1028; x_wconf 88' lang='lat' dir='ltr'>habere,</span> <span class='ocrx_word' id='word_1_225' title='bbox 900 989 1015 1030; x_wconf 88' lang='lat' dir='ltr'>quoad</span> <span class='ocrx_word' id='word_1_226' title='bbox 1043 992 1158 1021; x_wconf 86' lang='lat' dir='ltr'>semet</span> <span class='ocrx_word' id='word_1_227' title='bbox 1182 989 1263 1032; x_wconf 79' lang='lat' dir='ltr'>ipsa</span> <span class='ocrx_word' id='word_1_228' title='bbox 1287 990 1547 1032; x_wconf 84' lang='lat' dir='ltr'>praecipitavit</span> <span class='ocrx_word' id='word_1_229' title='bbox 1570 990 1593 1022; x_wconf 89' lang='lat' dir='ltr'>J</span> <span class='ocrx_word' id='word_1_230' title='bbox 1616 989 1729 1031; x_wconf 84' lang='lat'>41,·9.</span> 
     </span>
     <span class='ocr_line' id='line_1_18' title="bbox 212 1033 1730 1078; baseline 0.003 -14"><span class='ocrx_word' id='word_1_231' title='bbox 212 1034 330 1075; x_wconf 83' lang='lat' dir='ltr'>quoad</span> <span class='ocrx_word' id='word_1_232' title='bbox 354 1033 473 1071; x_wconf 85' lang='lat' dir='ltr'>vives,</span> <span class='ocrx_word' id='word_1_233' title='bbox 499 1043 691 1075; x_wconf 85' lang='lat' dir='ltr'>numquam</span> <span class='ocrx_word' id='word_1_234' title='bbox 716 1033 793 1067; x_wconf 78' lang='lat' dir='ltr'>tibi.</span> <span class='ocrx_word' id='word_1_235' title='bbox 809 1034 963 1076; x_wconf 82' lang='lat' dir='ltr'>gratiam</span> <span class='ocrx_word' id='word_1_236' title='bbox 989 1034 1168 1066; x_wconf 82' lang='lat' dir='ltr'>redditam</span> <span class='ocrx_word' id='word_1_237' title='bbox 1192 1035 1379 1077; x_wconf 84' lang='lat' dir='ltr'>putaveris</span> <span class='ocrx_word' id='word_1_238' title='bbox 1404 1035 1426 1067; x_wconf 98' lang='lat' dir='ltr'>J</span> <span class='ocrx_word' id='word_1_239' title='bbox 1448 1033 1528 1076; x_wconf 87' lang='grc'>110,</span> <span class='ocrx_word' id='word_1_240' title='bbox 1547 1035 1579 1067; x_wconf 92' lang='grc'>4.</span> <span class='ocrx_word' id='word_1_241' title='bbox 1613 1035 1730 1078; x_wconf 78' lang='lat' dir='ltr'>gerite</span> 
     </span>
     <span class='ocr_line' id='line_1_19' title="bbox 213 1077 795 1120; baseline 0 -11"><span class='ocrx_word' id='word_1_242' title='bbox 213 1079 331 1120; x_wconf 88' lang='lat' dir='ltr'>quoad</span> <span class='ocrx_word' id='word_1_243' title='bbox 348 1078 455 1110; x_wconf 89' lang='lat' dir='ltr'>voltis</span> <span class='ocrx_word' id='word_1_244' title='bbox 475 1078 607 1110; x_wconf 89' lang='lat' dir='ltr'>bellum</span> <span class='ocrx_word' id='word_1_245' title='bbox 627 1079 648 1110; x_wconf 93' lang='lat' dir='ltr'>J</span> <span class='ocrx_word' id='word_1_246' title='bbox 674 1077 745 1116; x_wconf 90' lang='grc'>110,</span> <span class='ocrx_word' id='word_1_247' title='bbox 764 1078 795 1109; x_wconf 88' lang='grc'>7.</span> 
     </span>
    </p>

    <p class='ocr_par' dir='ltr' id='par_1_4' title="bbox 212 1123 1731 1246">
     <span class='ocr_line' id='line_1_20' title="bbox 256 1123 1731 1167; baseline 0.002 -13"><span class='ocrx_word' id='word_1_248' title='bbox 256 1132 456 1163; x_wconf 84' lang='lat' dir='ltr'>quocumque</span> <span class='ocrx_word' id='word_1_249' title='bbox 482 1124 533 1155; x_wconf 87' lang='lat' dir='ltr'>ire</span> <span class='ocrx_word' id='word_1_250' title='bbox 552 1123 693 1165; x_wconf 87' lang='lat' dir='ltr'>placet,</span> <span class='ocrx_word' id='word_1_251' title='bbox 721 1124 816 1155; x_wconf 83' lang='lat' dir='ltr'>ferro</span> <span class='ocrx_word' id='word_1_252' title='bbox 835 1123 905 1155; x_wconf 84' lang='lat' dir='ltr'>iter</span> <span class='ocrx_word' id='word_1_253' title='bbox 923 1124 1160 1165; x_wconf 87' lang='lat' dir='ltr'>aperiundum</span> <span class='ocrx_word' id='word_1_254' title='bbox 1180 1127 1236 1156; x_wconf 85' lang='lat' dir='ltr'>est</span> <span class='ocrx_word' id='word_1_255' title='bbox 1254 1124 1281 1156; x_wconf 81' lang='lat' dir='ltr'>C</span> <span class='ocrx_word' id='word_1_256' title='bbox 1299 1123 1354 1163; x_wconf 85' lang='lat'>58,</span> <span class='ocrx_word' id='word_1_257' title='bbox 1373 1125 1405 1156; x_wconf 88' lang='lat'>7.</span> <span class='ocrx_word' id='word_1_258' title='bbox 1445 1127 1485 1156; x_wconf 92' lang='lat' dir='ltr'>ut</span> <span class='ocrx_word' id='word_1_259' title='bbox 1502 1142 1545 1148; x_wconf 88' lang='lat'><strong>—</strong></span> <span class='ocrx_word' id='word_1_260' title='bbox 1562 1134 1731 1167; x_wconf 89' lang='lat' dir='ltr'>quocum—</span> 
     </span>
     <span class='ocr_line' id='line_1_21' title="bbox 212 1167 1731 1212; baseline 0.002 -13"><span class='ocrx_word' id='word_1_261' title='bbox 212 1178 280 1210; x_wconf 91' lang='lat' dir='ltr'>que</span> <span class='ocrx_word' id='word_1_262' title='bbox 302 1169 522 1200; x_wconf 82' lang='lat' dir='ltr'>adcederent</span> <span class='ocrx_word' id='word_1_263' title='bbox 540 1169 735 1210; x_wconf 80' lang='lat' dir='ltr'>equitatus,</span> <span class='ocrx_word' id='word_1_264' title='bbox 755 1168 1011 1211; x_wconf 84' lang='lat' dir='ltr'>propulsarent</span> <span class='ocrx_word' id='word_1_265' title='bbox 1026 1170 1047 1201; x_wconf 94' lang='lat' dir='ltr'>J</span> <span class='ocrx_word' id='word_1_266' title='bbox 1067 1167 1120 1208; x_wconf 89' lang='grc'>46,</span> <span class='ocrx_word' id='word_1_267' title='bbox 1140 1169 1172 1201; x_wconf 91' lang='lat'>7.</span> <span class='ocrx_word' id='word_1_268' title='bbox 1216 1180 1403 1212; x_wconf 90' lang='lat' dir='ltr'>quocumq.</span> <span class='ocrx_word' id='word_1_269' title='bbox 1422 1170 1650 1211; x_wconf 78' lang='lat' dir='ltr'>intenderat,</span> <span class='ocrx_word' id='word_1_270' title='bbox 1672 1180 1731 1203; x_wconf 83' lang='lat' dir='ltr'>res</span> 
     </span>
     <span class='ocr_line' id='line_1_22' title="bbox 213 1212 674 1246; baseline -0.002 -1"><span class='ocrx_word' id='word_1_271' title='bbox 213 1214 390 1245; x_wconf 78' lang='lat' dir='ltr'>advorsae</span> <span class='ocrx_word' id='word_1_272' title='bbox 410 1218 513 1244; x_wconf 86' lang='lat' dir='ltr'>erant</span> <span class='ocrx_word' id='word_1_273' title='bbox 529 1214 551 1246; x_wconf 89' lang='lat' dir='ltr'>J</span> <span class='ocrx_word' id='word_1_274' title='bbox 570 1214 624 1246; x_wconf 82' lang='lat'>74.</span> <span class='ocrx_word' id='word_1_275' title='bbox 647 1212 674 1245; x_wconf 93' lang='lat'>1.</span> 
     </span>
    </p>

    <p class='ocr_par' dir='ltr' id='par_1_5' title="bbox 211 1256 1746 2373">
     <span class='ocr_line' id='line_1_23' title="bbox 258 1256 1731 1300; baseline 0.001 -11"><span class='ocrx_word' id='word_1_276' title='bbox 258 1259 351 1298; x_wconf 84' lang='lat' dir='ltr'>quod.</span> <span class='ocrx_word' id='word_1_277' title='bbox 390 1258 459 1289; x_wconf 90' lang='lat' dir='ltr'>huc</span> <span class='ocrx_word' id='word_1_278' title='bbox 485 1258 708 1294; x_wconf 80' lang='lat' dir='ltr'>adcedebat,</span> <span class='ocrx_word' id='word_1_279' title='bbox 736 1258 829 1300; x_wconf 88' lang='lat' dir='ltr'>quod</span> <span class='ocrx_word' id='word_1_280' title='bbox 847 1259 888 1290; x_wconf 91' lang='lat' dir='ltr'>L.</span> <span class='ocrx_word' id='word_1_281' title='bbox 910 1258 1009 1290; x_wconf 84' lang='lat' dir='ltr'>Sulla</span> <span class='ocrx_word' id='word_1_282' title='bbox 1029 1259 1228 1291; x_wconf 87' lang='lat' dir='ltr'>exercitum</span> <span class='ocrx_word' id='word_1_283' title='bbox 1246 1277 1284 1281; x_wconf 88' lang='lat'>-</span> <span class='ocrx_word' id='word_1_284' title='bbox 1304 1259 1488 1292; x_wconf 80' lang='lat' dir='ltr'>luxuriose</span> <span class='ocrx_word' id='word_1_285' title='bbox 1508 1259 1690 1292; x_wconf 78' lang='lat' dir='ltr'>habuerat</span> <span class='ocrx_word' id='word_1_286' title='bbox 1704 1256 1731 1291; x_wconf 79' lang='lat' dir='ltr'>G</span> 
     </span>
     <span class='ocr_line' id='line_1_24' title="bbox 217 1303 1734 1346; baseline 0.003 -13"><span class='ocrx_word' id='word_1_287' title='bbox 217 1303 265 1333; x_wconf 93' lang='lat'>11.</span> <span class='ocrx_word' id='word_1_288' title='bbox 277 1304 308 1334; x_wconf 88' lang='lat'>5.</span> <span class='ocrx_word' id='word_1_289' title='bbox 344 1303 561 1335; x_wconf 87' lang='lat' dir='ltr'>documenta</span> <span class='ocrx_word' id='word_1_290' title='bbox 579 1303 673 1335; x_wconf 85' lang='lat' dir='ltr'>haec</span> <span class='ocrx_word' id='word_1_291' title='bbox 690 1304 821 1342; x_wconf 83' lang='lat' dir='ltr'>habeo,</span> <span class='ocrx_word' id='word_1_292' title='bbox 841 1304 933 1345; x_wconf 90' lang='lat' dir='ltr'>quod</span> <span class='ocrx_word' id='word_1_293' title='bbox 947 1322 980 1326; x_wconf 89' lang='lat'><em>-</em></span> <span class='ocrx_word' id='word_1_294' title='bbox 997 1304 1221 1336; x_wconf 90' lang='lat' dir='ltr'>vindicatum</span> <span class='ocrx_word' id='word_1_295' title='bbox 1236 1308 1303 1344; x_wconf 71' lang='lat' dir='ltr'>est,</span> <span class='ocrx_word' id='word_1_296' title='bbox 1322 1305 1360 1336; x_wconf 92' lang='lat' dir='ltr'>in</span> <span class='ocrx_word' id='word_1_297' title='bbox 1373 1315 1464 1346; x_wconf 88' lang='lat' dir='ltr'>pace</span> <span class='ocrx_word' id='word_1_298' title='bbox 1478 1315 1564 1337; x_wconf 90' lang='lat' dir='ltr'>vero</span> <span class='ocrx_word' id='word_1_299' title='bbox 1583 1304 1734 1346; x_wconf 82' lang='lat' dir='ltr'>quod-</span> 
     </span>
     <span class='ocr_line' id='line_1_25' title="bbox 214 1346 1729 1392; baseline 0.003 -14"><span class='ocrx_word' id='word_1_300' title='bbox 214 1347 239 1379; x_wconf 89' lang='lat' dir='ltr'>C</span> <span class='ocrx_word' id='word_1_301' title='bbox 255 1346 286 1385; x_wconf 86' lang='lat'>9,</span> <span class='ocrx_word' id='word_1_302' title='bbox 302 1348 333 1378; x_wconf 90' lang='grc'>4.</span> <span class='ocrx_word' id='word_1_303' title='bbox 369 1358 485 1389; x_wconf 86' lang='lat' dir='ltr'>neque</span> <span class='ocrx_word' id='word_1_304' title='bbox 504 1348 556 1379; x_wconf 82' lang='lat' dir='ltr'>eis</span> <span class='ocrx_word' id='word_1_305' title='bbox 575 1358 681 1379; x_wconf 84' lang='lat' dir='ltr'>secus</span> <span class='ocrx_word' id='word_1_306' title='bbox 701 1349 807 1386; x_wconf 90' lang='lat' dir='ltr'>tecti,</span> <span class='ocrx_word' id='word_1_307' title='bbox 828 1349 920 1390; x_wconf 90' lang='lat' dir='ltr'>quod</span> <span class='ocrx_word' id='word_1_308' title='bbox 940 1359 984 1380; x_wconf 90' lang='lat' dir='ltr'>ea</span> <span class='ocrx_word' id='word_1_309' title='bbox 1002 1348 1097 1381; x_wconf 87' lang='lat' dir='ltr'>levia</span> <span class='ocrx_word' id='word_1_310' title='bbox 1116 1354 1199 1381; x_wconf 86' lang='lat' dir='ltr'>sunt</span> <span class='ocrx_word' id='word_1_311' title='bbox 1214 1359 1307 1390; x_wconf 79' lang='lat' dir='ltr'>susp.</span> <span class='ocrx_word' id='word_1_312' title='bbox 1327 1349 1350 1381; x_wconf 87' lang='lat' dir='ltr'>J</span> <span class='ocrx_word' id='word_1_313' title='bbox 1371 1349 1446 1389; x_wconf 89' lang='grc'>105,</span> <span class='ocrx_word' id='word_1_314' title='bbox 1465 1350 1496 1381; x_wconf 89' lang='grc'>2.</span> <span class='ocrx_word' id='word_1_315' title='bbox 1527 1360 1583 1382; x_wconf 63' lang='grc' dir='ltr'>Δ00</span> <span class='ocrx_word' id='word_1_316' title='bbox 1600 1349 1729 1392; x_wconf 77' lang='lat' dir='ltr'>magis,</span> 
     </span>
     <span class='ocr_line' id='line_1_26' title="bbox 214 1392 1734 1437; baseline 0.002 -14"><span class='ocrx_word' id='word_1_317' title='bbox 214 1393 305 1433; x_wconf 92' lang='lat' dir='ltr'>quod</span> <span class='ocrx_word' id='word_1_318' title='bbox 324 1411 365 1415; x_wconf 89' lang='lat'><strong>—</strong></span> <span class='ocrx_word' id='word_1_319' title='bbox 385 1396 464 1424; x_wconf 85' lang='lat' dir='ltr'>erat</span> <span class='ocrx_word' id='word_1_320' title='bbox 482 1392 508 1424; x_wconf 80' lang='lat' dir='ltr'>O</span> <span class='ocrx_word' id='word_1_321' title='bbox 528 1393 559 1431; x_wconf 86' lang='lat'>4,</span> <span class='ocrx_word' id='word_1_322' title='bbox 579 1393 610 1424; x_wconf 92' lang='lat'>2.</span> <span class='ocrx_word' id='word_1_323' title='bbox 636 1393 659 1424; x_wconf 91' lang='lat' dir='ltr'>J</span> <span class='ocrx_word' id='word_1_324' title='bbox 677 1394 730 1431; x_wconf 85' lang='lat'>22,</span> <span class='ocrx_word' id='word_1_325' title='bbox 755 1395 782 1424; x_wconf 89' lang='lat'>1.</span> <span class='ocrx_word' id='word_1_326' title='bbox 825 1404 866 1425; x_wconf 83' lang='lat' dir='ltr'>eo</span> <span class='ocrx_word' id='word_1_327' title='bbox 886 1394 1041 1425; x_wconf 84' lang='lat' dir='ltr'>firmiora</span> <span class='ocrx_word' id='word_1_328' title='bbox 1059 1394 1293 1432; x_wconf 87' lang='lat' dir='ltr'>videbantur,</span> <span class='ocrx_word' id='word_1_329' title='bbox 1315 1395 1410 1436; x_wconf 87' lang='lat' dir='ltr'>quod</span> <span class='ocrx_word' id='word_1_330' title='bbox 1428 1413 1469 1417; x_wconf 96' lang='lat'><strong>—</strong></span> <span class='ocrx_word' id='word_1_331' title='bbox 1489 1397 1734 1437; x_wconf 81' lang='lat' dir='ltr'>conruperant</span> 
     </span>
     <span class='ocr_line' id='line_1_27' title="bbox 211 1437 1731 1480; baseline 0.001 -11"><span class='ocrx_word' id='word_1_332' title='bbox 211 1437 234 1469; x_wconf 93' lang='lat' dir='ltr'>J</span> <span class='ocrx_word' id='word_1_333' title='bbox 252 1437 311 1473; x_wconf 82' lang='grc'>6-1,</span> <span class='ocrx_word' id='word_1_334' title='bbox 331 1438 352 1468; x_wconf 88' lang='grc'>4</span> <span class='ocrx_word' id='word_1_335' title='bbox 377 1440 460 1468; x_wconf 66' lang='lat' dir='ltr'>conl.</span> <span class='ocrx_word' id='word_1_336' title='bbox 481 1437 503 1469; x_wconf 91' lang='lat' dir='ltr'>J</span> <span class='ocrx_word' id='word_1_337' title='bbox 521 1438 581 1472; x_wconf 88' lang='grc'>78,</span> <span class='ocrx_word' id='word_1_338' title='bbox 600 1438 631 1468; x_wconf 88' lang='lat'>4.</span> <span class='ocrx_word' id='word_1_339' title='bbox 676 1438 711 1468; x_wconf 88' lang='lat' dir='ltr'>id</span> <span class='ocrx_word' id='word_1_340' title='bbox 737 1448 781 1469; x_wconf 90' lang='lat' dir='ltr'>ea</span> <span class='ocrx_word' id='word_1_341' title='bbox 807 1439 927 1479; x_wconf 80' lang='lat' dir='ltr'>gratia</span> <span class='ocrx_word' id='word_1_342' title='bbox 952 1438 1100 1470; x_wconf 83' lang='lat' dir='ltr'>facilius</span> <span class='ocrx_word' id='word_1_343' title='bbox 1118 1439 1203 1477; x_wconf 81' lang='lat' dir='ltr'>fuit,</span> <span class='ocrx_word' id='word_1_344' title='bbox 1233 1439 1326 1480; x_wconf 87' lang='lat' dir='ltr'>quod</span> <span class='ocrx_word' id='word_1_345' title='bbox 1346 1457 1384 1462; x_wconf 85' lang='lat'>—</span> <span class='ocrx_word' id='word_1_346' title='bbox 1404 1440 1554 1471; x_wconf 80' lang='lat' dir='ltr'>miserat</span> <span class='ocrx_word' id='word_1_347' title='bbox 1576 1439 1600 1471; x_wconf 89' lang='lat' dir='ltr'>J</span> <span class='ocrx_word' id='word_1_348' title='bbox 1617 1438 1678 1479; x_wconf 86' lang='grc'>80,</span> <span class='ocrx_word' id='word_1_349' title='bbox 1697 1439 1731 1471; x_wconf 84' lang='grc'>4.</span> 
     </span>
     <span class='ocr_line' id='line_1_28' title="bbox 214 1482 1731 1525; baseline 0.003 -13"><span class='ocrx_word' id='word_1_350' title='bbox 214 1482 327 1513; x_wconf 87' lang='lat' dir='ltr'>multa</span> <span class='ocrx_word' id='word_1_351' title='bbox 345 1493 399 1513; x_wconf 89' lang='lat' dir='ltr'>me</span> <span class='ocrx_word' id='word_1_352' title='bbox 420 1482 668 1520; x_wconf 80' lang='lat' dir='ltr'>dehortantur,</span> <span class='ocrx_word' id='word_1_353' title='bbox 690 1493 777 1524; x_wconf 86' lang='lat' dir='ltr'>opes</span> <span class='ocrx_word' id='word_1_354' title='bbox 797 1483 980 1519; x_wconf 73' lang='lat' dir='ltr'>factionis,</span> <span class='ocrx_word' id='word_1_355' title='bbox 1000 1484 1180 1525; x_wconf 80' lang='lat' dir='ltr'>patientia</span> <span class='ocrx_word' id='word_1_356' title='bbox 1197 1487 1333 1522; x_wconf 78' lang='lat' dir='ltr'>vostra,</span> <span class='ocrx_word' id='word_1_357' title='bbox 1352 1485 1408 1515; x_wconf 86' lang='lat' dir='ltr'>ius</span> <span class='ocrx_word' id='word_1_358' title='bbox 1427 1484 1575 1523; x_wconf 90' lang='lat' dir='ltr'>nullum,</span> <span class='ocrx_word' id='word_1_359' title='bbox 1596 1494 1640 1516; x_wconf 84' lang='lat' dir='ltr'>ac</span> <span class='ocrx_word' id='word_1_360' title='bbox 1657 1494 1731 1516; x_wconf 86' lang='lat' dir='ltr'>ma-</span> 
     </span>
     <span class='ocr_line' id='line_1_29' title="bbox 213 1527 1733 1570; baseline 0.002 -12"><span class='ocrx_word' id='word_1_361' title='bbox 213 1537 317 1558; x_wconf 83' lang='lat' dir='ltr'>xume</span> <span class='ocrx_word' id='word_1_362' title='bbox 345 1527 438 1568; x_wconf 90' lang='lat' dir='ltr'>quod</span> <span class='ocrx_word' id='word_1_363' title='bbox 464 1528 696 1559; x_wconf 85' lang='lat' dir='ltr'>innocentiae</span> <span class='ocrx_word' id='word_1_364' title='bbox 721 1527 801 1569; x_wconf 88' lang='lat' dir='ltr'>plus</span> <span class='ocrx_word' id='word_1_365' title='bbox 826 1528 980 1569; x_wconf 84' lang='lat' dir='ltr'>periculi</span> <span class='ocrx_word' id='word_1_366' title='bbox 1005 1538 1110 1570; x_wconf 85' lang='lat' dir='ltr'>quam</span> <span class='ocrx_word' id='word_1_367' title='bbox 1135 1528 1283 1560; x_wconf 84' lang='lat' dir='ltr'>honoris</span> <span class='ocrx_word' id='word_1_368' title='bbox 1311 1533 1366 1561; x_wconf 88' lang='lat' dir='ltr'>est</span> <span class='ocrx_word' id='word_1_369' title='bbox 1386 1529 1408 1560; x_wconf 92' lang='lat' dir='ltr'>J</span> <span class='ocrx_word' id='word_1_370' title='bbox 1433 1528 1494 1568; x_wconf 91' lang='lat'>31,</span> <span class='ocrx_word' id='word_1_371' title='bbox 1517 1529 1544 1560; x_wconf 95' lang='lat'>1.</span> <span class='ocrx_word' id='word_1_372' title='bbox 1587 1529 1618 1561; x_wconf 90' lang='lat' dir='ltr'>si</span> <span class='ocrx_word' id='word_1_373' title='bbox 1640 1528 1733 1562; x_wconf 80' lang='lat' dir='ltr'>nihil</span> 
     </span>
     <span class='ocr_line' id='line_1_30' title="bbox 214 1572 1746 1616; baseline 0.002 -13"><span class='ocrx_word' id='word_1_374' title='bbox 214 1581 367 1603; x_wconf 79' lang='lat' dir='ltr'>caussae</span> <span class='ocrx_word' id='word_1_375' title='bbox 392 1572 563 1603; x_wconf 73' lang='lat' dir='ltr'>haberem</span> <span class='ocrx_word' id='word_1_376' title='bbox 587 1576 733 1614; x_wconf 82' lang='lat' dir='ltr'>praeter</span> <span class='ocrx_word' id='word_1_377' title='bbox 755 1573 998 1604; x_wconf 83' lang='lat' dir='ltr'>miserandam</span> <span class='ocrx_word' id='word_1_378' title='bbox 1025 1573 1223 1613; x_wconf 87' lang='lat' dir='ltr'>fortunam,</span> <span class='ocrx_word' id='word_1_379' title='bbox 1245 1574 1357 1615; x_wconf 90' lang='lat' dir='ltr'>quod,</span> <span class='ocrx_word' id='word_1_380' title='bbox 1378 1574 1487 1616; x_wconf 90' lang='lat' dir='ltr'>paulo</span> <span class='ocrx_word' id='word_1_381' title='bbox 1506 1577 1590 1606; x_wconf 87' lang='lat' dir='ltr'>ante</span> <span class='ocrx_word' id='word_1_382' title='bbox 1608 1584 1672 1606; x_wconf 76' lang='lat' dir='ltr'>rex</span> <span class='ocrx_word' id='word_1_383' title='bbox 1689 1590 1746 1601; x_wconf 89' lang='lat'>-—-·</span> 
     </span>
     <span class='ocr_line' id='line_1_31' title="bbox 213 1616 1734 1661; baseline 0.002 -14"><span class='ocrx_word' id='word_1_384' title='bbox 213 1626 307 1647; x_wconf 89' lang='lat' dir='ltr'>nunc</span> <span class='ocrx_word' id='word_1_385' title='bbox 328 1616 469 1648; x_wconf 85' lang='lat' dir='ltr'>alienas</span> <span class='ocrx_word' id='word_1_386' title='bbox 488 1627 575 1658; x_wconf 88' lang='lat' dir='ltr'>opes</span> <span class='ocrx_word' id='word_1_387' title='bbox 593 1621 744 1659; x_wconf 83' lang='lat' dir='ltr'>expecto</span> <span class='ocrx_word' id='word_1_388' title='bbox 762 1618 785 1648; x_wconf 96' lang='lat' dir='ltr'>J</span> <span class='ocrx_word' id='word_1_389' title='bbox 807 1617 861 1655; x_wconf 78' lang='grc'>14,</span> <span class='ocrx_word' id='word_1_390' title='bbox 882 1617 914 1648; x_wconf 90' lang='lat'>7.</span> <span class='ocrx_word' id='word_1_391' title='bbox 956 1628 1091 1658; x_wconf 67' lang='lat' dir='ltr'>magna</span> <span class='ocrx_word' id='word_1_392' title='bbox 1115 1619 1219 1650; x_wconf 84' lang='lat' dir='ltr'>nobis</span> <span class='ocrx_word' id='word_1_393' title='bbox 1238 1618 1382 1650; x_wconf 88' lang='lat' dir='ltr'>laetitia</span> <span class='ocrx_word' id='word_1_394' title='bbox 1402 1622 1475 1658; x_wconf 79' lang='lat' dir='ltr'>est,</span> <span class='ocrx_word' id='word_1_395' title='bbox 1501 1618 1593 1661; x_wconf 86' lang='lat' dir='ltr'>quod</span> <span class='ocrx_word' id='word_1_396' title='bbox 1619 1623 1655 1651; x_wconf 85' lang='lat' dir='ltr'>te</span> <span class='ocrx_word' id='word_1_397' title='bbox 1672 1618 1734 1653; x_wconf 86' lang='lat' dir='ltr'>dei</span> 
     </span>
     <span class='ocr_line' id='line_1_32' title="bbox 213 1660 1732 1703; baseline 0.002 -11"><span class='ocrx_word' id='word_1_398' title='bbox 213 1672 381 1692; x_wconf 74' lang='lat' dir='ltr'>monuere</span> <span class='ocrx_word' id='word_1_399' title='bbox 399 1661 422 1692; x_wconf 88' lang='lat' dir='ltr'>J</span> <span class='ocrx_word' id='word_1_400' title='bbox 444 1660 504 1692; x_wconf 89' lang='grc'>102</span> <span class='ocrx_word' id='word_1_401' title='bbox 517 1687 524 1700; x_wconf 95' lang='grc'>,</span> <span class='ocrx_word' id='word_1_402' title='bbox 543 1661 574 1693; x_wconf 88' lang='grc'>5.</span> <span class='ocrx_word' id='word_1_403' title='bbox 617 1662 709 1703; x_wconf 88' lang='lat' dir='ltr'>quod</span> <span class='ocrx_word' id='word_1_404' title='bbox 729 1672 773 1693; x_wconf 88' lang='lat' dir='ltr'>ea</span> <span class='ocrx_word' id='word_1_405' title='bbox 791 1662 928 1694; x_wconf 91' lang='lat' dir='ltr'>nubere</span> <span class='ocrx_word' id='word_1_406' title='bbox 947 1662 1001 1693; x_wconf 89' lang='lat' dir='ltr'>illi</span> <span class='ocrx_word' id='word_1_407' title='bbox 1021 1662 1226 1701; x_wconf 82' lang='lat' dir='ltr'>dubitabat,</span> <span class='ocrx_word' id='word_1_408' title='bbox 1248 1663 1407 1695; x_wconf 89' lang='lat' dir='ltr'>creditur</span> <span class='ocrx_word' id='word_1_409' title='bbox 1423 1673 1578 1695; x_wconf 86' lang='lat' dir='ltr'>vacuam</span> <span class='ocrx_word' id='word_1_410' title='bbox 1597 1663 1732 1696; x_wconf 82' lang='lat' dir='ltr'>fecisse</span> 
     </span>
     <span class='ocr_line' id='line_1_33' title="bbox 213 1705 1731 1748; baseline 0.003 -12"><span class='ocrx_word' id='word_1_411' title='bbox 213 1706 353 1737; x_wconf 85' lang='lat' dir='ltr'>domum</span> <span class='ocrx_word' id='word_1_412' title='bbox 380 1706 406 1737; x_wconf 85' lang='lat' dir='ltr'>C</span> <span class='ocrx_word' id='word_1_413' title='bbox 438 1706 491 1745; x_wconf 89' lang='grc'>15,</span> <span class='ocrx_word' id='word_1_414' title='bbox 511 1707 542 1737; x_wconf 90' lang='grc'>2,</span> <span class='ocrx_word' id='word_1_415' title='bbox 584 1705 641 1745; x_wconf 90' lang='grc'>16,</span> <span class='ocrx_word' id='word_1_416' title='bbox 662 1707 693 1738; x_wconf 89' lang='lat'>4.</span> <span class='ocrx_word' id='word_1_417' title='bbox 731 1705 841 1745; x_wconf 86' lang='lat'>19,1.</span> <span class='ocrx_word' id='word_1_418' title='bbox 867 1706 927 1745; x_wconf 95' lang='lat'>28,</span> <span class='ocrx_word' id='word_1_419' title='bbox 948 1707 980 1739; x_wconf 83' lang='lat'>4.</span> <span class='ocrx_word' id='word_1_420' title='bbox 1007 1706 1069 1744; x_wconf 79' lang='lat'>29,</span> <span class='ocrx_word' id='word_1_421' title='bbox 1094 1707 1120 1740; x_wconf 91' lang='lat' dir='ltr'>l.</span> <span class='ocrx_word' id='word_1_422' title='bbox 1147 1707 1260 1747; x_wconf 87' lang='lat'>32,1.</span> <span class='ocrx_word' id='word_1_423' title='bbox 1287 1708 1348 1746; x_wconf 89' lang='lat'>35,</span> <span class='ocrx_word' id='word_1_424' title='bbox 1369 1707 1400 1740; x_wconf 94' lang='lat'>3.</span> <span class='ocrx_word' id='word_1_425' title='bbox 1427 1707 1488 1748; x_wconf 89' lang='lat'>37,</span> <span class='ocrx_word' id='word_1_426' title='bbox 1508 1707 1540 1740; x_wconf 90' lang='grc'>6.</span> <span class='ocrx_word' id='word_1_427' title='bbox 1566 1707 1627 1747; x_wconf 84' lang='grc'>40,</span> <span class='ocrx_word' id='word_1_428' title='bbox 1647 1708 1679 1740; x_wconf 84' lang='lat'>2.</span> <span class='ocrx_word' id='word_1_429' title='bbox 1698 1708 1731 1740; x_wconf 87' lang='lat'>5.</span> 
     </span>
     <span class='ocr_line' id='line_1_34' title="bbox 212 1750 1730 1792; baseline 0.003 -11"><span class='ocrx_word' id='word_1_430' title='bbox 212 1751 266 1789; x_wconf 88' lang='lat'>45,</span> <span class='ocrx_word' id='word_1_431' title='bbox 286 1751 318 1781; x_wconf 88' lang='grc'>4.</span> <span class='ocrx_word' id='word_1_432' title='bbox 345 1750 399 1786; x_wconf 82' lang='grc'>46,</span> <span class='ocrx_word' id='word_1_433' title='bbox 418 1751 449 1782; x_wconf 89' lang='grc'>5.</span> <span class='ocrx_word' id='word_1_434' title='bbox 476 1750 531 1786; x_wconf 87' lang='grc'>49.</span> <span class='ocrx_word' id='word_1_435' title='bbox 550 1751 585 1782; x_wconf 87' lang='grc'>2.”</span> <span class='ocrx_word' id='word_1_436' title='bbox 601 1750 632 1783; x_wconf 84' lang='grc'>3.</span> <span class='ocrx_word' id='word_1_437' title='bbox 659 1752 713 1790; x_wconf 84' lang='grc'>50,</span> <span class='ocrx_word' id='word_1_438' title='bbox 734 1752 765 1783; x_wconf 89' lang='grc'>4.</span> <span class='ocrx_word' id='word_1_439' title='bbox 792 1752 845 1784; x_wconf 73' lang='grc'>52,</span> <span class='ocrx_word' id='word_1_440' title='bbox 865 1751 919 1783; x_wconf 89' lang='lat'>30.</span> <span class='ocrx_word' id='word_1_441' title='bbox 946 1751 1000 1790; x_wconf 89' lang='lat'>59,</span> <span class='ocrx_word' id='word_1_442' title='bbox 1021 1753 1051 1784; x_wconf 92' lang='grc'>4.</span> <span class='ocrx_word' id='word_1_443' title='bbox 1070 1751 1102 1784; x_wconf 90' lang='grc'>6.</span> <span class='ocrx_word' id='word_1_444' title='bbox 1127 1752 1151 1784; x_wconf 91' lang='lat' dir='ltr'>J</span> <span class='ocrx_word' id='word_1_445' title='bbox 1167 1753 1198 1791; x_wconf 88' lang='lat'>5,</span> <span class='ocrx_word' id='word_1_446' title='bbox 1219 1753 1249 1784; x_wconf 89' lang='lat'>5.</span> <span class='ocrx_word' id='word_1_447' title='bbox 1277 1753 1308 1791; x_wconf 92' lang='grc'>7,</span> <span class='ocrx_word' id='word_1_448' title='bbox 1333 1752 1360 1785; x_wconf 93' lang='lat' dir='ltr'>l.</span> <span class='ocrx_word' id='word_1_449' title='bbox 1386 1752 1440 1792; x_wconf 89' lang='lat'>20,</span> <span class='ocrx_word' id='word_1_450' title='bbox 1451 1753 1482 1785; x_wconf 84' lang='lat'>5.</span> <span class='ocrx_word' id='word_1_451' title='bbox 1509 1753 1606 1791; x_wconf 85' lang='lat'>25,5.</span> <span class='ocrx_word' id='word_1_452' title='bbox 1633 1752 1686 1792; x_wconf 90' lang='lat'>30,</span> <span class='ocrx_word' id='word_1_453' title='bbox 1698 1753 1730 1785; x_wconf 85' lang='lat'>2.</span> 
     </span>
     <span class='ocr_line' id='line_1_35' title="bbox 213 1794 1732 1840; baseline 0.002 -13"><span class='ocrx_word' id='word_1_454' title='bbox 213 1794 274 1833; x_wconf 89' lang='lat'>35,</span> <span class='ocrx_word' id='word_1_455' title='bbox 302 1795 333 1826; x_wconf 90' lang='lat'>4.</span> <span class='ocrx_word' id='word_1_456' title='bbox 368 1794 428 1834; x_wconf 87' lang='lat'>39,</span> <span class='ocrx_word' id='word_1_457' title='bbox 460 1796 472 1827; x_wconf 95' lang='lat'>1</span> <span class='ocrx_word' id='word_1_458' title='bbox 502 1796 611 1831; x_wconf 86' lang='lat' dir='ltr'>(Aulo</span> <span class='ocrx_word' id='word_1_459' title='bbox 635 1806 760 1828; x_wconf 84' lang='lat' dir='ltr'>omnes</span> <span class='ocrx_word' id='word_1_460' title='bbox 791 1797 938 1830; x_wconf 86' lang='lat' dir='ltr'>infesti.</span> <span class='ocrx_word' id='word_1_461' title='bbox 973 1797 1065 1838; x_wconf 90' lang='lat' dir='ltr'>quod</span> <span class='ocrx_word' id='word_1_462' title='bbox 1089 1797 1266 1829; x_wconf 74' lang='lat' dir='ltr'>dedecore</span> <span class='ocrx_word' id='word_1_463' title='bbox 1292 1798 1447 1830; x_wconf 85' lang='lat' dir='ltr'>salutem</span> <span class='ocrx_word' id='word_1_464' title='bbox 1473 1798 1732 1840; x_wconf 78' lang='lat' dir='ltr'>quaesiverat).</span> 
     </span>
     <span class='ocr_line' id='line_1_36' title="bbox 211 1839 1731 1882; baseline 0.003 -11"><span class='ocrx_word' id='word_1_465' title='bbox 211 1839 272 1877; x_wconf 88' lang='grc'>53,</span> <span class='ocrx_word' id='word_1_466' title='bbox 292 1841 324 1871; x_wconf 88' lang='grc'>5.</span> <span class='ocrx_word' id='word_1_467' title='bbox 352 1839 412 1877; x_wconf 92' lang='grc'>61,</span> <span class='ocrx_word' id='word_1_468' title='bbox 432 1841 462 1873; x_wconf 83' lang='grc'>4.</span> <span class='ocrx_word' id='word_1_469' title='bbox 489 1839 549 1879; x_wconf 87' lang='grc'>66,</span> <span class='ocrx_word' id='word_1_470' title='bbox 570 1842 600 1872; x_wconf 93' lang='lat'>2.</span> <span class='ocrx_word' id='word_1_471' title='bbox 627 1841 688 1879; x_wconf 87' lang='grc'>81,</span> <span class='ocrx_word' id='word_1_472' title='bbox 709 1841 740 1874; x_wconf 82' lang='grc'>2.</span> <span class='ocrx_word' id='word_1_473' title='bbox 766 1840 828 1878; x_wconf 87' lang='grc'>86,</span> <span class='ocrx_word' id='word_1_474' title='bbox 848 1841 879 1874; x_wconf 92' lang='grc'>3.</span> <span class='ocrx_word' id='word_1_475' title='bbox 905 1841 967 1881; x_wconf 89' lang='grc'>92,</span> <span class='ocrx_word' id='word_1_476' title='bbox 986 1841 1018 1874; x_wconf 89' lang='grc'>6.</span> <span class='ocrx_word' id='word_1_477' title='bbox 1045 1841 1105 1877; x_wconf 87' lang='grc'>93,</span> <span class='ocrx_word' id='word_1_478' title='bbox 1124 1842 1156 1873; x_wconf 86' lang='grc'>4.</span> <span class='ocrx_word' id='word_1_479' title='bbox 1183 1841 1244 1882; x_wconf 83' lang='grc'>94,</span> <span class='ocrx_word' id='word_1_480' title='bbox 1265 1842 1408 1882; x_wconf 81' lang='lat'>3.101,</span> <span class='ocrx_word' id='word_1_481' title='bbox 1427 1841 1459 1876; x_wconf 90' lang='grc'>6.</span> <span class='ocrx_word' id='word_1_482' title='bbox 1493 1843 1527 1875; x_wconf 91' lang='grc' dir='ltr'>Η</span> <span class='ocrx_word' id='word_1_483' title='bbox 1545 1843 1579 1875; x_wconf 90' lang='grc' dir='ltr'>ΙΙ</span> <span class='ocrx_word' id='word_1_484' title='bbox 1595 1841 1650 1875; x_wconf 84' lang='grc'>39.</span> <span class='ocrx_word' id='word_1_485' title='bbox 1676 1841 1731 1876; x_wconf 87' lang='grc'>83.</span> 
     </span>
     <span class='ocr_line' id='line_1_37' title="bbox 211 1885 1741 1929; baseline 0.003 -13"><span class='ocrx_word' id='word_1_486' title='bbox 211 1886 264 1916; x_wconf 89' lang='lat' dir='ltr'>III</span> <span class='ocrx_word' id='word_1_487' title='bbox 287 1885 341 1916; x_wconf 88' lang='lat'>52.</span> <span class='ocrx_word' id='word_1_488' title='bbox 367 1886 416 1917; x_wconf 96' lang='lat' dir='ltr'>IV</span> <span class='ocrx_word' id='word_1_489' title='bbox 445 1885 472 1917; x_wconf 91' lang='lat'>1.</span> <span class='ocrx_word' id='word_1_490' title='bbox 515 1896 594 1918; x_wconf 81' lang='lat' dir='ltr'>cuin</span> <span class='ocrx_word' id='word_1_491' title='bbox 621 1890 769 1928; x_wconf 87' lang='lat' dir='ltr'>propter</span> <span class='ocrx_word' id='word_1_492' title='bbox 791 1887 905 1919; x_wconf 84' lang='lat' dir='ltr'>bonas</span> <span class='ocrx_word' id='word_1_493' title='bbox 925 1887 1030 1926; x_wconf 85' lang='lat' dir='ltr'>artis,</span> <span class='ocrx_word' id='word_1_494' title='bbox 1056 1890 1128 1919; x_wconf 86' lang='lat' dir='ltr'>tum</span> <span class='ocrx_word' id='word_1_495' title='bbox 1148 1888 1241 1929; x_wconf 87' lang='lat' dir='ltr'>quod</span> <span class='ocrx_word' id='word_1_496' title='bbox 1262 1904 1298 1910; x_wconf 84' lang='lat'>-—</span> <span class='ocrx_word' id='word_1_497' title='bbox 1320 1889 1473 1929; x_wconf 84' lang='lat' dir='ltr'>gerebat</span> <span class='ocrx_word' id='word_1_498' title='bbox 1488 1888 1511 1920; x_wconf 92' lang='lat' dir='ltr'>J</span> <span class='ocrx_word' id='word_1_499' title='bbox 1527 1887 1581 1927; x_wconf 81' lang='lat'>43,</span> <span class='ocrx_word' id='word_1_500' title='bbox 1601 1887 1632 1919; x_wconf 86' lang='lat'>5.</span> <span class='ocrx_word' id='word_1_501' title='bbox 1676 1885 1741 1920; x_wconf 61' lang='grc' dir='ltr'>8τέ</span> 
     </span>
     <span class='ocr_line' id='line_1_38' title="bbox 213 1931 1733 1975; baseline 0.002 -14"><span class='ocrx_word' id='word_1_502' title='bbox 213 1931 319 1961; x_wconf 87' lang='lat' dir='ltr'>duum</span> <span class='ocrx_word' id='word_1_503' title='bbox 344 1931 489 1962; x_wconf 88' lang='lat' dir='ltr'>videtur</span> <span class='ocrx_word' id='word_1_504' title='bbox 513 1942 569 1963; x_wconf 85' lang='lat' dir='ltr'>res</span> <span class='ocrx_word' id='word_1_505' title='bbox 595 1937 720 1972; x_wconf 72' lang='lat' dir='ltr'>gestas</span> <span class='ocrx_word' id='word_1_506' title='bbox 743 1932 921 1969; x_wconf 80' lang='lat' dir='ltr'>scribere,</span> <span class='ocrx_word' id='word_1_507' title='bbox 950 1932 1101 1973; x_wconf 88' lang='lat' dir='ltr'>primum</span> <span class='ocrx_word' id='word_1_508' title='bbox 1129 1933 1220 1974; x_wconf 91' lang='lat' dir='ltr'>quod</span> <span class='ocrx_word' id='word_1_509' title='bbox 1247 1933 1347 1964; x_wconf 86' lang='lat' dir='ltr'>facta</span> <span class='ocrx_word' id='word_1_510' title='bbox 1366 1933 1473 1965; x_wconf 80' lang='lat' dir='ltr'>dictis</span> <span class='ocrx_word' id='word_1_511' title='bbox 1492 1932 1733 1975; x_wconf 80' lang='lat' dir='ltr'>exaequanda</span> 
     </span>
     <span class='ocr_line' id='line_1_39' title="bbox 213 1975 1729 2019; baseline 0.003 -13"><span class='ocrx_word' id='word_1_512' title='bbox 213 1979 304 2006; x_wconf 79' lang='lat' dir='ltr'>sunt.</span> <span class='ocrx_word' id='word_1_513' title='bbox 327 1975 458 2007; x_wconf 84' lang='lat' dir='ltr'>debinc</span> <span class='ocrx_word' id='word_1_514' title='bbox 478 1976 562 2017; x_wconf 76' lang='lat' dir='ltr'>quia</span> <span class='ocrx_word' id='word_1_515' title='bbox 580 1994 620 1998; x_wconf 93' lang='lat'>—</span> <span class='ocrx_word' id='word_1_516' title='bbox 641 1976 667 2008; x_wconf 89' lang='lat' dir='ltr'>C</span> <span class='ocrx_word' id='word_1_517' title='bbox 687 1975 719 2012; x_wconf 83' lang='lat'>3,</span> <span class='ocrx_word' id='word_1_518' title='bbox 737 1977 769 2008; x_wconf 87' lang='lat'>2.</span> <span class='ocrx_word' id='word_1_519' title='bbox 812 1987 882 2008; x_wconf 87' lang='lat' dir='ltr'>non</span> <span class='ocrx_word' id='word_1_520' title='bbox 901 1977 986 2018; x_wconf 83' lang='lat' dir='ltr'>quia</span> <span class='ocrx_word' id='word_1_521' title='bbox 1006 1995 1041 1999; x_wconf 94' lang='lat'>—</span> <span class='ocrx_word' id='word_1_522' title='bbox 1064 1977 1203 2009; x_wconf 85' lang='lat' dir='ltr'>solvere</span> <span class='ocrx_word' id='word_1_523' title='bbox 1222 1988 1293 2009; x_wconf 89' lang='lat' dir='ltr'>non</span> <span class='ocrx_word' id='word_1_524' title='bbox 1310 1987 1472 2019; x_wconf 80' lang='lat' dir='ltr'>possem,</span> <span class='ocrx_word' id='word_1_525' title='bbox 1498 1981 1555 2010; x_wconf 84' lang='lat' dir='ltr'>set</span> <span class='ocrx_word' id='word_1_526' title='bbox 1579 1977 1672 2019; x_wconf 83' lang='lat' dir='ltr'>quod</span> <span class='ocrx_word' id='word_1_527' title='bbox 1691 1994 1729 2014; x_wconf 62' lang='lat'>„—</span> 
     </span>
     <span class='ocr_line' id='line_1_40' title="bbox 212 2020 1731 2064; baseline 0.002 -13"><span class='ocrx_word' id='word_1_528' title='bbox 212 2020 382 2051; x_wconf 84' lang='lat' dir='ltr'>videbam</span> <span class='ocrx_word' id='word_1_529' title='bbox 403 2021 428 2051; x_wconf 73' lang='lat' dir='ltr'>(J</span> <span class='ocrx_word' id='word_1_530' title='bbox 449 2020 502 2059; x_wconf 76' lang='lat'>35,</span> <span class='ocrx_word' id='word_1_531' title='bbox 522 2020 553 2052; x_wconf 90' lang='lat'>3.</span> <span class='ocrx_word' id='word_1_532' title='bbox 596 2022 764 2053; x_wconf 77' lang='lat' dir='ltr'>similiter</span> <span class='ocrx_word' id='word_1_533' title='bbox 786 2022 893 2053; x_wconf 79' lang='lat' dir='ltr'>situm</span> <span class='ocrx_word' id='word_1_534' title='bbox 920 2022 1182 2064; x_wconf 88' lang='lat' dir='ltr'>munitumque,</span> <span class='ocrx_word' id='word_1_535' title='bbox 1205 2023 1276 2054; x_wconf 79' lang='lat' dir='ltr'>nisi</span> <span class='ocrx_word' id='word_1_536' title='bbox 1294 2022 1386 2064; x_wconf 87' lang='lat' dir='ltr'>quod</span> <span class='ocrx_word' id='word_1_537' title='bbox 1405 2022 1500 2064; x_wconf 85' lang='lat' dir='ltr'>apud</span> <span class='ocrx_word' id='word_1_538' title='bbox 1517 2022 1671 2054; x_wconf 76' lang='lat' dir='ltr'>Thalam</span> <span class='ocrx_word' id='word_1_539' title='bbox 1689 2040 1731 2046; x_wconf 90' lang='lat'><strong>—</strong></span> 
     </span>
     <span class='ocr_line' id='line_1_41' title="bbox 214 2064 1733 2110; baseline 0.003 -15"><span class='ocrx_word' id='word_1_540' title='bbox 214 2070 318 2096; x_wconf 83' lang='lat' dir='ltr'>erant</span> <span class='ocrx_word' id='word_1_541' title='bbox 336 2066 357 2096; x_wconf 87' lang='lat' dir='ltr'>J</span> <span class='ocrx_word' id='word_1_542' title='bbox 376 2064 429 2102; x_wconf 88' lang='grc'>89,</span> <span class='ocrx_word' id='word_1_543' title='bbox 450 2065 471 2096; x_wconf 93' lang='grc'>6</span> <span class='ocrx_word' id='word_1_544' title='bbox 488 2069 572 2097; x_wconf 69' lang='lat' dir='ltr'>eorl.</span> <span class='ocrx_word' id='word_1_545' title='bbox 592 2065 646 2102; x_wconf 73' lang='lat'>95),</span> <span class='ocrx_word' id='word_1_546' title='bbox 667 2066 698 2098; x_wconf 90' lang='lat'>3.</span> <span class='ocrx_word' id='word_1_547' title='bbox 741 2077 784 2098; x_wconf 82' lang='lat' dir='ltr'>ex</span> <span class='ocrx_word' id='word_1_548' title='bbox 804 2066 886 2098; x_wconf 77' lang='lat' dir='ltr'>aliis</span> <span class='ocrx_word' id='word_1_549' title='bbox 905 2067 1023 2104; x_wconf 62' lang='lat' dir='ltr'>rrbus,</span> <span class='ocrx_word' id='word_1_550' title='bbox 1043 2077 1150 2109; x_wconf 60' lang='lat' dir='ltr'>quim</span> <span class='ocrx_word' id='word_1_551' title='bbox 1169 2068 1262 2109; x_wconf 91' lang='lat' dir='ltr'>quod</span> <span class='ocrx_word' id='word_1_552' title='bbox 1280 2068 1449 2109; x_wconf 88' lang='lat' dir='ltr'>cuiquam</span> <span class='ocrx_word' id='word_1_553' title='bbox 1469 2070 1681 2110; x_wconf 81' lang='lat' dir='ltr'>conpertum</span> <span class='ocrx_word' id='word_1_554' title='bbox 1695 2067 1733 2100; x_wconf 85' lang='lat' dir='ltr'>id</span> 
     </span>
     <span class='ocr_line' id='line_1_42' title="bbox 213 2110 1731 2155; baseline 0.004 -16"><span class='ocrx_word' id='word_1_555' title='bbox 213 2110 318 2145; x_wconf 72' lang='lat' dir='ltr'>foret,</span> <span class='ocrx_word' id='word_1_556' title='bbox 338 2110 430 2141; x_wconf 85' lang='lat' dir='ltr'>haec</span> <span class='ocrx_word' id='word_1_557' title='bbox 451 2111 550 2142; x_wconf 85' lang='lat' dir='ltr'>fama</span> <span class='ocrx_word' id='word_1_558' title='bbox 568 2111 718 2143; x_wconf 83' lang='lat' dir='ltr'>valebat</span> <span class='ocrx_word' id='word_1_559' title='bbox 737 2111 763 2142; x_wconf 84' lang='lat' dir='ltr'>C</span> <span class='ocrx_word' id='word_1_560' title='bbox 787 2111 823 2142; x_wconf 83' lang='grc'>14</span> <span class='ocrx_word' id='word_1_561' title='bbox 837 2137 844 2147; x_wconf 81' lang='grc'>,</span> <span class='ocrx_word' id='word_1_562' title='bbox 864 2112 894 2143; x_wconf 89' lang='lat'>7.</span> <span class='ocrx_word' id='word_1_563' title='bbox 938 2111 1030 2144; x_wconf 80' lang='lat' dir='ltr'>falso</span> <span class='ocrx_word' id='word_1_564' title='bbox 1055 2113 1217 2154; x_wconf 86' lang='lat' dir='ltr'>queritur</span> <span class='ocrx_word' id='word_1_565' title='bbox 1241 2113 1284 2144; x_wconf 91' lang='lat' dir='ltr'>de</span> <span class='ocrx_word' id='word_1_566' title='bbox 1303 2117 1434 2144; x_wconf 87' lang='lat' dir='ltr'>natura</span> <span class='ocrx_word' id='word_1_567' title='bbox 1452 2122 1518 2143; x_wconf 85' lang='lat' dir='ltr'>sua</span> <span class='ocrx_word' id='word_1_568' title='bbox 1535 2122 1650 2155; x_wconf 83' lang='lat' dir='ltr'>genus</span> <span class='ocrx_word' id='word_1_569' title='bbox 1666 2112 1731 2145; x_wconf 87' lang='lat' dir='ltr'>hu-</span> 
     </span>
     <span class='ocr_line' id='line_1_43' title="bbox 214 2155 1731 2198; baseline 0.003 -14"><span class='ocrx_word' id='word_1_570' title='bbox 214 2164 368 2190; x_wconf 81' lang='lat' dir='ltr'>manum,</span> <span class='ocrx_word' id='word_1_571' title='bbox 389 2155 481 2195; x_wconf 88' lang='lat' dir='ltr'>quod</span> <span class='ocrx_word' id='word_1_572' title='bbox 561 2161 710 2197; x_wconf 84' lang='lat' dir='ltr'>regatur</span> <span class='ocrx_word' id='word_1_573' title='bbox 725 2156 747 2188; x_wconf 91' lang='lat' dir='ltr'>J</span> <span class='ocrx_word' id='word_1_574' title='bbox 770 2155 796 2192; x_wconf 85' lang='lat'>1,</span> <span class='ocrx_word' id='word_1_575' title='bbox 816 2157 837 2187; x_wconf 88' lang='grc'>4</span> <span class='ocrx_word' id='word_1_576' title='bbox 854 2159 939 2188; x_wconf 72' lang='lat' dir='ltr'>conl.</span> <span class='ocrx_word' id='word_1_577' title='bbox 961 2157 1015 2191; x_wconf 69' lang='lat'>25,</span> <span class='ocrx_word' id='word_1_578' title='bbox 1030 2157 1079 2188; x_wconf 92' lang='lat'>11.</span> <span class='ocrx_word' id='word_1_579' title='bbox 1107 2156 1160 2194; x_wconf 87' lang='grc'>65,</span> <span class='ocrx_word' id='word_1_580' title='bbox 1179 2158 1199 2188; x_wconf 97' lang='grc'>2</span> <span class='ocrx_word' id='word_1_581' title='bbox 1217 2157 1277 2189; x_wconf 73' lang='grc' dir='ltr'>ὀίε.</span> <span class='ocrx_word' id='word_1_582' title='bbox 1304 2157 1358 2197; x_wconf 74' lang='grc'>82,</span> <span class='ocrx_word' id='word_1_583' title='bbox 1379 2157 1411 2189; x_wconf 93' lang='lat'>3.</span> <span class='ocrx_word' id='word_1_584' title='bbox 1438 2161 1526 2190; x_wconf 77' lang='lat' dir='ltr'>orat.</span> <span class='ocrx_word' id='word_1_585' title='bbox 1546 2157 1610 2190; x_wconf 82' lang='lat' dir='ltr'>obl.</span> <span class='ocrx_word' id='word_1_586' title='bbox 1629 2156 1657 2188; x_wconf 88' lang='lat' dir='ltr'>C</span> <span class='ocrx_word' id='word_1_587' title='bbox 1674 2156 1731 2198; x_wconf 87' lang='lat'>40,</span> 
     </span>
     <span class='ocr_line' id='line_1_44' title="bbox 219 2197 1731 2243; baseline 0.004 -15"><span class='ocrx_word' id='word_1_588' title='bbox 219 2198 243 2229; x_wconf 93' lang='lat'>1.</span> <span class='ocrx_word' id='word_1_589' title='bbox 265 2197 294 2229; x_wconf 87' lang='lat'>3.</span> <span class='ocrx_word' id='word_1_590' title='bbox 321 2199 343 2230; x_wconf 92' lang='lat' dir='ltr'>J</span> <span class='ocrx_word' id='word_1_591' title='bbox 367 2199 415 2231; x_wconf 77' lang='grc'>15,</span> <span class='ocrx_word' id='word_1_592' title='bbox 442 2199 452 2229; x_wconf 94' lang='grc'>1</span> <span class='ocrx_word' id='word_1_593' title='bbox 495 2198 589 2231; x_wconf 83' lang='grc'>645.</span> <span class='ocrx_word' id='word_1_594' title='bbox 617 2212 707 2241; x_wconf 72' lang='lat' dir='ltr'>susp.</span> <span class='ocrx_word' id='word_1_595' title='bbox 729 2201 823 2242; x_wconf 91' lang='lat' dir='ltr'>quod</span> <span class='ocrx_word' id='word_1_596' title='bbox 842 2220 881 2224; x_wconf 91' lang='lat'><em>-</em></span> <span class='ocrx_word' id='word_1_597' title='bbox 901 2203 1108 2243; x_wconf 85' lang='lat' dir='ltr'>nequiverit</span> <span class='ocrx_word' id='word_1_598' title='bbox 1127 2201 1153 2233; x_wconf 85' lang='lat' dir='ltr'>C</span> <span class='ocrx_word' id='word_1_599' title='bbox 1176 2201 1225 2239; x_wconf 89' lang='lat'>18,</span> <span class='ocrx_word' id='word_1_600' title='bbox 1237 2201 1268 2234; x_wconf 90' lang='lat'>3.</span> <span class='ocrx_word' id='word_1_601' title='bbox 1284 2208 1331 2229; x_wconf 73' lang='lat' dir='ltr'>&#39;z</span> <span class='ocrx_word' id='word_1_602' title='bbox 1347 2202 1423 2234; x_wconf 85' lang='lat' dir='ltr'>Iam</span> <span class='ocrx_word' id='word_1_603' title='bbox 1442 2206 1516 2234; x_wconf 89' lang='lat' dir='ltr'>tum</span> <span class='ocrx_word' id='word_1_604' title='bbox 1536 2219 1573 2224; x_wconf 89' lang='lat'>—</span> <span class='ocrx_word' id='word_1_605' title='bbox 1594 2202 1731 2235; x_wconf 88' lang='lat' dir='ltr'>machi·</span> 
     </span>
     <span class='ocr_line' id='line_1_45' title="bbox 213 2243 1732 2289; baseline 0.004 -16"><span class='ocrx_word' id='word_1_606' title='bbox 213 2243 407 2274; x_wconf 60' lang='lat' dir='ltr'>nab-«intur.</span> <span class='ocrx_word' id='word_1_607' title='bbox 437 2244 530 2279; x_wconf 75' lang='lat' dir='ltr'>Quoi</span> <span class='ocrx_word' id='word_1_608' title='bbox 547 2245 753 2277; x_wconf 73' lang='lat' dir='ltr'>tiCatilina</span> <span class='ocrx_word' id='word_1_609' title='bbox 773 2251 991 2278; x_wconf 77' lang='lat' dir='ltr'>maturasset</span> <span class='ocrx_word' id='word_1_610' title='bbox 1010 2248 1151 2289; x_wconf 80' lang='lat' dir='ltr'>signum</span> <span class='ocrx_word' id='word_1_611' title='bbox 1171 2247 1269 2279; x_wconf 87' lang='lat' dir='ltr'>dare.</span> <span class='ocrx_word' id='word_1_612' title='bbox 1290 2257 1332 2279; x_wconf 89' lang='lat' dir='ltr'>eo</span> <span class='ocrx_word' id='word_1_613' title='bbox 1350 2247 1624 2289; x_wconf 81' lang='lat' dir='ltr'>diepessumum</span> <span class='ocrx_word' id='word_1_614' title='bbox 1639 2247 1732 2280; x_wconf 74' lang='lat' dir='ltr'>faci-</span> 
     </span>
     <span class='ocr_line' id='line_1_46' title="bbox 212 2289 1730 2333; baseline 0.004 -15"><span class='ocrx_word' id='word_1_615' title='bbox 212 2298 279 2319; x_wconf 83' lang='lat' dir='ltr'>nus</span> <span class='ocrx_word' id='word_1_616' title='bbox 297 2292 479 2329; x_wconf 84' lang='lat' dir='ltr'>patratum</span> <span class='ocrx_word' id='word_1_617' title='bbox 499 2290 594 2320; x_wconf 78' lang='lat' dir='ltr'>foret</span> <span class='ocrx_word' id='word_1_618' title='bbox 613 2289 638 2320; x_wconf 91' lang='lat' dir='ltr'>C</span> <span class='ocrx_word' id='word_1_619' title='bbox 663 2290 717 2325; x_wconf 84' lang='grc'>18,</span> <span class='ocrx_word' id='word_1_620' title='bbox 738 2293 768 2321; x_wconf 67' lang='grc'>8.</span> <span class='ocrx_word' id='word_1_621' title='bbox 793 2304 838 2318; x_wconf 80' lang='lat'><strong><em>=</em></strong></span> <span class='ocrx_word' id='word_1_622' title='bbox 860 2292 953 2326; x_wconf 75' lang='lat' dir='ltr'>Quod</span> <span class='ocrx_word' id='word_1_623' title='bbox 969 2292 999 2322; x_wconf 84' lang='lat' dir='ltr'>si</span> <span class='ocrx_word' id='word_1_624' title='bbox 1017 2291 1042 2323; x_wconf 90' lang='lat' dir='ltr'>C</span> <span class='ocrx_word' id='word_1_625' title='bbox 1062 2293 1099 2332; x_wconf 89' lang='lat'>2,</span> <span class='ocrx_word' id='word_1_626' title='bbox 1120 2291 1151 2324; x_wconf 90' lang='lat'>3.</span> <span class='ocrx_word' id='word_1_627' title='bbox 1183 2292 1238 2331; x_wconf 91' lang='grc'>14,</span> <span class='ocrx_word' id='word_1_628' title='bbox 1258 2292 1291 2324; x_wconf 89' lang='grc'>4.</span> <span class='ocrx_word' id='word_1_629' title='bbox 1318 2291 1373 2332; x_wconf 88' lang='grc'>39,</span> <span class='ocrx_word' id='word_1_630' title='bbox 1393 2292 1425 2323; x_wconf 89' lang='grc'>4.</span> <span class='ocrx_word' id='word_1_631' title='bbox 1451 2291 1506 2332; x_wconf 86' lang='grc'>58,</span> <span class='ocrx_word' id='word_1_632' title='bbox 1526 2291 1580 2324; x_wconf 86' lang='grc'>21.</span> <span class='ocrx_word' id='word_1_633' title='bbox 1604 2292 1629 2324; x_wconf 89' lang='lat' dir='ltr'>J</span> <span class='ocrx_word' id='word_1_634' title='bbox 1649 2292 1678 2333; x_wconf 95' lang='lat' dir='ltr'>l,</span> <span class='ocrx_word' id='word_1_635' title='bbox 1697 2292 1730 2324; x_wconf 93' lang='lat'>5.</span> 
     </span>
     <span class='ocr_line' id='line_1_47' title="bbox 213 2331 1673 2373; baseline 0.006 -11"><span class='ocrx_word' id='word_1_636' title='bbox 213 2331 266 2368; x_wconf 87' lang='grc'>31,</span> <span class='ocrx_word' id='word_1_637' title='bbox 294 2333 339 2363; x_wconf 72' lang='lat' dir='ltr'>ili.</span> <span class='ocrx_word' id='word_1_638' title='bbox 368 2333 420 2369; x_wconf 81' lang='lat'>85,</span> <span class='ocrx_word' id='word_1_639' title='bbox 445 2333 493 2363; x_wconf 90' lang='grc'>17.</span> <span class='ocrx_word' id='word_1_640' title='bbox 512 2346 556 2360; x_wconf 86' lang='lat'><strong><em>=</em></strong></span> <span class='ocrx_word' id='word_1_641' title='bbox 574 2334 666 2368; x_wconf 77' lang='lat' dir='ltr'>Quod</span> <span class='ocrx_word' id='word_1_642' title='bbox 681 2335 810 2365; x_wconf 87' lang='lat' dir='ltr'>utinam</span> <span class='ocrx_word' id='word_1_643' title='bbox 826 2336 847 2366; x_wconf 89' lang='lat' dir='ltr'>J</span> <span class='ocrx_word' id='word_1_644' title='bbox 871 2336 921 2373; x_wconf 84' lang='lat'>14,</span> <span class='ocrx_word' id='word_1_645' title='bbox 940 2336 994 2367; x_wconf 79' lang='lat'>21.</span> <span class='ocrx_word' id='word_1_646' title='bbox 1669 2356 1673 2359; x_wconf 92' lang='lat'>·</span> 
     </span>
    </p>

    <p class='ocr_par' dir='ltr' id='par_1_6' title="bbox 211 2378 1731 2915">
     <span class='ocr_line' id='line_1_48' title="bbox 258 2378 1731 2423; baseline 0.004 -15"><span class='ocrx_word' id='word_1_647' title='bbox 258 2378 418 2417; x_wconf 81' lang='lat' dir='ltr'>quoniam.</span> <span class='ocrx_word' id='word_1_648' title='bbox 451 2379 588 2409; x_wconf 82' lang='lat' dir='ltr'>rectius</span> <span class='ocrx_word' id='word_1_649' title='bbox 613 2380 755 2410; x_wconf 85' lang='lat' dir='ltr'>videtur</span> <span class='ocrx_word' id='word_1_650' title='bbox 782 2396 815 2401; x_wconf 86' lang='lat'>——</span> <span class='ocrx_word' id='word_1_651' title='bbox 847 2384 884 2411; x_wconf 90' lang='lat' dir='ltr'>et</span> <span class='ocrx_word' id='word_1_652' title='bbox 912 2382 1080 2421; x_wconf 88' lang='lat' dir='ltr'>quoniam</span> <span class='ocrx_word' id='word_1_653' title='bbox 1104 2382 1181 2413; x_wconf 89' lang='lat' dir='ltr'>vita</span> <span class='ocrx_word' id='word_1_654' title='bbox 1206 2382 1303 2423; x_wconf 88' lang='lat' dir='ltr'>ipsa,</span> <span class='ocrx_word' id='word_1_655' title='bbox 1332 2392 1402 2423; x_wconf 84' lang='lat' dir='ltr'>qua</span> <span class='ocrx_word' id='word_1_656' title='bbox 1419 2381 1590 2422; x_wconf 86' lang='lat' dir='ltr'>fruimur,</span> <span class='ocrx_word' id='word_1_657' title='bbox 1609 2381 1731 2415; x_wconf 81' lang='lat' dir='ltr'>brevis</span> 
     </span>
     <span class='ocr_line' id='line_1_49' title="bbox 214 2423 1730 2469; baseline 0.004 -16"><span class='ocrx_word' id='word_1_658' title='bbox 214 2426 279 2460; x_wconf 87' lang='lat' dir='ltr'>est,</span> <span class='ocrx_word' id='word_1_659' title='bbox 300 2423 509 2454; x_wconf 81' lang='lat' dir='ltr'>memoriam</span> <span class='ocrx_word' id='word_1_660' title='bbox 527 2424 641 2454; x_wconf 86' lang='lat' dir='ltr'>nostri</span> <span class='ocrx_word' id='word_1_661' title='bbox 659 2434 765 2464; x_wconf 86' lang='lat' dir='ltr'>quam</span> <span class='ocrx_word' id='word_1_662' title='bbox 784 2434 948 2456; x_wconf 83' lang='lat' dir='ltr'>maxume</span> <span class='ocrx_word' id='word_1_663' title='bbox 974 2425 1120 2468; x_wconf 79' lang='lat' dir='ltr'>longam</span> <span class='ocrx_word' id='word_1_664' title='bbox 1139 2426 1287 2469; x_wconf 68' lang='lat' dir='ltr'>efficere</span> <span class='ocrx_word' id='word_1_665' title='bbox 1307 2426 1333 2458; x_wconf 90' lang='lat' dir='ltr'>C</span> <span class='ocrx_word' id='word_1_666' title='bbox 1357 2426 1391 2465; x_wconf 89' lang='lat'>1,</span> <span class='ocrx_word' id='word_1_667' title='bbox 1411 2425 1432 2459; x_wconf 89' lang='lat'>3</span> <span class='ocrx_word' id='word_1_668' title='bbox 1455 2429 1541 2459; x_wconf 81' lang='lat' dir='ltr'>conl.</span> <span class='ocrx_word' id='word_1_669' title='bbox 1560 2427 1599 2466; x_wconf 88' lang='lat'>5,</span> <span class='ocrx_word' id='word_1_670' title='bbox 1618 2426 1649 2459; x_wconf 90' lang='lat'>9.</span> <span class='ocrx_word' id='word_1_671' title='bbox 1674 2426 1730 2467; x_wconf 82' lang='lat'>52,</span> 
     </span>
     <span class='ocr_line' id='line_1_50' title="bbox 217 2466 1730 2510; baseline 0.005 -13"><span class='ocrx_word' id='word_1_672' title='bbox 217 2466 267 2498; x_wconf 89' lang='lat'>12.</span> <span class='ocrx_word' id='word_1_673' title='bbox 294 2466 348 2504; x_wconf 82' lang='lat'>53,</span> <span class='ocrx_word' id='word_1_674' title='bbox 369 2469 400 2498; x_wconf 75' lang='lat'>⁴5.</span> <span class='ocrx_word' id='word_1_675' title='bbox 426 2467 449 2499; x_wconf 93' lang='lat' dir='ltr'>J</span> <span class='ocrx_word' id='word_1_676' title='bbox 472 2466 520 2501; x_wconf 77' lang='lat'>10.</span> <span class='ocrx_word' id='word_1_677' title='bbox 541 2467 570 2499; x_wconf 87' lang='lat'>3.</span> <span class='ocrx_word' id='word_1_678' title='bbox 604 2467 653 2499; x_wconf 85' lang='lat'>14.</span> <span class='ocrx_word' id='word_1_679' title='bbox 673 2467 702 2500; x_wconf 83' lang='lat'>3.</span> <span class='ocrx_word' id='word_1_680' title='bbox 722 2468 754 2499; x_wconf 93' lang='lat'>4.</span> <span class='ocrx_word' id='word_1_681' title='bbox 782 2468 836 2507; x_wconf 87' lang='grc'>24,</span> <span class='ocrx_word' id='word_1_682' title='bbox 863 2468 910 2499; x_wconf 93' lang='grc' dir='ltr'>ΙΟ.</span> <span class='ocrx_word' id='word_1_683' title='bbox 937 2468 991 2507; x_wconf 81' lang='grc'>30,</span> <span class='ocrx_word' id='word_1_684' title='bbox 1011 2470 1041 2501; x_wconf 91' lang='lat'>4.</span> <span class='ocrx_word' id='word_1_685' title='bbox 1068 2470 1124 2508; x_wconf 87' lang='lat'>40,</span> <span class='ocrx_word' id='word_1_686' title='bbox 1143 2472 1175 2502; x_wconf 89' lang='lat'>2.</span> <span class='ocrx_word' id='word_1_687' title='bbox 1202 2470 1298 2508; x_wconf 88' lang='grc'>61,3.</span> <span class='ocrx_word' id='word_1_688' title='bbox 1326 2470 1381 2510; x_wconf 92' lang='grc'>79,</span> <span class='ocrx_word' id='word_1_689' title='bbox 1404 2471 1434 2503; x_wconf 95' lang='grc'>1.</span> <span class='ocrx_word' id='word_1_690' title='bbox 1458 2470 1512 2510; x_wconf 88' lang='grc'>85,</span> <span class='ocrx_word' id='word_1_691' title='bbox 1538 2470 1586 2503; x_wconf 92' lang='lat'>18.</span> <span class='ocrx_word' id='word_1_692' title='bbox 1605 2470 1661 2503; x_wconf 88' lang='lat'>28.</span> <span class='ocrx_word' id='word_1_693' title='bbox 1674 2471 1730 2504; x_wconf 82' lang='lat'>44.</span> 
     </span>
     <span class='ocr_line' id='line_1_51' title="bbox 213 2510 1728 2558; baseline 0.005 -16"><span class='ocrx_word' id='word_1_694' title='bbox 213 2511 255 2543; x_wconf 87' lang='grc'>95</span> <span class='ocrx_word' id='word_1_695' title='bbox 287 2512 317 2542; x_wconf 88' lang='grc'>2.</span> <span class='ocrx_word' id='word_1_696' title='bbox 350 2510 427 2549; x_wconf 90' lang='grc'>102,</span> <span class='ocrx_word' id='word_1_697' title='bbox 447 2510 479 2543; x_wconf 89' lang='grc'>9.</span> <span class='ocrx_word' id='word_1_698' title='bbox 511 2511 591 2550; x_wconf 72' lang='grc'>104,</span> <span class='ocrx_word' id='word_1_699' title='bbox 611 2513 642 2544; x_wconf 88' lang='grc'>5.</span> <span class='ocrx_word' id='word_1_700' title='bbox 669 2513 703 2544; x_wconf 90' lang='grc' dir='ltr'>Η</span> <span class='ocrx_word' id='word_1_701' title='bbox 723 2512 817 2552; x_wconf 84' lang='lat'>148,</span> <span class='ocrx_word' id='word_1_702' title='bbox 836 2513 889 2544; x_wconf 90' lang='grc'>22.</span> <span class='ocrx_word' id='word_1_703' title='bbox 918 2514 969 2544; x_wconf 87' lang='grc' dir='ltr'>ΙΙΙ</span> <span class='ocrx_word' id='word_1_704' title='bbox 986 2513 1045 2551; x_wconf 90' lang='grc'>61,</span> <span class='ocrx_word' id='word_1_705' title='bbox 1072 2514 1121 2546; x_wconf 88' lang='grc'>13.</span> <span class='ocrx_word' id='word_1_706' title='bbox 1165 2526 1287 2547; x_wconf 89' lang='lat' dir='ltr'>eorum</span> <span class='ocrx_word' id='word_1_707' title='bbox 1313 2526 1380 2557; x_wconf 80' lang='lat' dir='ltr'>ego</span> <span class='ocrx_word' id='word_1_708' title='bbox 1406 2516 1517 2548; x_wconf 76' lang='lat' dir='ltr'>vitam</span> <span class='ocrx_word' id='word_1_709' title='bbox 1542 2516 1728 2558; x_wconf 68' lang='grc'>1110110101]-</span> 
     </span>
     <span class='ocr_line' id='line_1_52' title="bbox 212 2556 1729 2600; baseline 0.003 -12"><span class='ocrx_word' id='word_1_710' title='bbox 212 2556 316 2588; x_wconf 85' lang='lat' dir='ltr'>iuxta</span> <span class='ocrx_word' id='word_1_711' title='bbox 341 2562 517 2590; x_wconf 82' lang='lat' dir='ltr'>aestumo.</span> <span class='ocrx_word' id='word_1_712' title='bbox 545 2558 715 2599; x_wconf 86' lang='lat' dir='ltr'>quoniam</span> <span class='ocrx_word' id='word_1_713' title='bbox 734 2557 777 2589; x_wconf 90' lang='lat' dir='ltr'>de</span> <span class='ocrx_word' id='word_1_714' title='bbox 796 2562 912 2600; x_wconf 84' lang='lat' dir='ltr'>utraq.</span> <span class='ocrx_word' id='word_1_715' title='bbox 933 2558 1062 2590; x_wconf 83' lang='lat' dir='ltr'>siletur</span> <span class='ocrx_word' id='word_1_716' title='bbox 1081 2559 1107 2591; x_wconf 89' lang='lat' dir='ltr'>C</span> <span class='ocrx_word' id='word_1_717' title='bbox 1126 2560 1156 2598; x_wconf 88' lang='grc'>2,</span> <span class='ocrx_word' id='word_1_718' title='bbox 1177 2559 1198 2591; x_wconf 89' lang='grc'>8</span> <span class='ocrx_word' id='word_1_719' title='bbox 1215 2563 1301 2592; x_wconf 83' lang='lat' dir='ltr'>conl.</span> <span class='ocrx_word' id='word_1_720' title='bbox 1321 2559 1374 2598; x_wconf 89' lang='grc'>26,</span> <span class='ocrx_word' id='word_1_721' title='bbox 1394 2561 1426 2592; x_wconf 88' lang='grc'>5.</span> <span class='ocrx_word' id='word_1_722' title='bbox 1452 2561 1506 2599; x_wconf 88' lang='grc'>52,</span> <span class='ocrx_word' id='word_1_723' title='bbox 1526 2559 1581 2593; x_wconf 87' lang='grc'>35.</span> <span class='ocrx_word' id='word_1_724' title='bbox 1605 2561 1630 2593; x_wconf 89' lang='lat' dir='ltr'>J</span> <span class='ocrx_word' id='word_1_725' title='bbox 1645 2560 1678 2600; x_wconf 89' lang='lat'>3,</span> <span class='ocrx_word' id='word_1_726' title='bbox 1701 2560 1729 2593; x_wconf 89' lang='lat' dir='ltr'>l.</span> 
     </span>
     <span class='ocr_line' id='line_1_53' title="bbox 217 2600 1729 2645; baseline 0.003 -13"><span class='ocrx_word' id='word_1_727' title='bbox 217 2600 267 2635; x_wconf 86' lang='lat'>19.</span> <span class='ocrx_word' id='word_1_728' title='bbox 286 2602 316 2632; x_wconf 91' lang='lat'>2.</span> <span class='ocrx_word' id='word_1_729' title='bbox 345 2600 400 2640; x_wconf 87' lang='lat'>29,</span> <span class='ocrx_word' id='word_1_730' title='bbox 419 2602 450 2633; x_wconf 83' lang='lat'>4.</span> <span class='ocrx_word' id='word_1_731' title='bbox 478 2601 532 2638; x_wconf 88' lang='grc'>82,</span> <span class='ocrx_word' id='word_1_732' title='bbox 558 2602 582 2634; x_wconf 92' lang='lat'>1.</span> <span class='ocrx_word' id='word_1_733' title='bbox 610 2601 665 2638; x_wconf 88' lang='lat'>98,</span> <span class='ocrx_word' id='word_1_734' title='bbox 689 2603 716 2634; x_wconf 92' lang='lat'>1.</span> <span class='ocrx_word' id='word_1_735' title='bbox 752 2603 785 2634; x_wconf 89' lang='lat' dir='ltr'>H</span> <span class='ocrx_word' id='word_1_736' title='bbox 805 2603 818 2634; x_wconf 94' lang='lat' dir='ltr'>I</span> <span class='ocrx_word' id='word_1_737' title='bbox 837 2603 891 2640; x_wconf 84' lang='lat'>48,</span> <span class='ocrx_word' id='word_1_738' title='bbox 911 2603 942 2634; x_wconf 91' lang='grc'>4.</span> <span class='ocrx_word' id='word_1_739' title='bbox 968 2604 1003 2635; x_wconf 92' lang='lat' dir='ltr'>II</span> <span class='ocrx_word' id='word_1_740' title='bbox 1020 2603 1079 2641; x_wconf 90' lang='grc'>41,</span> <span class='ocrx_word' id='word_1_741' title='bbox 1099 2603 1130 2636; x_wconf 92' lang='grc'>6.</span> <span class='ocrx_word' id='word_1_742' title='bbox 1172 2615 1236 2636; x_wconf 82' lang='lat' dir='ltr'>vos</span> <span class='ocrx_word' id='word_1_743' title='bbox 1254 2605 1729 2645; x_wconf 57' lang='lat' dir='ltr'>hominihuspceleratissu·</span> 
     </span>
     <span class='ocr_line' id='line_1_54' title="bbox 212 2647 1730 2692; baseline 0.003 -15"><span class='ocrx_word' id='word_1_744' title='bbox 212 2647 279 2678; x_wconf 87' lang='lat' dir='ltr'>mis</span> <span class='ocrx_word' id='word_1_745' title='bbox 298 2648 504 2689; x_wconf 76' lang='lat' dir='ltr'>ignoscere,</span> <span class='ocrx_word' id='word_1_746' title='bbox 524 2648 693 2688; x_wconf 78' lang='lat' dir='ltr'>quonlam</span> <span class='ocrx_word' id='word_1_747' title='bbox 709 2647 807 2680; x_wconf 78' lang='lat' dir='ltr'>cives</span> <span class='ocrx_word' id='word_1_748' title='bbox 825 2650 918 2683; x_wconf 81' lang='lat' dir='ltr'>sunt.</span> <span class='ocrx_word' id='word_1_749' title='bbox 940 2658 1055 2690; x_wconf 84' lang='lat' dir='ltr'>aequo</span> <span class='ocrx_word' id='word_1_750' title='bbox 1074 2650 1192 2680; x_wconf 87' lang='lat' dir='ltr'>animo</span> <span class='ocrx_word' id='word_1_751' title='bbox 1210 2654 1356 2691; x_wconf 79' lang='lat' dir='ltr'>paterer</span> <span class='ocrx_word' id='word_1_752' title='bbox 1371 2650 1394 2681; x_wconf 91' lang='lat' dir='ltr'>J</span> <span class='ocrx_word' id='word_1_753' title='bbox 1407 2649 1526 2689; x_wconf 69' lang='lat'>31,-21.</span> <span class='ocrx_word' id='word_1_754' title='bbox 1561 2650 1730 2692; x_wconf 83' lang='lat' dir='ltr'>quoniam</span> 
     </span>
     <span class='ocr_line' id='line_1_55' title="bbox 213 2691 1727 2736; baseline 0.003 -14"><span class='ocrx_word' id='word_1_755' title='bbox 213 2691 354 2732; x_wconf 74' lang='lat' dir='ltr'>quide</span> <span class='ocrx_word' id='word_1_756' title='bbox 380 2709 425 2715; x_wconf 90' lang='lat'>—</span> <span class='ocrx_word' id='word_1_757' title='bbox 447 2702 627 2734; x_wconf 79' lang='lat' dir='ltr'>praeceps</span> <span class='ocrx_word' id='word_1_758' title='bbox 651 2703 757 2732; x_wconf 70' lang='lat' dir='ltr'>agor,</span> <span class='ocrx_word' id='word_1_759' title='bbox 790 2693 997 2725; x_wconf 88' lang='lat' dir='ltr'>incendium</span> <span class='ocrx_word' id='word_1_760' title='bbox 1029 2703 1145 2725; x_wconf 87' lang='lat' dir='ltr'>meum</span> <span class='ocrx_word' id='word_1_761' title='bbox 1176 2695 1281 2725; x_wconf 85' lang='lat' dir='ltr'>ruina</span> <span class='ocrx_word' id='word_1_762' title='bbox 1307 2694 1529 2736; x_wconf 76' lang='lat' dir='ltr'>restinguam</span> <span class='ocrx_word' id='word_1_763' title='bbox 1554 2694 1581 2727; x_wconf 83' lang='lat' dir='ltr'>C</span> <span class='ocrx_word' id='word_1_764' title='bbox 1606 2693 1667 2735; x_wconf 90' lang='lat'>31,</span> <span class='ocrx_word' id='word_1_765' title='bbox 1694 2694 1727 2727; x_wconf 87' lang='lat'>9.</span> 
     </span>
     <span class='ocr_line' id='line_1_56' title="bbox 214 2736 1726 2780; baseline 0.003 -13"><span class='ocrx_word' id='word_1_766' title='bbox 214 2741 314 2767; x_wconf 84' lang='lat' dir='ltr'>estne</span> <span class='ocrx_word' id='word_1_767' title='bbox 341 2736 471 2768; x_wconf 87' lang='lat' dir='ltr'>relicui</span> <span class='ocrx_word' id='word_1_768' title='bbox 497 2737 593 2769; x_wconf 87' lang='lat' dir='ltr'>aliud</span> <span class='ocrx_word' id='word_1_769' title='bbox 619 2738 686 2768; x_wconf 82' lang='lat'>—‘?</span> <span class='ocrx_word' id='word_1_770' title='bbox 712 2738 879 2779; x_wconf 89' lang='lat' dir='ltr'>quoniam</span> <span class='ocrx_word' id='word_1_771' title='bbox 911 2738 1055 2780; x_wconf 89' lang='lat' dir='ltr'>quidem</span> <span class='ocrx_word' id='word_1_772' title='bbox 1078 2748 1187 2770; x_wconf 89' lang='lat' dir='ltr'>unum</span> <span class='ocrx_word' id='word_1_773' title='bbox 1212 2739 1376 2770; x_wconf 84' lang='lat' dir='ltr'>omnibus</span> <span class='ocrx_word' id='word_1_774' title='bbox 1399 2742 1532 2771; x_wconf 82' lang='lat' dir='ltr'>natura</span> <span class='ocrx_word' id='word_1_775' title='bbox 1554 2739 1662 2771; x_wconf 90' lang='lat' dir='ltr'>finem</span> <span class='ocrx_word' id='word_1_776' title='bbox 1689 2756 1726 2762; x_wconf 89' lang='lat'>—</span> 
     </span>
     <span class='ocr_line' id='line_1_57' title="bbox 212 2781 1726 2825; baseline 0.003 -13"><span class='ocrx_word' id='word_1_777' title='bbox 212 2781 343 2812; x_wconf 86' lang='lat' dir='ltr'>statuit</span> <span class='ocrx_word' id='word_1_778' title='bbox 369 2782 400 2812; x_wconf 88' lang='lat' dir='ltr'>H</span> <span class='ocrx_word' id='word_1_779' title='bbox 418 2782 435 2813; x_wconf 90' lang='lat'>1</span> <span class='ocrx_word' id='word_1_780' title='bbox 452 2781 512 2821; x_wconf 88' lang='grc'>41,</span> <span class='ocrx_word' id='word_1_781' title='bbox 537 2782 587 2813; x_wconf 90' lang='grc'>15.</span> <span class='ocrx_word' id='word_1_782' title='bbox 629 2783 859 2814; x_wconf 84' lang='lat' dir='ltr'>omitteretne</span> <span class='ocrx_word' id='word_1_783' title='bbox 887 2783 1087 2825; x_wconf 86' lang='lat' dir='ltr'>inceptum,</span> <span class='ocrx_word' id='word_1_784' title='bbox 1115 2783 1280 2824; x_wconf 87' lang='lat' dir='ltr'>quoniam</span> <span class='ocrx_word' id='word_1_785' title='bbox 1306 2783 1441 2815; x_wconf 80' lang='lat' dir='ltr'>frustra</span> <span class='ocrx_word' id='word_1_786' title='bbox 1466 2787 1547 2815; x_wconf 86' lang='lat' dir='ltr'>erat</span> <span class='ocrx_word' id='word_1_787' title='bbox 1568 2785 1592 2816; x_wconf 88' lang='lat' dir='ltr'>J</span> <span class='ocrx_word' id='word_1_788' title='bbox 1615 2783 1676 2824; x_wconf 87' lang='lat'>93,</span> <span class='ocrx_word' id='word_1_789' title='bbox 1698 2783 1726 2816; x_wconf 91' lang='lat' dir='ltr'>l.</span> 
     </span>
     <span class='ocr_line' id='line_1_58' title="bbox 211 2824 1728 2870; baseline 0.003 -14"><span class='ocrx_word' id='word_1_790' title='bbox 211 2824 355 2857; x_wconf 84' lang='lat' dir='ltr'>litteras</span> <span class='ocrx_word' id='word_1_791' title='bbox 374 2826 499 2866; x_wconf 89' lang='lat' dir='ltr'>mittit,</span> <span class='ocrx_word' id='word_1_792' title='bbox 519 2837 570 2864; x_wconf 87' lang='lat' dir='ltr'>se,</span> <span class='ocrx_word' id='word_1_793' title='bbox 591 2827 758 2868; x_wconf 89' lang='lat' dir='ltr'>quoniam</span> <span class='ocrx_word' id='word_1_794' title='bbox 795 2846 799 2848; x_wconf 61' lang='lat'>&gt;</span> <span class='ocrx_word' id='word_1_795' title='bbox 839 2828 993 2859; x_wconf 83' lang='lat' dir='ltr'>factioni</span> <span class='ocrx_word' id='word_1_796' title='bbox 1011 2828 1181 2860; x_wconf 85' lang='lat' dir='ltr'>resistere</span> <span class='ocrx_word' id='word_1_797' title='bbox 1200 2828 1422 2870; x_wconf 88' lang='lat' dir='ltr'>nequiverit,</span> <span class='ocrx_word' id='word_1_798' title='bbox 1443 2828 1573 2861; x_wconf 85' lang='lat' dir='ltr'>cedere</span> <span class='ocrx_word' id='word_1_799' title='bbox 1591 2828 1618 2861; x_wconf 89' lang='lat' dir='ltr'>C</span> <span class='ocrx_word' id='word_1_800' title='bbox 1636 2827 1690 2867; x_wconf 87' lang='lat'>34,</span> <span class='ocrx_word' id='word_1_801' title='bbox 1707 2830 1728 2862; x_wconf 84' lang='lat'>2</span> 
     </span>
     <span class='ocr_line' id='line_1_59' title="bbox 211 2870 1725 2915; baseline 0.003 -14"><span class='ocrx_word' id='word_1_802' title='bbox 211 2873 297 2902; x_wconf 80' lang='lat' dir='ltr'>conl.</span> <span class='ocrx_word' id='word_1_803' title='bbox 324 2870 346 2902; x_wconf 94' lang='lat' dir='ltr'>J</span> <span class='ocrx_word' id='word_1_804' title='bbox 371 2870 433 2912; x_wconf 89' lang='grc'>32,</span> <span class='ocrx_word' id='word_1_805' title='bbox 459 2871 490 2903; x_wconf 89' lang='grc'>5.</span> <span class='ocrx_word' id='word_1_806' title='bbox 525 2871 587 2913; x_wconf 86' lang='grc'>35,</span> <span class='ocrx_word' id='word_1_807' title='bbox 603 2872 634 2903; x_wconf 88' lang='grc'>2.</span> <span class='ocrx_word' id='word_1_808' title='bbox 669 2871 728 2912; x_wconf 85' lang='grc'>50,</span> <span class='ocrx_word' id='word_1_809' title='bbox 750 2871 777 2903; x_wconf 96' lang='grc'>1.</span> <span class='ocrx_word' id='word_1_810' title='bbox 809 2871 889 2913; x_wconf 91' lang='grc'>107,</span> <span class='ocrx_word' id='word_1_811' title='bbox 907 2873 938 2904; x_wconf 89' lang='grc'>2.</span> <span class='ocrx_word' id='word_1_812' title='bbox 957 2873 987 2905; x_wconf 87' lang='grc'>4.</span> <span class='ocrx_word' id='word_1_813' title='bbox 1037 2873 1080 2904; x_wconf 86' lang='grc'>(10</span> <span class='ocrx_word' id='word_1_814' title='bbox 1104 2873 1182 2915; x_wconf 82' lang='lat' dir='ltr'>lug.</span> <span class='ocrx_word' id='word_1_815' title='bbox 1207 2873 1354 2905; x_wconf 88' lang='lat' dir='ltr'>interim</span> <span class='ocrx_word' id='word_1_816' title='bbox 1381 2873 1435 2905; x_wconf 85' lang='lat' dir='ltr'>uti</span> <span class='ocrx_word' id='word_1_817' title='bbox 1464 2873 1725 2915; x_wconf 81' lang='lat' dir='ltr'>consuleretur,</span> 
     </span>
    </p>
   </div>
  </div>
 </body>
</html>
