1838 3288
334 249 636 280 ms'roRlARvu
661 250 834 279 iucau'r.
868 251 1041 279 Llssuoa.
1070 251 1216 284 usam.
1249 245 1400 281 8-13,
1547 239 1626 280 125

215 350 240 391 8
273 350 352 404 [Kr.
377 353 390 389 Ι
414 355 471 389 78.
501 353 540 390 G.
568 354 597 389 V
625 350 700 404 12].
761 351 869 390 Serv.
901 352 949 391 ad
980 352 1096 402 Verg.
1127 354 1223 392 Aen.
1239 351 1332 392 ·vlll
1362 351 1465 391 725:
1496 353 1628 392 Carae

99 420 279 459 insulani
299 420 443 469 populi
463 419 636 467 suerunt
654 420 836 470 piratica
859 419 1012 467 famosi
1034 421 1128 459 victi
1153 431 1179 458 a
1198 420 1354 468 Minoe‘,
1384 425 1428 460 ul
1454 425 1494 460 et
1514 421 1627 460 Thu—

99 487 263 536 cydides
298 491 337 526 et
374 486 586 526 Sallustius
619 487 769 525 dicunt.
830 486 871 525 Si
909 486 1114 526 Sallustius
1152 486 1246 526 illud
1293 487 1343 526 ab
1383 487 1507 528 Thuc.
1546 488 1563 528 Ι
1598 489 1625 527 4
1650 532 1672 554 .

100 557 345 605 sumpserat,
384 554 576 604 suspicari
612 565 823 605 possumus
861 566 951 593 eum
988 553 1091 593 illius
1122 555 1180 594 rei
1211 554 1279 594 ubi
1314 556 1505 608 principia
1533 555 1625 595 belli

100 620 291 660 advorsus
330 620 552 672 praedones
587 622 819 660 maritumos
847 621 948 671 gesti
978 622 1173 660 enarravit
1201 623 1441 662 mentionem
1471 623 1623 670 fecisse,

100 692 144 728 ut
172 687 321 728 Kritzio
353 687 520 739 placuit,
551 693 626 728 nec
649 689 780 728 minus
807 701 924 735 vero,
956 688 1023 728 ubi
1044 688 1093 728 de
1113 688 1263 729 insulae
1290 689 1427 730 Cretae
1458 691 1625 743 antiqui-

98 760 178 796 tate
203 755 363 796 rettulit.

213 857 239 896 9
269 856 382 910 [Kr.1
405 861 479 895 109.
506 859 578 896 G.1
602 856 699 910 119].
730 857 905 897 Rumore
933 858 1096 910 primo..

213 935 355 968 Charis.
380 947 416 978 p.
442 935 527 968 216:
552 936 709 968 Rumore
726 936 843 979 primo
866 936 1048 969 Sallustius
1062 937 1279 969 historiarum
1299 935 1320 956 '¹‘
1334 938 1390 970 ubi
1405 938 1524 981 Asper
1548 941 1624 972 ‘non

98 982 161 1014 θεῖ’
185 983 293 1025 inquit
318 983 446 1014 ‘nomen
468 983 532 1014 sed
554 982 768 1014 adverbium'.
817 982 836 1014 I
860 981 1056 1014 Putschius
1083 981 1219 1014 adiecit
1243 983 1339 1014 omni
1364 982 1433 1015 fide
1459 994 1601 1017 carens.

216 1070 268 1111 10
299 1070 379 1124 [Kr.
401 1074 430 1110 11
448 1075 505 1110 39.
546 1073 586 1110 G.
608 1074 638 1110 Π
656 1071 734 1124 29].
799 1071 944 1112 Fessus
973 1073 1012 1111 in
1041 1071 1310 1124 Pamphyliam
1340 1084 1382 1112 se
1408 1079 1626 1124 receperat.

213 1149 315 1183 Serv.
350 1150 397 1182 ad
420 1151 531 1193 Verg.
563 1150 606 1182 A.
630 1150 721 1183 VIII
750 1149 834 1183 232:
863 1150 978 1191 fessus
1000 1163 1064 1189 —-‚·
1096 1160 1198 1192 eyens
1228 1151 1369 1183 consilii.
1425 1150 1624 1184 Sallustius.-

99 1195 237 1227 Fessus
261 1213 304 1218 —
329 1198 534 1238 receperat.
576 1196 663 1227 Nam
679 1206 826 1238 corpore
845 1196 1026 1238 fatigatum
1048 1196 1195 1233 dicimus,
1221 1199 1329 1228 animo
1350 1197 1488 1237 fessum,
1514 1208 1625 1240 quam-

97 1241 147 1273 vis
170 1241 234 1273 Ιιοο
255 1250 361 1282 saepe
385 1241 574 1281 confundat
597 1243 796 1273 auctoritas.
846 1241 902 1272 De
927 1241 1129 1283 piratarum
1157 1241 1250 1272 duce
1282 1241 1382 1273 dicta
1407 1242 1521 1274 fuisse
1548 1253 1624 1275 cre·

98 1285 212 1317 dibile
238 1287 313 1325 est3
338 1296 408 1318 nec
432 1295 580 1328 prorsus
603 1285 834 1328 inprobabile
859 1286 897 1317 id
920 1286 959 1317 in
982 1285 1080 1318 bello
1106 1286 1152 1318 ab
1177 1286 1218 1317 P.
1246 1286 1401 1318 Servilio
1427 1286 1493 1327 (fr.
1520 1287 1557 1319 II
1581 1286 1624 1320 31

100 1334 137 1362 et
160 1329 218 1371 32)
244 1330 382 1362 factum
408 1341 502 1371 esse,
528 1333 586 1363 set
609 1341 691 1363 cum
715 1341 833 1374 neque
859 1331 939 1373 quis
956 1330 1019 1363 ille
1036 1331 1107 1363 dux
1125 1331 1238 1363 fuerit
1263 1334 1417 1372 constet,
1445 1335 1482 1363 et
1504 1342 1625 1373 paene

99 1375 266 1408 omnibus
289 1375 395 1408 libris
419 1376 465 1408 de
489 1376 622 1419 piratis
645 1379 832 1409 narratum
857 1376 981 1416 fuerit,
1006 1386 1082 1408 rem
1106 1376 1231 1418 ntique
1256 1377 1294 1408 in
1310 1377 1451 1408 incerto
1468 1377 1627 1419 relinqui

98 1424 276 1463 praestat.

216 1501 257 1539 11
298 1498 378 1552 [Kr.
402 1502 431 1538 11
458 1504 511 1538 16.
542 1502 582 1538 G.
607 1503 636 1539 lI
659 1499 731 1553 19].
795 1499 980 1540 Narbone
1012 1512 1085 1552 per
1115 1500 1322 1540 concilium
1342 1500 1566 1540 Gallorum.

213 1578 365 1611 Cledon.
382 1590 416 1622 p.
438 1578 526 1611 1876
542 1579 583 1611 P.
609 1579 710 1611 Haut
727 1579 1007 1622 inprobabiliter
1023 1580 1070 1612 ad
1087 1590 1146 1611 res
1164 1579 1210 1612 ab
1225 1579 1399 1622 Pompeio
1418 1583 1503 1612 ante
1518 1590 1626 1623 quam

99 1624 137 1655 in
161 1624 381 1666 Hispaniam
406 1625 554 1656 transiit
576 1625 615 1656 in
642 1624 766 1657 Gallia
791 1628 916 1667 gestas
941 1625 1164 1657 referuntur.

214 1701 267 1741 12
297 1702 503 1755 [lit-,1142
535 1705 574 1741 G.
595 1705 639 1741 IV
661 1702 735 1755 11].
793 1703 965 1743 Primam
995 1704 1112 1743 modo
1143 1693 1346 1755 Iapudiam
1375 1705 1588 1755 ingressus.

212 1781 314 1814 Serv.
342 1781 388 1813 ad
412 1781 523 1824 Verg.
550 1782 593 1814 G.
620 1782 676 1813 ΙΙΙ
703 1781 789 1814 475:
820 1782 962 1823 Iapidia
991 1787 1043 1814 est
1065 1793 1150 1824 pars
1180 1783 1344 1815 Venetiae
1375 1784 1468 1815 dieta
1498 1783 1540 1815 ab
1566 1784 1625 1815 Ia-

94 1827 192 1869 pldt‘o
217 1827 357 1868 oppido.
405 1826 605 1858 Sallustius:
637 1827 791 1869 primam
816 1845 859 1850 —
882 1827 1081 1869 ingressus.
1131 1828 1290 1869 Iapudes
1315 1827 1389 1869 (sic
1414 1829 1511 1859 enim
1535 1829 1623 1860 scri-

101 1872 257 1904 bundum
282 1882 327 1903 ex
352 1871 460 1903 fastis
477 1871 770 1914 triumphalibus)
797 1875 943 1904 constat
960 1873 1061 1904 circa
1077 1872 1222 1904 Albium
1247 1876 1407 1905 montem
1431 1873 1622 1905 habitasse

97 1917 195 1949 inter
224 1917 407 1948 Liburnos
439 1919 477 1948 et
506 1917 619 1951 Istros
651 1917 698 1948 ad
719 1927 830 1950 ,mare
861 1917 1089 1949 Adriaticum
1122 1917 1277 1958 (Strabo
1310 1918 1359 1949 IV
1382 1916 1451 1949 276
1482 1921 1519 1949 et
1542 1918 1621 1950 284.

97 1962 169 1994 VII
193 1960 271 1994 432.
298 1961 378 1994 Liv.
404 1962 504 1993 XLV
528 1961 589 2003 5),
621 1964 731 2004 atque
763 1962 938 1994 advorsus
964 1972 1026 1994 eos
1050 1966 1275 2005 pugnantem
1300 1973 1334 2004 a.
1364 1961 1428 1993 129
1453 1963 1496 1995 G.
1523 1962 1622 1994 Sem-

98 2007 262 2049 pronium
287 2006 510 2038 Tuditanum
535 2007 650 2049 primo
683 2006 779 2039 male
803 2017 879 2038 rem
905 2007 1081 2050 gessisse,
1114 2011 1171 2038 set
1201 2011 1277 2039 tum
1308 2007 1444 2039 virtute
1469 2008 1515 2039 D.
1541 2008 1622 2039 Iuni

97 2052 202 2084 Bruti
227 2051 369 2084 cladem
394 2055 588 2094 acceptam
614 2052 868 2084 emendavisse
894 2052 1031 2094 (Fisch.
1058 2052 1134 2084 tab.
1162 2063 1195 2094 p.
1226 2051 1314 2093 143).
1364 2052 1403 2084 Si
1428 2063 1534 2095 quem
1560 2063 1619 2085 eo-

98 2107 188 2137 rnm,
214 2097 275 2139 qui
298 2096 541 2129 Macedoniae
566 2097 806 2139 praefuerunt
835 2107 902 2139 per
927 2107 972 2129 ea
1002 2100 1168 2139 tempora
1198 2097 1242 2129 (18
1268 2097 1401 2139 quibus
1427 2097 1622 2129 Sallustius

97 2143 271 2175 Historiis
295 2141 478 2180 narravit,
513 2152 594 2174 cum
626 2142 789 2174 exercitu
820 2142 1013 2184 Iapudiam
1037 2142 1242 2184 ingressum
1269 2152 1350 2174 esse
1376 2152 1547 2182 censeas,
1578 2143 1623 2174 de

97 2187 196 2220 nullo
223 2187 294 2219 alio
320 2187 474 2230 cogitari
498 2186 597 2227 licet,
622 2187 694 2219 nisi
718 2187 762 2219 de
790 2187 832 2220 G.
860 2187 1051 2219 Scribonio
1077 2187 1233 2219 Curione
1267 2186 1332 2229 (fr.
1358 2187 1395 2219 II
1411 2186 1475 2219 ⁷33.
1507 2188 1564 2219 111
1589 2188 1620 2219 7.

97 2232 129 2264 8.
147 2232 181 2272 9,
208 2232 374 2275 quamvis
400 2242 481 2264 eum
506 2232 624 2275 magis
649 2233 930 2274 septemtriones
954 2242 1080 2265 vorsus
1106 2243 1212 2274 quam
1239 2232 1285 2264 ad
1303 2232 1543 2264 Occidentem
1562 2243 1623 2264 ex-
1648 2233 1650 2235 ’

97 2277 321 2320 peditionem
346 2277 496 2316 fecisse,
523 2287 616 2319 quae
641 2277 778 2309 tradita
795 2281 891 2318 sunt,
917 2277 1130 2317 ostendant;
1157 2277 1224 2309 cfr.
1243 2278 1406 2309 Momms.
1426 2278 1482 2309 III
1499 2289 1533 2320 p.
1551 2277 1622 2319 35),

96 2325 137 2354 ut
161 2326 237 2354 tum
260 2322 440 2354 incertum
465 2323 514 2354 sit
537 2325 655 2354 utrum
679 2323 718 2354 in
743 2323 903 2355 secundo
921 2333 969 2355 an
992 2323 1102 2354 tertio
1127 2322 1220 2354 libro
1244 2323 1359 2355 verba
1382 2322 1447 2354 illa
1473 2323 1620 2355 fuerint.

98 2368 327 2410 Quamquam
353 2377 434 2399 cum
459 2367 503 2399 de
527 2368 698 2399 Danubio
724 2371 761 2399 et
785 2368 996 2410 regionibus
1015 2367 1270 2400 adiacentibus
1288 2367 1483 2400 Sallustius
1501 2368 1622 2410 copio-

97 2413 171 2445 sius
196 2412 408 2455 exposuisse
433 2412 622 2453 videatur,
654 2413 693 2444 in
721 2423 767 2445 ea
790 2416 894 2455 parte
920 2413 965 2444 de
989 2412 1145 2455 Iapudia
1169 2412 1486 2455 superioribusque
1512 2413 1622 2445 rebus

98 2458 136 2490 in
161 2468 208 2490 ea
223 2457 373 2500 regione
399 2457 514 2500 gestis
532 2468 612 2490 eum
629 2458 765 2490 dixisse
781 2468 854 2490 non
878 2458 926 2490 ab
950 2458 1047 2490 omni
1072 2458 1196 2500 specie
1219 2458 1297 2491 veri
1322 2457 1505 2490 abhorret.
1545 2457 1621 2490 Cfr.

101 2503 144 2535 fr.
170 2503 242 2535 inc.
268 2503 324 2535 72.

216 2580 265 2621 13
298 2580 378 2634 [Kr.
401 2583 430 2620 11
447 2586 504 2620 43.
526 2583 566 2620 G.
591 2584 659 2622 inc.
682 2581 760 2635 56].
787 2582 906 2622 Proh.
937 2594 976 2634 p.
1007 2582 1107 2623 120:
1135 2582 1294 2621 Lectum
1322 2586 1380 2620 est
1408 2580 1550 2620 Stobos
1581 2583 1621 2620 in

99 2649 304 2698 Sallustio,
334 2661 499 2689 numero
525 2661 682 2700 semper
699 2653 874 2700 plurali,
906 2652 970 2690 ‘Izi
995 2649 1126 2698 Stobi'‚
1153 2661 1292 2689 nomen
1320 2651 1500 2688 civitates.
1533 2648 1621 2687 Sto-

98 2715 192 2762 bos,
232 2716 481 2757 Macedoniae
510 2717 699 2768 oppidum
737 2718 787 2757 ad
814 2718 913 2758 fines
941 2718 1135 2758 Paeoniae
1174 2715 1323 2767 (Strab.
1355 2714 1422 2755 Vll
1452 2716 1533 2755 454
1570 2715 1621 2757 fr,

98 2784 145 2827 4;
175 2783 259 2823 vlll
281 2785 390 2837 551),
422 2784 679 2836 conpluribus
708 2785 804 2825 locis
832 2786 1120 2825 conmemorari
1146 2785 1330 2835 potuisse,
1358 2796 1448 2822 cum
1479 2783 1528 2822 de
1556 2795 1620 2823 re-

98 2850 173 2890 bus
199 2852 237 2890 in
271 2851 497 2892 Macedonia
527 2854 646 2904 gestis
680 2858 864 2905 quattuor
901 2853 1101 2903 prioribus
1130 2851 1240 2890 libris
1275 2855 1504 2891 enarratum
1534 2851 1620 2891 fue-

98 2918 169 2963 rit,
199 2929 317 2958 nemo
341 2919 511 2970 negabit.
