1826 3282
195 226 249 268 72
596 236 894 264 msromAavM
925 237 1009 263 Lm.
1042 237 1093 262 111
1122 231 1299 267 36-38,

197 341 393 381 acciperent
418 336 638 376 conrexisse‚
667 346 711 368 ex
737 337 791 368 eis
818 345 911 377 quae
937 335 1085 369 Servius
1109 337 1248 369 monuit
1272 336 1354 368 luce
1381 335 1517 369 clarius
1541 339 1608 369 est.
1649 335 1717 369 Ce-

197 389 315 417 terum
345 382 492 414 Keilius
517 381 773 413 thensaurorum
803 381 841 412 in
871 381 977 414 libris
1000 381 1164 415 Charisii
1194 382 1338 414 videtur
1361 381 1558 414 invenisse.
1606 381 1718 413 Deni-

199 440 268 471 que
287 438 367 459 cum
385 425 590 478 Lucullum,
616 428 808 467 postquam
833 436 983 468 regnum
1007 427 1200 459 Ponticum
1225 427 1412 470 ingressus
1437 429 1511 467 est,
1537 425 1719 458 dimisisse

200 473 259 514 qui
285 483 341 514 sp
331 471 404 502 ¹trsi
422 467 591 512 regiones
609 470 872 512 popularentur
889 474 926 503 et
944 470 1100 504 castella
1119 472 1384 513 obpugnarent,
1412 473 1557 503 constet
1580 470 1718 511 (Drum.

199 518 249 549 IV
273 528 307 558 p.
329 514 418 556 134),
446 525 510 546 cur
535 514 694 549 Charisii
719 515 797 547 cod.
823 515 929 547 fidem
953 519 1133 558 negantes
1165 516 1259 548 haec
1282 519 1410 557 quarto
1434 515 1526 547 libro
1553 515 1722 558 adsigne-

200 572 289 599 mus,
317 570 484 592 caussam
502 560 671 592 idoneam
688 570 761 592 non
785 560 906 602 video,
932 561 1152 603 praesertim
1178 571 1259 593 cum
1283 561 1338 593 lib.
1357 561 1434 593 IIII
1450 561 1666 593 historiarum
1681 560 1720 592 in

202 606 257 638 ed.
283 605 467 637 Lioniana
493 604 597 636 Servi
622 604 752 637 desint.

316 683 369 723 36
402 683 481 737 [Kr.
504 688 559 721 41.
592 685 630 722 G.
653 683 731 736 60].
781 684 956 730 Quarum
985 696 1103 724 unam
1130 685 1336 736 epistulam
1367 685 1467 724 forte
1499 697 1587 724 cum
1609 695 1722 725 servo

202 752 333 791 nancti
363 750 618 802 praedatores
648 750 841 790 Valeriani
870 752 1078 802 scorpione
1108 753 1147 791 in
1179 756 1304 792 castra
1336 753 1490 791 misere.

316 830 407 861 Non.
434 840 469 871 p.
496 828 580 862 380:
611 831 748 871 scorpio
774 833 825 861 est
847 840 951 871 yenus
975 832 1049 867 teli,
1082 831 1145 862 ubi
1177 830 1262 862 libri
1293 830 1467 862 exhibent
1489 840 1557 861 una
1580 830 1725 871 epistula
1748 852 1751 853 ν

205 878 242 907 et
265 878 494 916 scorpionem,
522 884 615 916 quae
639 874 847 906 iamdudum
871 875 998 907 Iunius
1024 875 1244 907 emendavit.
1292 876 1471 907 Valeriani
1485 875 1572 916 quin
1589 874 1726 906 fuerint

205 919 339 951 milites
366 920 407 950 L.
433 919 559 951 Valeri
583 919 732 959 Flacci,
761 919 822 960 qui
846 919 938 951 duce
965 920 1010 951 ab
1035 920 1198 951 Fimbria
1223 920 1421 952 interfecto
1446 922 1577 961 postea
1600 918 1725 951 Sullae

207 975 245 997 se
271 964 443 996 dedidere
470 966 506 995 et
530 965 569 995 in
593 964 740 996 Luculli
766 964 930 995 exercitu
954 964 1140 1006 stipendia
1166 974 1343 1004 meruere,
1368 965 1431 996 vix
1449 964 1610 996 dubitari
1625 963 1726 996 vide-

206 1014 264 1042 tur
288 1019 394 1051 posse
421 1009 506 1047 (vid.
534 1009 577 1040 fr.
603 1009 639 1040 ΙΙ
663 1007 717 1040 49.
751 1009 876 1040 Drum.
903 1009 954 1040 IV
978 1020 1013 1051 p.
1043 1008 1132 1050 127).
1182 1009 1252 1048 Qui
1278 1019 1360 1041 cum
1385 1008 1591 1051 epistulam,
1619 1018 1727 1050 quam

207 1055 304 1096 apud
329 1063 471 1086 servum
497 1056 645 1095 captum
670 1054 904 1093 invenerant,
939 1054 1129 1095 scorpione
1160 1053 1198 1085 in
1230 1057 1353 1085 castra
1377 1054 1519 1085 misisse
1545 1053 1725 1092 dicuntur,

206 1109 278 1130 non
302 1101 454 1140 possunt
477 1098 550 1130 nisi
574 1098 744 1137 hostium,
771 1108 858 1141 ergo
883 1098 1105 1130 Mithridatis
1132 1101 1256 1131 ca‘stra
1281 1099 1447 1141 cogitari.
1490 1097 1580 1130 Cum
1605 1100 1727 1130 autem

209 1143 369 1186 epistula
394 1143 602 1185 intercepta
626 1143 664 1174 in
688 1143 846 1175 hostium
873 1146 996 1175 castra
1021 1143 1193 1183 mittitur,
1227 1143 1366 1185 duplici
1398 1142 1548 1175 consilio
1580 1142 1618 1174 id
1649 1141 1730 1174 fieri

207 1191 347 1231 potest,
375 1191 437 1219 aut
461 1190 501 1219 ut
525 1187 651 1219 hostes
676 1187 721 1220 de
745 1188 954 1229 proditione
974 1188 1217 1227 edoceantur,
1246 1191 1308 1220 aut
1330 1190 1371 1219 ut
1396 1187 1551 1220 consilia
1576 1197 1642 1219 sua
1669 1197 1727 1219 co-

209 1233 314 1275 gnita
340 1236 377 1264 et
401 1233 581 1264 frustrata
613 1242 693 1264 esse
720 1232 948 1274 conperiant.
998 1232 1101 1273 Quod
1127 1233 1158 1264 si
1181 1232 1373 1264 Valeriani
1404 1232 1460 1264 illi
1486 1231 1681 1275 epistulam
1707 1240 1730 1263 a

209 1277 391 1320 proditore
419 1277 465 1309 ad
491 1277 737 1319 inperatorem
762 1287 864 1308 suum
888 1277 1036 1309 missam
1061 1278 1252 1320 scorpione
1277 1278 1316 1309 in
1339 1277 1499 1309 hostium
1524 1280 1649 1309 castra
1673 1286 1728 1308 re-

209 1322 414 1363 misissent,
448 1322 520 1363 ipsi
551 1321 681 1363 perfidi
711 1322 879 1354 fuissent.
929 1322 967 1353 Si
1001 1322 1047 1354 ad
1079 1323 1324 1364 inperatorem
1355 1321 1591 1362 detulissent,
1627 1323 1730 1353 certa

211 1367 377 1410 praemia
403 1367 648 1408 accepissent,
677 1376 769 1408 quae
796 1367 842 1398 ab
867 1366 1032 1399 hostibus
1058 1367 1088 1399 si
1114 1377 1246 1409 capere
1271 1367 1490 1406 voluissent,
1524 1365 1599 1398 alia
1634 1366 1729 1397 ratio

212 1412 383 1444 mittundi
414 1411 574 1449 ineunda
607 1411 688 1443 fuit.
746 1411 827 1450 Qua
850 1421 889 1443 re
923 1411 1013 1443 mihi
1035 1412 1114 1444 veri
1139 1411 1316 1444 dissimile
1343 1412 1503 1450 videtur,
1540 1410 1634 1452 quod
1667 1420 1729 1442 au-

213 1460 312 1489 ctore
337 1456 537 1488 Debrossio
556 1455 774 1488 Gerlachius
799 1457 955 1496 censuit,
981 1456 1079 1488 hanc
1104 1467 1181 1489 rem
1206 1457 1344 1488 factam
1371 1466 1464 1497 esse,
1491 1465 1572 1487 cum
1591 1457 1632 1487 L.
1652 1455 1730 1486 Ma-

212 1501 293 1544 gius
311 1500 474 1542 perfida'
465 1511 503 1532 1n
518 1500 771 1532 Mithridatem
785 1500 946 1533 consilia
962 1501 1106 1533 iniisset
1129 1500 1233 1543 (App.
1250 1501 1286 1533 b.
1303 1501 1352 1532 M.
1376 1501 1420 1532 72
1435 1511 1469 1543 p.
1486 1499 1589 1541 381).
1613 1499 1730 1532 Credo

212 1546 332 1589 potius
359 1544 555 1587 epistulam
581 1545 626 1577 ab
651 1545 868 1578 Mithridate
894 1539 1037 1583 datam,
1072 1556 1142 1588 qua
1165 1546 1227 1578 vel
1253 1545 1392 1578 auxilia
1402 1545 1476 1578 vel
1502 1547 1732 1578 conmeatum

215 1591 261 1623 ad
286 1601 325 1622 se
353 1590 486 1622 adduci
517 1590 704 1631 iussisset,
738 1591 980 1632 interceptam
1010 1592 1049 1622 in
1081 1591 1159 1623 eius
1192 1593 1315 1622 castra
1346 1591 1496 1623 missam
1527 1600 1629 1630 esse,
1663 1599 1732 1631 quo

215 1636 330 1667 omnis
364 1635 441 1667 eius
473 1645 557 1677 spes
589 1635 706 1667 falsas
739 1645 820 1667 esse
852 1639 1072 1667 moneretur.
1129 1635 1232 1675 Quod
1256 1635 1476 1667 Valerianos
1509 1634 1655 1677 quidem
1679 1634 1732 1666 iu-

213 1681 323 1712 bente
349 1680 420 1756 velD
434 1679 661 1712 concedente
687 1679 840 1712 Lucullo
873 1680 1007 1712 fecisse
1039 1690 1109 1722 quo
1133 1680 1251 1712 minus
1276 1683 1499 1720 statuamus,
1531 1679 1646 1712 verba
1668 1689 1736 1722 per

214 1735 253 1757 se
277 1735 351 1757 non
375 1735 395 1757 o
425 1727 534 1757 stant.

328 1803 381 1842 37
414 1803 500 1856 [Kr.
528 1807 583 1840 39.
625 1805 664 1841 G.
685 1802 768 1855 48].
837 1804 886 1842 At
916 1803 1064 1854 Oppius
1096 1807 1302 1854 postquam
1341 1815 1458 1842 orans
1494 1802 1588 1845 nihil
1617 1802 1736 1853 profi-

216 1871 364 1915 ciebat,
404 1871 537 1909 timide
575 1874 681 1909 veste
716 1874 862 1909 tectum
897 1871 1109 1921 pugionem
1148 1871 1331 1922 expedire
1366 1874 1528 1909 conatus
1567 1883 1588 1910 a
1628 1869 1738 1909 Cotta

215 1938 449 1989 Vulscioque
476 1938 684 1988 inpeditur.

328 2016 421 2049 Non.
447 2027 482 2058 p.
508 2015 572 2049 381
606 2017 708 2059 puyz‘o
740 2020 792 2048 est
820 2017 954 2058 gladius
978 2015 1104 2053 brevis,
1138 2015 1202 2046 ubi
1233 2025 1306 2047 una
1337 2015 1500 2048 varietas
1533 2015 1579 2047 ab
1604 2014 1738 2047 Rothio

218 2061 396 2093 adnotata
427 2063 501 2093 est:
539 2062 721 2103 Vulcioque
745 2062 813 2093 Lm
839 2060 868 2092 1.
917 2061 972 2092 De
1005 2071 1044 2092 re
1075 2060 1167 2105 satis
1201 2063 1257 2092 est
1288 2060 1447 2092 lectores
1480 2060 1527 2092 ad
1557 2060 1682 2092 Drum.
1707 2059 1739 2091 V

216 2117 250 2148 p
283 2104 349 2138 343
381 2108 417 2138 et
448 2105 524 2138 Cic.
558 2106 601 2137 fr.
637 2116 681 2147 ap
685 2105 732 2136 ud
765 2105 917 2145 Quintil.
949 2105 980 2137 V
1013 2102 1078 2143 10,
1106 2104 1149 2137 69
1182 2104 1269 2146 (cfr.
1302 2105 1369 2147 Op.
1406 2104 1462 2138 ed.
1490 2104 1602 2137 Orell.
1635 2098 1687 2138 IV
1717 2103 1739 2135 2

216 2162 250 2193 p.
277 2150 357 2191 444)
382 2150 568 2182 remittere
595 2117 681 2190 (setp
688 2145 772 2182 vide
798 2150 844 2182 ad
868 2149 940 2192 38).

331 2228 417 2267 *38
450 2228 529 2280 [Kr.
555 2233 610 2266 40.
639 2231 677 2266 G.
699 2227 776 2281 49].
837 2228 887 2268 Se
919 2230 1001 2268 eius
1031 2240 1150 2279 opera
1176 2241 1255 2267 non
1289 2241 1452 2268 usurum
1493 2240 1661 2280 eumque
1691 2227 1739 2267 ab
1770 2251 1782 2263 .

218 2297 336 2336 armis
369 2295 533 2335 dimittit.

331 2374 432 2407 Serv.
461 2374 506 2405 ad
530 2374 638 2416 Verg.
665 2373 707 2405 A.
732 2374 804 2406 XII
828 2373 911 2406 844:
947 2376 1134 2407 ‘Dz‘mittere
1159 2374 1201 2407 ab
1226 2376 1365 2407 armis':
1386 2384 1455 2416 per
1477 2375 1655 2412 transitum
1680 2371 1742 2415 [an

218 2417 520 2461 translationem?]
554 2420 719 2451 historiae
744 2430 822 2452 usus
846 2423 897 2452 est
921 2420 1042 2454 verbis.
1092 2420 1176 2452 Nam
1203 2422 1260 2463 qui
1282 2420 1324 2452 ab
1348 2420 1503 2452 emer-citu
1526 2421 1740 2456 relaxantur,

220 2465 261 2497 ab
287 2466 388 2496 armis
413 2465 569 2496 dicuntur
594 2465 725 2496 dimitti.
775 2463 954 2497 Sallustius
978 2466 1020 2497 de
1045 2465 1162 2507 Appio
1189 2463 1244 2506 [R.
1262 2466 1352 2506 opio,
1377 2465 1462 2496 Vos.
1489 2464 1603 2506 opido.
1645 2463 1742 2503 Quin

222 2509 330 2551 Oppio
357 2508 616 2550 conrigendum
642 2509 705 2549 sit,
739 2509 887 2541 dubium
911 2519 984 2541 non
1009 2508 1103 2551 est],
1136 2510 1193 2541 ubi
1221 2520 1292 2541 eum
1328 2510 1426 2542 Cotta
1455 2509 1490 2540 in
1521 2510 1676 2541 contione
1701 2507 1742 2540 ab

221 2556 377 2588 exercitu
400 2554 490 2595 cogit
514 2553 715 2591 abscedere,
748 2555 831 2586 dicit
863 2564 901 2586 se
929 2554 1006 2586 eius
1031 2564 1143 2596 opera
1167 2564 1239 2586 non
1263 2563 1411 2586 usurum
1435 2563 1587 2594 eumque
1614 2552 1660 2584 ab
1687 2561 1742 2584 ar—

221 2600 289 2631 mis
314 2598 473 2631 dimittit.
515 2598 587 2630 Aut
603 2598 750 2631 Servius
767 2598 882 2631 verba
906 2599 1095 2640 scriptoris
1111 2609 1239 2641 parum
1263 2598 1462 2640 diligenter
1485 2597 1638 2637 rettulit,
1666 2599 1742 2637 aut,

221 2645 258 2676 id
284 2644 378 2686 quod
401 2643 490 2675 mihi
515 2643 658 2685 quidem
675 2644 754 2675 veri
771 2643 923 2675 similius
940 2643 1095 2684 videtur,
1121 2643 1169 2675 M.
1188 2643 1358 2676 Aurelius
1377 2642 1486 2674 Cotta
1503 2642 1541 2673 in
1559 2642 1742 2682 contione,

224 2690 396 2731 quoniam
421 2687 607 2720 diffideret
630 2688 671 2720 P.
699 2687 835 2730 Oppio,
863 2698 902 2720 se
928 2688 1005 2720 eius
1031 2698 1143 2730 opera
1166 2698 1239 2720 non
1262 2697 1408 2719 usurum
1435 2696 1587 2728 eumque
1613 2686 1659 2718 ab
1686 2697 1742 2719 ar·

223 2735 291 2767 mis
317 2733 499 2766 dimittere
526 2732 793 2774 declaraverat,
820 2736 895 2764 tum
919 2733 1063 2785 demum
1081 2742 1173 2775 quae
1199 2732 1242 2764 fr.
1262 2731 1303 2764 37
1329 2734 1492 2772 narrata,
1519 2732 1622 2764 facta
1647 2733 1742 2779 sunt.

337 2812 427 2844 Cum
445 2811 655 2844 Sallustium
681 2812 725 2844 de
750 2811 858 2844 Ponti
874 2811 1007 2844 Euxini
1029 2813 1279 2852 terrarumque
1305 2820 1386 2843 eum
1403 2809 1654 2842 adiacentium
1671 2809 1744 2841 situ

225 2861 261 2888 et
285 2860 417 2889 natura
441 2856 533 2889 libro
557 2857 613 2889 111
639 2856 850 2899 exposuisse
877 2857 988 2888 certis
1012 2856 1230 2888 testimoniis
1257 2857 1412 2895 constet,
1438 2854 1560 2887 omnia
1585 2863 1678 2896 quae
1698 2853 1744 2886 ad

224 2911 303 2932 eam
328 2912 403 2934 rem
427 2901 612 2945 pertinent
637 2905 700 2934 aut
723 2902 894 2934 videntur
916 2901 1123 2944 pertinere,
1150 2900 1348 2933 coniuncta
1373 2898 1578 2932 exhibenda
1602 2899 1742 2941 putavi,
