1826 3282
546 260 847 288 HISTORIARVM
879 261 962 287 me.
989 261 1022 287 11
1050 254 1108 291 38.
1127 253 1187 291 39.
1572 246 1626 287 43

104 358 158 391 ita
182 359 356 402 scriptum
383 363 450 400 est,
476 363 516 392 ut
539 360 578 392 in
603 361 760 394 advorsa
775 372 810 403 p.
839 361 884 393 ab
910 360 1058 393 sinistra
1081 360 1256 402 reliquias
1280 360 1460 393 linearum
1476 359 1627 399 habeat,

105 415 128 436 a
151 404 280 436 dextra
304 405 445 447 plenas,
471 406 631 448 itemque
655 406 693 437 in
719 416 852 438 avorsa
877 416 899 437 a
924 406 1074 438 sinistra
1098 406 1292 448 pleniores,
1321 416 1343 438 a
1367 405 1495 438 dextra
1518 406 1627 437 initia

102 448 293 490 linearum,
322 450 486 482 codicem
510 451 564 483 ita
588 450 761 492 seriptum
779 450 893 482 fuisse
912 451 1077 492 adparet,
1104 454 1143 482 ut
1158 451 1265 482 binas
1286 451 1422 493 pagina
1440 450 1628 483 columnas

103 493 270 527 haberet.
311 495 402 527 Cum
427 496 522 527 enim
548 495 617 527 col.
643 496 695 527 IV
720 495 909 527 contineat
933 496 1077 527 initium
1102 496 1279 528 orationis
1297 495 1442 535 Cottae,
1467 495 1499 527 si
1523 495 1591 528 col.
1611 496 1627 527 Ι

46 574 50 577 ,
105 539 139 571 ei
165 550 296 572 avorsa
321 540 470 579 fuisset,
503 540 656 573 deberet
688 540 766 573 eius
791 540 1103 573 continuationem
1128 541 1335 581 continere,
1361 540 1456 584 quod
1479 551 1552 573 non
1575 541 1629 573 ita

104 593 184 617 esse
210 585 328 626 quivis
352 585 462 618 videt.
1330 597 1354 606 ··

217 662 284 703 38.
339 662 523 715 Palimps.
553 663 678 703 Tolet.
713 664 785 703 col.
818 663 846 703 1.
1466 702 1471 706 .

445 732 605 769 sERAT
1420 713 1491 778 d?

441 798 627 832 SPEOTA

441 862 468 893 L
532 861 584 893 IN

438 911 470 954 R
504 921 638 955 TDffir

304 983 326 1016 5
443 983 592 1025 :TASQ·

446 1047 589 1087 2UOR³

444 1108 606 1141 DARET

441 1171 603 1203 TAERO
640 1192 649 1198 ⁸

354 1260 362 1270 ,
437 1231 577 1264 ETUM

308 1292 348 1325 10
439 1293 606 1342 1¹01)qu

440 1355 568 1387 *iRllu

103 1447 139 1474 ·.·
160 1419 188 1454 .³
189 1446 342 1455 ......
362 1422 475 1456 uerat
492 1448 870 1456 ..............
895 1422 1028 1469 specta
1046 1449 1429 1460 ..............
1456 1420 1510 1460 illi
1540 1423 1578 1461 in

102 1514 110 1521 .
129 1514 138 1522 .
154 1475 173 1523 ’Ϊ
187 1514 340 1524 ......
357 1490 419 1524 rat
448 1485 536 1525 dein
570 1515 863 1525 ...........
890 1491 1028 1538 tasque
1045 1517 1432 1527 ..............
1458 1502 1626 1540 quorum

102 1582 337 1591 .........
357 1553 429 1592 (lae
460 1557 953 1593 et.............tae
983 1561 1607 1595 ro..............etum.

213 1631 367 1664 Relicua
391 1632 516 1674 legere
540 1642 597 1663 me
623 1642 730 1674 posse
755 1632 961 1674 desperavi,
987 1636 1055 1665 nee
1080 1635 1198 1676 magis
1225 1645 1268 1667 ex
1286 1638 1360 1667 tam
1379 1635 1521 1678 exiguis
1545 1646 1625 1678 par—

99 1675 224 1708 ticulis
248 1677 431 1720 integram
456 1677 677 1709 sententiam
703 1676 864 1710 efficere.

163 1798 172 1805 ,
213 1756 267 1795 39
299 1755 390 1808 [Kn
402 1762 459 1793 47.
491 1759 530 1794 G.
554 1755 653 1808 101].
702 1755 885 1808 Palimps.
915 1756 998 1796 Tol.
1031 1749 1117 1796 eol(
1137 1758 1183 1797 Π,

403 1828 730 1869 PQLENTULUS
738 1829 938 1861 MARCEL

438 1890 1004 1937 FODEMACTOREQUAEST

385 1963 389 1966 ·
436 1953 487 1985 IN
501 1952 910 1985 NOUAMPROVINCI
967 1961 975 1967 ⁸

438 2014 951 2047 CURENASMISSUSESTC

321 2076 343 2108 5
433 2076 499 2108 EA
508 2075 959 2109 nxOnTUIREGflsAbi
971 2077 992 2109 C

435 2137 946 2171 TESTAMENTONOBISD

435 2199 720 2233 PRUDENTIO
725 2201 787 2232 RE
797 2201 936 2241 QUAM

434 2262 971 2304 PERGENTISETMINUSG·

434 2323 954 2358 RIAEAUIDHMPERIOC(

231 2419 234 2421 .
302 2384 344 2417 10
433 2385 976 2419 NENDAFUITPRAETERr

434 2447 875 2481 UERSORUMORDINQ

160 2555 165 2559 .
211 2515 452 2567 Publiusque
481 2515 672 2555 Lentulus
699 2515 951 2557 Marcellinus
988 2518 1128 2558 eodem
1165 2527 1327 2560 auctore
1365 2528 1548 2572 quaestor
1583 2523 1619 2561 in

67 2586 71 2589 '
96 2594 235 2621 novam
257 2584 499 2633 provinciam
526 2582 700 2622 Gurenas
726 2585 868 2624 missus
894 2590 952 2624 est
980 2587 1088 2635 quod
1107 2600 1151 2626 ea
1172 2589 1317 2626 mortui
1340 2590 1443 2639 regis
1464 2589 1621 2639 Apionis

96 2654 328 2689 testamento
358 2650 472 2689 nobis
498 2651 593 2690 dala
624 2651 878 2702 prudentiore
909 2665 1026 2704 quam
1051 2657 1142 2693 illas
1172 2667 1243 2706 per
1270 2656 1395 2705 gentis
1425 2660 1463 2693 et
1491 2657 1621 2695 minus

94 2718 240 2767 gloriae
258 2718 358 2757 avidi
378 2719 530 2768 inperio
550 2719 785 2758 continenda
807 2719 890 2759 suit.
931 2720 1144 2759 Praeterea
1165 2723 1415 2760 divorsorum
1438 2723 1617 2762 ordinum

206 2796 347 2828 Lineae
375 2795 414 2827 ll
440 2796 647 2828 litterarum
671 2797 869 2829 inferiores
893 2801 1018 2839 partes
1036 2808 1171 2829 exesae
1196 2803 1290 2837 sunt.
1340 2799 1435 2832 Illud
1459 2811 1532 2832 nou
1555 2812 1618 2834 ne-

94 2839 326 2882 glegendum,
353 2852 397 2873 ex
413 2841 563 2873 relicuis
581 2842 771 2883 particulis
789 2842 870 2874 folii
887 2843 1072 2883 cognosci,
1099 2842 1217 2874 lineas
1241 2853 1313 2875 non
1337 2855 1485 2886 prorsus
1509 2857 1618 2888 pares

94 2885 220 2917 fuisse.
245 2903 291 2908 —
317 2885 346 2917 l.
373 2886 402 2917 P
426 2886 594 2917 Pertzius
618 2897 683 2928 pro
707 2886 932 2928 paragraphi
957 2886 1062 2927 signo
1088 2887 1216 2918 habuit
1241 2891 1278 2919 et
1303 2888 1394 2930 legit
1427 2889 1464 2929 Q.
1490 2891 1617 2923 Lentu-

94 2932 144 2961 lus
169 2929 329 2963 Marcelli
348 2931 376 2965 s.
426 2931 628 2974 Publiusque
652 2932 815 2963 Lentulus
839 2931 1061 2965 ,Marcellinus
1085 2931 1248 2965 Momms.
1268 2944 1303 2976 p.
1333 2933 1406 2966 197.
1438 2935 1618 2982 Kreyssig
