1826 3282
230 238 285 277 96
509 261 513 265 -
658 247 957 275 msrofflARvM
987 248 1072 274 ΜΒ.
1103 248 1147 275 1v
1177 241 1332 277 8—11.

227 348 399 388 fufitivis:
424 346 461 376 in
479 345 573 378 silva
592 345 668 377 Sila
686 346 833 377 fuerunt
859 344 916 388 [αἱ.
943 346 1141 389 fugerunt].
1186 348 1278 379 Vide
1294 358 1380 380 num
1397 347 1628 381 scribundum
1653 349 1700 381 sit
1715 353 1748 382 iu

229 394 341 423 silvam
366 391 469 422 Silam
489 390 662 431 fuyerunt.
714 391 941 432 Spartacum,
968 401 1048 423 cum
1073 392 1278 434 superiores
1305 403 1384 424 esse
1411 393 1536 426 Crassi
1554 394 1678 439 copias
1695 395 1750 426 in-

230 436 443 472 tellexisset,
471 435 508 466 in
534 437 731 466 extremum
757 435 936 467 Bruttium
962 436 1121 478 fugisse,
1146 437 1241 468 unde
1266 437 1304 468 in
1329 437 1493 470 Siciliam
1517 439 1748 480 transiceret,

232 482 374 511 constat
391 479 500 520 (Plut.
517 479 639 511 Crass.
657 479 709 511 10.
728 480 820 522 App.
840 480 874 512 b.
895 491 926 512 c.
945 482 962 513 I
983 480 1046 512 118
1063 493 1097 523 p.
1114 481 1191 514 533.
1217 482 1315 514 Flor.
1334 483 1367 514 11
1380 482 1413 522 8,
1431 483 1482 515 12.
1509 484 1634 515 Drum.
1651 483 1674 516 l.
1687 484 1749 525 e.)-

344 556 366 596 8
398 556 477 609 [Kr.
503 562 558 595 29.
589 559 627 596 G.
654 557 703 610 1].
768 558 894 603 Dolia,
935 572 1034 610 (piae
1066 559 1138 599 sub
1165 560 1309 599 ‘trabes
1347 560 1471 601 locata
1508 561 1648 601 vitibus
1685 566 1751 602 aut

227 625 344 674 virgis
372 624 601 663 vinciebant.
1497 637 1500 643 ·

341 702 443 734 Arus.
469 714 504 745 p.
531 701 615 735 261:
642 702 711 735 Sub
729 705 816 735 illam
833 696 902 735 rein
918 706 1070 736 locatum.
1123 706 1215 738 Nove
1241 705 1312 737 Sal.
1340 706 1432 739 Hist.
1459 707 1527 738 IV:
1554 706 1651 739 dolia
1669 717 1749 740 cum
1779 746 1781 748 η

230 747 295 779 sub
323 765 363 770 -—
388 748 613 780 vinciebant.
659 744 745 785 Cum,
774 749 866 790 quod
886 749 952 781 Gu.
973 749 1132 789 exhibet,
1159 751 1245 792 quia
1271 750 1447 792 explicari
1472 762 1542 783 non
1567 762 1674 794 posse
1697 753 1749 786 vi-

229 793 402 832 debatur,
436 794 559 835 recepi
591 793 833 825 Lindemanni
866 794 1155 826 emendationem
1195 806 1307 837 quae„
1346 795 1578 838 Spartacum,
1614 807 1694 828 cum
1728 808 1750 830 a

229 837 356 879 piratis
382 837 547 869 desertus
573 841 687 877 esset,
715 842 814 869 rates
840 838 1064 878 confecisse,
1091 843 1147 871 set
1173 841 1225 871 eis
1249 841 1406 872 transire
1431 841 1468 872 in
1487 841 1649 873 Siciliam
1676 842 1748 882 fru-

230 885 306 914 stra
338 885 507 914 conatum
543 893 647 922 esse,
680 886 836 914 testatur
861 883 959 915 Flor.
986 884 1021 915 II
1045 883 1084 923 8,
1114 883 1172 916 13:
1205 885 1253 916 ibi
1281 888 1376 917 circa
1405 885 1567 918 Brittium
1598 888 1750 928 anyulum

228 929 325 968 elusi,
359 938 429 959 eum
456 928 572 969 fuyam
603 930 636 959 in
661 927 809 959 Siciliam
831 932 1000 968 pararent
1024 939 1132 971 neque
1157 931 1290 971 naviyz'a
1319 934 1558 971 suppeterent,
1589 935 1750 974 ratesque

229 982 275 1004 ex
298 972 450 1004 trabibus
474 977 507 1004 et
531 974 630 1004 dolea
653 983 786 1005 eoneoea
809 974 958 1014 viryzcltis
988 974 1202 1014 rapidissimo
1228 974 1322 1015 freto
1349 975 1485 1015 frustra
1508 978 1751 1018 experirentur

228 1035 272 1039 —
298 1027 342 1049 ex
367 1027 435 1058 quo
458 1017 540 1049 loco
564 1017 634 1049 huc
652 1017 883 1049 referundum
902 1027 981 1050 esse
1001 1018 1095 1060 quod
1112 1019 1276 1061 sequitur
1295 1019 1551 1062 fragmentum,
1578 1021 1749 1054 certissu-

228 1072 325 1094 mum
351 1065 417 1095 est.
880 1072 887 1081 ’

344 1141 368 1180 9
402 1140 481 1193 [Kr.
503 1145 560 1179 30.
600 1143 638 1179 G.
661 1140 738 1194 39].
797 1140 1016 1193 Inplicatae
1038 1146 1142 1181 rates
1175 1143 1388 1182 ministeria
1416 1138 1690 1194 prohibebant.

340 1220 455 1252 Prisc.
481 1220 533 1251 IX
558 1230 591 1262 p.
618 1218 703 1259 473,
728 1219 790 1251 ubi
816 1220 859 1251 de
886 1219 1023 1262 duplici
1049 1220 1166 1252 forma
1190 1222 1359 1262 inplicitus
1384 1224 1420 1253 et
1444 1223 1623 1263 inplicatus
1647 1222 1748 1255 dicit.

227 1265 348 1342 11ιίἰῖπίῗὲ
369 1264 537 1342 ίὲιιιιίοεέἰὲηε
561 1264 697 1306 rapidis
722 1264 818 1296 inter
842 1274 881 1297 se
906 1264 1099 1307 inplicitae
1117 1265 1287 1298 videntur
1303 1266 1428 1308 itaque
1453 1267 1644 1310 navigatio
1669 1277 1752 1310 pro-

344 1390 365 1413 *
386 1387 432 1431 10
463 1387 541 1440 [Kr.
567 1392 622 1426 31.
664 1390 703 1426 G.
728 1390 742 1427 1
771 1387 867 1440 1⁶28]
931 1388 974 1427 G.
1008 1387 1150 1428 Verres
1190 1389 1318 1428 littora
1356 1389 1487 1429 Italiae
1529 1390 1747 1443 propinqua

228 1456 405 1496 firmavit.

331 1524 383 1556 μΙῐι
409 1523 488 1555 cod.
517 1523 584 1555 Gu.
610 1522 781 1555 Arusiani
807 1522 861 1565 (p.
887 1522 976 1564 254)
1001 1525 1083 1565 post
1103 1525 1336 1566 propinquant
1369 1524 1418 1556 illi
1444 1526 1516 1556 loco
1549 1527 1585 1556 et
1607 1527 1749 1567 propin-

229 1573 333 1612 quant
356 1571 444 1601 illum
468 1571 573 1600 locum
596 1567 689 1600 haec
715 1567 902 1609 leguntur:
937 1569 1165 1611 Propinquum
1182 1570 1240 1600 illa
1263 1579 1313 1600 re.
1355 1567 1481 1601 Salust.
1497 1570 1614 1601 Hist.:
1641 1570 1683 1602 G.
1704 1570 1746 1602 G.

227 1614 351 1646 Verris
375 1613 499 1645 littora
523 1612 633 1645 Italia
667 1613 871 1655 propinqua
903 1611 1069 1646 firmavit.
1125 1613 1204 1645 Iam
1235 1613 1272 1644 in
1303 1613 1423 1655 priore
1457 1614 1485 1645 G
1515 1613 1632 1646 latere
1663 1614 1750 1646 libri

228 1669 415 1691 numerum
442 1660 549 1690 acute
575 1657 849 1690 Lindemannus
875 1658 1073 1700 perspexit,
1101 1661 1157 1690 set
1183 1658 1300 1690 minus
1326 1661 1427 1690 recte
1455 1669 1535 1690 eum
1559 1659 1610 1691 VI
1635 1659 1748 1692 fuisse

229 1704 434 1746 suspicatus
467 1705 534 1735 est.
587 1702 749 1734 Ubinam
781 1703 875 1734 enim
907 1703 1120 1745 scriptorem
1151 1703 1194 1734 de
1236 1704 1280 1735 ea
1312 1714 1350 1735 re
1389 1704 1598 1736 narravisse
1633 1704 1748 1736 credi-

228 1749 301 1781 bile
337 1752 416 1789 est,
457 1748 529 1779 nisi
564 1747 628 1779 ubi
659 1747 704 1779 de
727 1747 907 1789 ‘Spartaci
944 1748 982 1778 in
1014 1747 1177 1779 Siciliam
1209 1748 1420 1780 transeundi
1453 1748 1604 1781 consilio
1635 1748 1748 1781 dixit?

227 1794 390 1836 Adparet
415 1804 502 1835 ergo
527 1793 578 1824 IV
603 1792 862 1834 configendum
888 1803 979 1824 esse.
1022 1793 1090 1824 Pro
1121 1793 1245 1838 Verris
1267 1793 1528 1825 nominativum
1553 1794 1748 1826 restituen-

228 1839 312 1871 dum
338 1849 418 1871 esse
451 1838 569 1879 quivis
599 1837 710 1869 videt.
759 1838 821 1869 Set
852 1837 964 1869 multo
995 1837 1180 1869 difficilior
1209 1837 1303 1869 haec
1328 1839 1494 1879 quaestio
1521 1841 1576 1870 est
1600 1842 1748 1871 rectene

229 1883 489 1926 grammaticus
515 1882 666 1915 Sallusti
690 1882 808 1914 locum
834 1882 1026 1914 rettulerit.
1075 1882 1286 1915 Ablativum
1315 1882 1428 1925 igitur
1459 1893 1539 1915 cum
1560 1893 1748 1924 proxumus

228 1929 390 1960 iunctum
421 1928 562 1960 ratione
595 1927 742 1959 defendi
773 1927 851 1969 ipse
878 1927 1056 1969 quondam
1090 1927 1135 1958 ad
1160 1928 1239 1969 lug.
1275 1926 1332 1967 18,
1362 1927 1400 1958 ll
1427 1930 1464 1959 et
1490 1926 1549 1967 19,
1575 1928 1596 1959 4
1620 1938 1654 1970 p.
1686 1927 1749 1963 16ss

229 1974 385 2005 ostendi.
434 1973 592 2011 Tamen,
620 1982 700 2003 cum
725 1973 820 2004 ratio
846 1982 911 2014 per
935 1982 974 2003 se
1000 1981 1127 2013 parum
1151 1972 1294 2011 valeat,
1328 1972 1398 2003 nisi
1422 1982 1508 2004 usus
1533 1973 1746 2012 adcesserit,

227 2018 400 2050 Arusiani
425 2017 514 2050 fides
539 2017 712 2048 minuitur
735 2017 778 2048 de
805 2016 920 2048 altero
945 2016 1024 2048 loco
1049 2016 1127 2058 Iug.
1158 2015 1208 2056 18,
1231 2015 1269 2047 ll
1294 2016 1483 2048 Diomedis
1507 2028 1542 2059 p.
1560 2016 1628 2049 410
1643 2018 1748 2050 testi-

228 2063 347 2095 monio
366 2066 402 2095 et
418 2062 521 2094 libris
540 2061 784 2094 Sallustianis.
826 2061 881 2092 Ad
898 2071 990 2101 quae
1017 2070 1097 2092 cum
1122 2061 1288 2100 adcedat,
1317 2061 1410 2103 quod
1426 2061 1538 2094 libros
1562 2062 1636 2094 iam
1654 2063 1748 2095 anti-

229 2109 350 2149 q-uitus
375 2107 496 2138 multis
514 2106 628 2138 modis
647 2108 839 2147 conruptos
857 2106 969 2137 fuisse
988 2108 1025 2137 et
1041 2106 1299 2147 grammaticos
1316 2106 1572 2148 praeiudicata
1589 2107 1748 2149 quadam

229 2152 396 2194 opinione
429 2151 602 2183 Sallustio
632 2149 818 2181 mirabilia
852 2153 960 2191 atque
998 2150 1232 2182 incredibilia
1271 2150 1464 2183 adfluxisse
1498 2155 1662 2192 constat,
1705 2162 1747 2184 eo

229 2197 346 2228 minus
371 2206 509 2238 negare
528 2195 644 2226 audeo
661 2195 879 2227 Aru-sianum
898 2195 1009 2226 etiam
1033 2195 1102 2227 hoc
1126 2194 1205 2227 loco
1231 2195 1329 2227 falsa
1355 2196 1537 2238 scriptura
1555 2197 1748 2239 deceptum

230 2242 355 2281 fuisse,
384 2251 453 2283 quo
478 2240 594 2271 minus
621 2250 752 2271 caussa
778 2240 856 2278 fuit,
884 2249 948 2271 eur
966 2239 1159 2271 Sallustius
1177 2240 1221 2271 de
1240 2240 1391 2272 Siciliae
1409 2240 1590 2273 littoribus
1608 2241 1744 2282 dicens,

229 2286 376 2318 Italiam
392 2296 472 2318 eum
488 2285 607 2317 locum
621 2284 820 2326 delegeret,
839 2285 933 2316 unde
948 2284 1012 2316 illa
1027 2285 1128 2326 regio
1145 2289 1375 2326 spectaretur
1388 2290 1424 2318 et
1441 2286 1746 2319 consideraretur.

348 2365 358 2402 1
377 2365 389 2402 l
425 2363 503 2416 [Kr.
524 2368 580 2401 (53.
613 2366 650 2401 G.
673 2363 724 2415 7].
773 2364 1062 2415 Suspectusque
1084 2364 1166 2408 suit,
1189 2364 1380 2403 incertum
1408 2377 1497 2404 vere
1517 2376 1566 2404 an
1584 2369 1746 2416 propter

229 2431 533 2484 neglegentiam,
564 2432 787 2470 societatem
814 2431 1049 2481 praedarum
1080 2443 1169 2470 cum
1199 2431 1416 2471 latronibus
1447 2433 1711 2484 conposuisse.

342 2511 432 2543 Nou.
459 2521 493 2552 p.
523 2509 585 2540 177
611 2519 663 2551 sq.
696 2509 761 2540 sub
785 2509 896 2542 verbo
919 2520 1136 2551 componere,
1169 2511 1387 2548 exsimulare‚
1414 2512 1546 2552 fingere
1579 2521 1622 2543 ex
1652 2511 1745 2544 libro
1792 2532 1801 2534 -

229 2556 304 2588 IIII
328 2555 422 2587 haec
448 2554 596 2594 adtulit,
629 2555 681 2586 ita
706 2554 860 2596 scripta:
890 2558 1130 2597 suspectusque
1157 2555 1225 2595 fuit
1248 2557 1408 2587 incertum
1431 2566 1510 2587 vero
1535 2566 1576 2587 ac
1600 2566 1667 2597 per
1689 2565 1746 2588 ne-

226 2602 426 2643 yleyentiarrz
448 2601 639 2632 societatem
661 2600 869 2641 praedarum
892 2609 962 2630 cum
991 2598 1177 2631 lati-onibus
1198 2602 1448 2641 composuisset.
1488 2601 1566 2632 Iam
1594 2601 1632 2634 in
1663 2611 1744 2643 pro-

230 2646 353 2688 patulo
380 2647 446 2684 est,
472 2644 646 2676 ultumum
670 2643 818 2676 verbum
845 2643 891 2675 ab
915 2648 1090 2685 suspectus
1109 2644 1177 2683 fuit
1200 2644 1359 2686 pendere
1384 2644 1517 2676 debere
1541 2645 1665 2687 itaque
1690 2646 1744 2678 in·

230 2691 408 2723 finitivum
432 2689 703 2721 rescribendum
729 2699 825 2727 esse,
860 2699 928 2720 nec
958 2688 1076 2720 minus
1099 2688 1222 2721 verbis
1251 2691 1413 2721 incertum
1437 2707 1478 2712 -—
1504 2692 1745 2732 neyeeyentiam

232 2736 410 2768 contineri
434 2734 617 2777 duplicem
640 2734 963 2779 inteigogationem
987 2733 1251 2776 interpositam,
1277 2734 1314 2764 in
1333 2743 1402 2775 qua
1419 2735 1572 2776 primum
1597 2735 1651 2767 uti
1665 2745 1771 2772 vere.

231 2781 446 2813 restituatur
469 2779 613 2811 dicendi
638 2778 859 2811 consuetudo
884 2778 1060 2820 postulat,
1096 2781 1170 2809 tum
1198 2789 1264 2820 per·
1294 2780 1534 2820 neyleyentiam
1559 2779 1649 2811 ferri
1671 2789 1745 2812 non

231 2829 362 2867 potest.
413 2825 506 2865 Quid
532 2824 626 2856 enim
652 2824 737 2856 hoc:
764 2823 941 2855 incertum
966 2833 1012 2854 an
1029 2833 1094 2865 per
1110 2822 1384 2865 neglegentiam
1402 2827 1593 2866 suspectus
1609 2824 1744 2858 fuerit?

231 2870 401 2901 Debebat
426 2872 524 2901 certe
551 2870 627 2911 ‘per
651 2879 752 2900 suam
778 2869 891 2910 ipsius
915 2867 1209 2910 neglegentiam'.
1258 2868 1387 2900 Facile
1421 2872 1540 2900 autem
1567 2872 1623 2901 est
1645 2869 1682 2901 id
1706 2869 1744 2901 in

229 2919 375 2957 propter
392 2917 543 2946 mutare.
584 2914 688 2946 Haec
708 2914 751 2946 ‹le
769 2914 817 2946 M.
836 2913 992 2949 Antonio
1016 2912 1185 2955 intellegi
1209 2923 1280 2945 non
1297 2923 1403 2955 posse
1429 2913 1567 2955 (Drum.
1586 2914 1604 2946 Ι
1620 2925 1655 2957 p.
1671 2913 1743 2956 63),
