1826 3282
531 242 831 271 ms'romAuvM
863 242 946 271 ΜΒ.
979 242 1021 271 ιν
1056 236 1231 274 58-61.
1568 229 1638 268 111

118 343 235 376 ercitu
252 343 378 385 fuisse,
399 343 445 377 ad
469 344 700 377 liberandam
717 344 906 377 obsidione
932 344 1236 387 Tigranocertam
1254 343 1534 387 adproperante,
1563 354 1646 377 con-

117 393 193 422 stat
219 388 359 431 (Drum.
386 390 438 422 IV
462 401 496 433 p.
527 389 590 421 146
614 400 667 432 sq.
705 391 870 422 Momms.
896 391 952 422 111
976 401 1010 433 p.
1037 389 1107 431 61).

231 467 284 508 58
318 468 376 521 [G.
400 468 477 521 67].
536 468 584 507 Et
614 468 883 520 sequebantur
913 470 1062 520 equites
1093 468 1304 508 catafracti.

231 548 333 581 Serv.
362 548 408 579 ad
433 548 542 588 Verg.
568 547 660 579 Aen.
686 547 739 578 XI
764 546 830 579 770
856 545 941 587 (vid.
962 547 1007 578 fr.
1027 547 1084 588 57)
1109 547 1202 580 haec
1228 548 1344 580 verba
1369 548 1511 581 adtulit.
1555 549 1646 582 Cum

117 596 239 625 autem
264 592 428 635 pluribus
454 592 546 625 locis
573 592 861 624 catafractorum
886 592 1028 624 illorum
1055 592 1100 623 ab
1127 592 1301 625 Sallustio
1326 594 1548 626 mentionem
1567 594 1646 628 fieri

116 648 187 669 non
211 638 314 670 modo
340 637 517 680 potuisse,
545 640 601 669 set
619 637 789 669 debuisse
810 637 1001 680 adpareat,
1030 638 1172 670 cautius
1189 638 1332 670 videtur
1351 649 1431 670 cum
1450 639 1644 672 Gerlachio

114 683 230 715 verba
253 682 320 714 illa
343 685 518 725 separata
542 692 679 725 ponere
706 692 813 723 quam
839 692 919 714 cum
936 682 1078 714 Kritzio
1104 683 1156 714 sic
1174 686 1354 715 statuere:
1382 684 1547 717 Servium
1570 695 1644 718 me-

115 728 253 761 moriae
278 727 386 770 lapsu
409 727 524 760 verba
550 728 596 760 ab
613 728 705 759 Non.
731 738 766 770 p.
785 726 852 760 383
878 727 936 768 (fr.
957 727 1013 768 57)
1040 732 1313 760 comnemorata
1332 729 1427 761 false
1444 730 1642 763 rettulisse.

228 808 282 848 59
315 807 395 860 [Kr.
416 812 469 845 17.
502 810 540 845 G.
563 806 641 859 66].
696 807 817 859 Equis
844 807 950 860 paria
979 807 1221 857 operimenta
1247 809 1368 853 erant,
1400 821 1500 860 quae
1525 809 1643 850 lintea

114 874 255 914 ferreis
283 874 437 914 laminis
470 876 510 913 in
539 874 701 914 modum
729 874 886 925 plumae
918 874 1199 914 adnexuerant.

227 953 328 986 Serv.
363 954 410 986 ad
434 954 544 996 Verg.
578 953 669 986 Aen.
695 954 748 986 XI
780 953 846 986 770
875 951 1167 996 [spumantemque
1199 953 1352 996 agitabat
1384 966 1514 998 equum,
1549 968 1642 1000 quem

110 1002 210 1040 pellis
234 1000 329 1031 aenis
353 1000 387 1031 in
406 1004 553 1041 plumam
576 1002 723 1042 squamis
747 1009 831 1032 auro
856 1003 1016 1032 conserta
1040 997 1196 1042 teyebat]
1226 999 1319 1031 haec
1346 1001 1554 1034 adnotavit:
1587 1014 1643 1035 ca-

111 1044 324 1086 taphractum
348 1055 420 1076 eum
439 1044 549 1085 fuisse
572 1045 752 1086 siguificat.
804 1044 1028 1086 Cataplzracti
1049 1049 1157 1076 autem
1183 1046 1312 1087 equites
1337 1047 1503 1085 (licuntur,
1531 1051 1587 1090 qni
1609 1053 1642 1079 et
1668 1058 1671 1060 ’

111 1093 180 1131 ipsi
196 1090 296 1130 ferro
321 1090 438 1121 muniti
457 1093 535 1121 sunt
559 1094 593 1121 et
616 1099 720 1132 equos
742 1091 896 1122 similiter
919 1090 1061 1122 munitos
1084 1089 1215 1127 habent,
1243 1091 1285 1122 cle
1309 1091 1425 1133 quibus
1442 1091 1640 1125 Sallustius:

113 1135 214 1176 equis
239 1152 282 1157 -—
309 1135 578 1175 adnexuerant;
603 1146 689 1167 nunc
714 1139 822 1167 autem
844 1145 910 1177 pro
936 1136 1036 1167 linteo
1058 1137 1181 1177 pellem
1202 1136 1317 1177 posuit
1340 1140 1373 1167 et
1399 1147 1524 1169 aeneas
1539 1149 1640 1180 squu-

109 1190 180 1211 mas
205 1190 331 1211 aeneas
346 1181 486 1212 laminas
502 1182 740 1222 intelleqimus;
766 1182 810 1212 ‘in
833 1182 984 1222 plumam'
1011 1190 1089 1212 vero
1110 1182 1211 1212 estin
1228 1181 1472 1214 similitudinem
1491 1185 1637 1224 p‘lumae.

110 1224 190 1256 Iam
216 1224 367 1257 Sallusti
389 1225 505 1258 verba
522 1225 685 1257 Kritzius
703 1225 756 1257 ita
772 1225 1034 1268 interpretatus
1054 1228 1110 1257 est
1124 1228 1164 1258 ut
1181 1226 1365 1258 adnectere
1391 1224 1639 1261 eodemmodo

109 1269 246 1302 dictum
262 1270 416 1310 diceret,
437 1280 506 1313 quo
523 1271 705 1312 adsperqo,
725 1272 836 1308 induo,
862 1271 1031 1303 circumdo
1049 1270 1201 1311 similia;
1227 1273 1438 1313 operz‘menta
1455 1274 1639 1307 adnectere

106 1316 238 1347 laminis
255 1315 428 1358 scriptum
448 1325 528 1347 esse
549 1315 710 1348 naturali
727 1315 885 1358 quadam
904 1315 1116 1348 confusione
1139 1325 1203 1358 pro
1220 1317 1439 1357 operimentis
1456 1319 1638 1351 adnectere

111 1361 264 1392 laminas.
314 1360 378 1393 Set
401 1371 531 1393 vereor
553 1363 593 1392 ut
607 1360 647 1392 in
671 1361 877 1393 adnectemlz‘
891 1360 1042 1393 verbum
1058 1360 1155 1393 idem
1180 1362 1374 1394 transferri
1391 1363 1518 1404 possit,
1545 1365 1639 1405 quod

108 1406 146 1436 in
170 1406 411 1448 adspergendi,
437 1406 599 1438 induendi
623 1405 669 1438 al.
697 1406 777 1438 fieri
801 1406 926 1446 liceat,
953 1406 1124 1448 quoniam
1148 1406 1244 1439 illius
1270 1407 1356 1438 talis
1381 1408 1480 1440 notio
1507 1413 1574 1449 est,
1600 1414 1640 1441 ut

110 1449 293 1483 ablativus
318 1451 356 1483 id
381 1450 564 1494 significet
581 1461 647 1493 per
664 1451 758 1493 quod
777 1450 876 1483 aliud
901 1460 982 1483 cum
1001 1451 1073 1483 alio
1092 1452 1347 1494 coniungatur.
1390 1453 1507 1492 Quam
1526 1454 1638 1496 signi-

108 1494 317 1528 ficationem
340 1506 461 1528 nonne
486 1496 567 1528 hoc‘
581 1506 722 1538 quoque
746 1495 826 1529 loco
851 1496 1016 1528 obtinet?
1062 1497 1190 1529 Nonne
1209 1497 1438 1539 operimenta
1456 1499 1558 1540 equis
1577 1500 1638 1531 ad—

108 1541 291 1573 nectenda
317 1541 446 1573 fuere?
491 1541 542 1574 Ut
567 1542 620 1573 sic
645 1545 805 1574 statuam
832 1552 874 1573 eo
899 1542 1136 1584 potissumum
1163 1546 1379 1585 argumento
1409 1554 1636 1586 eonmoveor,

111 1586 206 1627 quod
230 1586 429 1618 secundum
454 1586 619 1619 Servium
645 1597 784 1619 summa
802 1589 858 1619 est
875 1586 980 1618 huius
997 1586 1069 1619 loci
1087 1597 1168 1619 cum
1186 1588 1398 1629 Vergiliano
1424 1589 1635 1622 similitudo.

107 1628 229 1670 Quem*
249 1632 295 1663 ad
319 1631 462 1663 modum
488 1632 599 1674 igitur
625 1632 720 1674 apud
744 1631 944 1675 Vergilium
968 1635 1115 1674 squamis
1139 1634 1235 1665 ae'nis
1260 1633 1444 1666 ablativus
1471 1638 1527 1666 est
1559 1635 1637 1667 eius

107 1676 266 1718 generis,
293 1686 399 1719 quem
424 1677 616 1719 qualitatis
642 1677 844 1719 adpellant,
875 1676 928 1708 sic
955 1678 1066 1709 etiam
1093 1678 1189 1720 apud
1213 1677 1426 1710 Sallustium
1452 1678 1636 1712 ablativus

106 1720 224 1752 dictus
244 1721 397 1754 videtur.
438 1722 485 1753 At
503 1722 598 1764 quod
623 1732 681 1764 ap.
702 1722 811 1765 Verg.
840 1725 895 1754 est
919 1733 1004 1754 auro
1029 1727 1200 1763 conserta,
1226 1723 1264 1755 id
1288 1724 1326 1755 in
1344 1724 1496 1756 Sallusti
1514 1726 1636 1758 verbis

105 1765 243 1797 frustra
269 1767 494 1809 quaerimus3
520 1767 679 1799 fortasse
704 1767 819 1810 igitur
842 1766 932 1799 illud
957 1768 1128 1800 omissum
1154 1771 1220 1808 est,
1252 1778 1324 1810 qua
1348 1769 1491 1802 ratione
1517 1771 1635 1814 operi-

106 1814 230 1844 menta
254 1810 370 1843 lintea
395 1812 498 1854 equis
523 1812 667 1844 adnexa
691 1812 841 1844 fuerint.

218 1890 306 1930 *60
334 1890 413 1943 [Kr.
440 1895 492 1929 18.
531 1893 569 1929 G.
593 1890 670 1943 80].
728 1891 841 1942 Apud
869 1891 1100 1930 Corduenos
1130 1903 1328 1932 amomum
1361 1898 1399 1932 et
1439 1893 1502 1934 alii
1530 1894 1634 1935 leves

104 1957 247 2000 odores
276 1959 504 2010 gignuntur.

216 2036 379 2081 Philarg.
408 2037 454 2070 ad
477 2038 588 2081 Verg.
617 2038 660 2071 G.
686 2038 736 2070 IV
761 2037 821 2070 40:
851 2038 945 2071 Odor
968 2041 1067 2071 coeni
1085 2044 1222 2082 gravis,-
1246 2041 1332 2072 ordo
1350 2045 1421 2073 est:
1446 2042 1534 2075 odor
1550 2053 1629 2085 yra-

102 2084 167 2119 vis,
203 2084 282 2125 quia
312 2086 346 2115 et
378 2084 458 2115 levis
489 2084 624 2115 dic-itur.
673 2084 872 2116 Sallustius:
906 2085 1002 2126 apud
1026 2102 1069 2107 —-
1095 2085 1304 2127 gignuntur.
1363 2086 1451 2118 Cum
1480 2087 1631 2121 Lucullo

103 2130 186 2168 post
210 2127 403 2160 victoriam
431 2128 476 2160 ad
500 2129 805 2171 Tigranocertam
830 2132 1058 2171 reportatam
1091 2134 1199 2172 atque
1231 2131 1349 2173 ipsam
1381 2131 1481 2173 ill-am
1505 2133 1631 2165 urbem

103 2175 250 2215 captam
264 2172 533 2205 Corduenorum
550 2184 676 2216 regem
693 2184 731 2206 se
749 2174 932 2206 dedidisse
952 2178 1095 2207 constet
1113 2176 1355 2219 (Drum.IVp.
1372 2176 1446 2210 150.
1465 2178 1628 2211 Momms.
1671 2206 1673 2208 .

103 2216 161 2248 111
183 2228 219 2260 p.
245 2216 316 2260 62),
344 2228 439 2261 quae
465 2220 612 2251 occasio
630 2219 742 2251 fuerit
759 2219 933 2252 Sallustio
951 2220 1094 2252 illorum
1112 2221 1358 2262 dicendorum,
1378 2226 1541 2265 apertum
1562 2229 1630 2257 est.

217 2297 261 2336 61
302 2297 381 2350 [Kr.
411 2302 464 2336 19.
499 2300 538 2336 G.
563 2313 599 2349 p.
628 2298 724 2351 155]
757 2300 941 2349 Epistula
973 2300 1230 2339 Mithridatis.

448 2364 532 2404 Rex
559 2365 803 2406 Mithridates
831 2367 917 2418 regi
947 2367 1083 2407 Arsaci
1109 2367 1287 2408 salutem.

218 2429 363 2471 Omnes
401 2433 468 2483 qui
504 2433 690 2472 secundis
719 2434 840 2474 rebus
869 2436 949 2473 suis
987 2435 1036 2474 ad
1065 2434 1157 2474 belli
1196 2437 1420 2476 societatem
1451 2444 1627 2484 orantur,

103 2498 356 2538 considerare
387 2499 555 2545 debent,
594 2500 758 2540 liceatne
785 2508 868 2541 tum
899 2514 1037 2553 pacem
1073 2515 1208 2554 agere,
1240 2504 1329 2543 dein
1366 2506 1470 2556 quod
1508 2518 1627 2557 quac-

101 2565 200 2604 situr
226 2567 370 2606 satisne
397 2568 505 2618 pium
531 2572 681 2614 tutum,
713 2569 927 2619 gloriosum
958 2583 1006 2609 an
1038 2571 1268 2610 indecorum
1299 2573 1358 2610 sit.
1420 2572 1505 2611 Tibi
1537 2585 1626 2623 per-

215 2656 308 2688 VAR.
335 2667 413 2690 scu.
463 2658 505 2690 In
531 2660 626 2691 titulo
659 2659 818 2702 epistula
850 2659 893 2695 Q.
927 2678 969 2682 —
1006 2660 1033 2692 l.
1061 2662 1184 2702 Regem
1209 2662 1412 2693 Parthorum
1437 2662 1626 2695 Phraaten

99 2703 247 2733 nominat
270 2702 394 2734 Memn.
421 2713 479 2745 ap.
506 2704 604 2736 Plzot.
630 2715 664 2747 p.
691 2703 778 2745 238,
803 2706 969 2737 Arsacen
997 2707 1088 2739 Cass.
1117 2707 1182 2737 Dio
1206 2706 1340 2737 XXXV
1365 2706 1397 2737 3.
1446 2705 1583 2739 Scilicet
1607 2719 1625 2740 ce

98 2747 262 2799 proqem'e
287 2747 535 2780 Arsacidarum
555 2749 633 2788 fuit,
659 2751 788 2782 nomine
813 2751 983 2782 Phraates
1009 2750 1176 2790 (Month.
1202 2750 1257 2781 111
1282 2761 1315 2791 p.
1342 2749 1412 2791 63).
1443 2767 1490 2774 ——
1519 2753 1550 2784 2.
1579 2754 1624 2785 ad

98 2790 188 2822 belh
205 2792 385 2824 societate
403 2797 591 2825 morantur
607 2793 650 2829 Q.
671 2813 714 2816 —
731 2794 763 2827 3.
782 2794 1023 2837 quaesiturffl.
1059 2794 1247 2836 quaeritur
1262 2797 1349 2836 voly.
1376 2796 1523 2838 Phoe-p.
1539 2797 1624 2830 1718

98 2835 259 2870 Puteola.-
288 2836 377 2868 licet
408 2837 624 2880 ‘quaesere'
657 2835 794 2871 lectum
826 2840 874 2871 sit
900 2839 996 2881 apud
1021 2838 1235 2870 Sallustium
1262 2842 1298 2870 et
1321 2839 1494 2873 Tullium.
1523 2859 1563 2865 ·-—
1589 2844 1624 2875 4.

99 2879 218 2911 Libri:
243 2881 308 2912 tibi
334 2882 364 2912 si
389 2885 568 2925 perpetua
591 2901 634 2906 —-
659 2884 760 2921 licet,
788 2885 859 2915 nisi
883 2884 1007 2915 hostes
1025 2893 1082 2925 op.
1103 2887 1140 2914 et
1164 2883 1441 2926 scelestissumi,
1470 2889 1623 2930 egregia

99 2924 197 2956 fama
223 2925 253 2956 si
278 2926 462 2958 Romanos
487 2929 712 2970 oppresseris
737 2929 860 2960 futura
886 2932 942 2960 est
966 2937 1085 2970 neque
1110 2932 1236 2970 petere
1261 2946 1306 2952 -—
1330 2939 1483 2973 sperem.
1526 2933 1622 2966 Unde
