1852 3294
218 216 299 256 328
909 225 1043 251 mom<

221 325 590 414 {Efflssssffiffitfflts
610 322 1740 412 &⁶132..3¹1..¹‘33⁷0§.afflatis&flssxtagssffglitffssffi‘

223 422 278 450 est
295 418 318 449 J
335 415 397 455 23,
420 415 448 447 1.
490 395 608 456 nequ'e
634 425 697 456 pro
722 424 831 456 opere
857 414 1057 447 consistere
1081 417 1230 456 proptor
1247 414 1479 455 iniquitatem
1495 413 1568 446 loci
1583 414 1607 446 J
1623 412 1688 453 92,
1704 412 1739 446 9.

223 463 334 537 alialq.
359 463 507 503 propter
530 460 565 491 H
588 461 601 491 i
628 458 702 491 117.
744 462 894 501 propter
910 459 1185 502 neglegentiam
1199 469 1267 500 pro
1285 469 1350 501 per
1366 458 1464 501 negl.
1482 459 1689 492 restitutum
1705 458 1742 490 H

266 551 432 591 propulso.
464 552 503 581 ut
519 549 653 582 velites
671 567 713 571 —
732 550 915 591 equitatus
932 549 1089 582 hostium
1103 548 1360 591 propulsarent
1375 549 1399 581 J
1412 547 1466 590 46,
1477 548 1510 581 7.
1542 548 1605 580 ubi
1623 539 1743 590 quem-

224 606 293 638 que
310 594 510 638 periculum
530 597 692 636 ceperat,
712 594 764 626 ibi
781 595 952 626 resistere
972 605 1016 627 ac
1033 594 1247 637 propulsare
1265 595 1288 626 J
1305 593 1359 633 51,
1382 593 1410 625 1.

267 640 425 681 proripio.
457 650 495 672 se
515 650 559 672 ex
577 640 678 671 curia
696 639 837 672 domum
854 640 1033 682 proripuit
1051 639 1077 671 C
1097 638 1151 679 32,
1175 639 1203 671 1.
1551 662 1567 670 -

268 694 416 725 prorsus.
447 688 550 717 tutae
576 684 835 727 tranquillaeq.
855 695 979 716 omnes
996 695 1071 725 res,
1099 687 1156 716 set
1180 694 1225 716 ea
1248 694 1395 726 prorsus
1418 685 1595 725 oportuna
1614 681 1743 715 Catili-

225 742 295 763 nae
315 730 341 762 C
364 728 414 770 16,
434 730 467 762 5.
508 730 621 771 igitur
639 729 736 762 colos
755 748 796 752 —
815 729 910 762 oculi
927 748 970 752 —-
986 730 1170 761 incessus:
1195 739 1341 771 prorsus
1359 729 1396 760 in
1415 728 1512 760 facie
1530 728 1667 770 voltuq.
1685 738 1746 760 ve—

226 775 350 808 cordia
367 776 487 807 inerat
504 775 531 806 C
553 775 603 815 15,
623 774 643 806 5
661 777 746 807 conl.
765 773 819 815 23,
840 775 871 806 2.
898 775 952 814 25,
972 774 1003 806 5.
1030 775 1053 806 J
1070 773 1125 812 23,
1149 773 1176 808 1.
1204 773 1258 814 30,
1277 773 1309 806 3.
1335 772 1390 814 66,
1413 773 1441 806 1.
1467 772 1522 814 76,
1540 773 1573 806 4.

269 821 435 860 prosapia.
466 820 648 852 hominem
667 820 804 852 veteris
822 820 1017 862 prosapiae
1036 819 1059 851 J
1076 817 1132 859 85,
1154 818 1206 850 10.
1508 838 1517 845 κ

269 865 453 905 proscribo.
484 875 631 907 quorum
656 865 811 897 victoria
829 864 952 896 Sullae
977 867 1150 906 parentes
1176 863 1372 906 proscripti
1390 863 1417 895 C
1436 861 1477 895 37
1491 888 1499 901 ,
1517 861 1549 894 9.
1591 862 1643 894 uti
1661 862 1693 894 is
1708 862 1747 894 in

225 911 511 953 proscriptorum
538 920 686 942 numero
712 912 809 942 esset
833 909 860 941 C
884 909 944 949 51,
964 908 1021 941 33.
1062 909 1286 951 proscriptos
1305 908 1448 940 accersi
1464 908 1500 939 H
1515 908 1534 939 Ι
1549 906 1606 948 48,
1623 906 1656 939 6.
1690 917 1746 939 se—

227 959 333 988 nator
351 966 394 988 ex
412 955 625 998 proscriptis
642 955 677 986 H
693 955 748 986 III
764 954 795 987 3.
837 954 934 986 bona
951 954 1234 996 proscriptorum
1250 953 1285 984 H
1302 953 1319 984 I
1336 952 1389 985 31.
1416 952 1472 992 41,
1493 951 1544 985 18.

271 1000 481 1041 proscriptio.
513 1000 679 1042 polliceri
703 999 850 1031 tabulas
868 1009 996 1039 novas,
1021 999 1322 1041 proscriptionem
1341 997 1576 1040 locupletium
1594 996 1621 1029 O
1639 995 1694 1037 21,
1713 997 1747 1029 2.

228 1045 530 1089 proscriptionem
547 1045 772 1077 innoxiorum
790 1045 835 1076 ob
853 1044 1003 1076 divitias
1021 1044 1055 1075 H
1071 1044 1088 1075 Ι
1104 1044 1159 1084 41,
1182 1043 1232 1075 17.

272 1092 457 1131 prospecto.
488 1091 622 1122 intenti
638 1089 815 1132 proelium
835 1092 1002 1131 equestre
1021 1089 1307 1131 prospectabant
1323 1088 1347 1120 J
1363 1086 1424 1127 60,
1444 1087 1476 1120 3.

273 1138 479 1176 prospectus.
509 1136 563 1167 uti
587 1138 800 1177 prospectus
823 1135 960 1176 nisusq.
987 1144 1052 1176 per
1074 1144 1164 1165 saxa
1189 1133 1338 1166 facilius
1363 1133 1459 1165 foret
1482 1133 1505 1164 J
1522 1131 1577 1172 94,
1599 1131 1628 1163 1.
1669 1142 1749 1175 pro·

229 1184 395 1257 ερθδῖιὲηι
420 1191 510 1223 ager
535 1172 694 1212 arbastis
718 1180 878 1212 consitus
907 1179 1127 1221 prohibebat
1157 1179 1181 1211 J
1203 1178 1265 1219 53,
1293 1177 1323 1210 1.
1370 1180 1564 1220 prospectu
1586 1177 1750 1220 inpedito

274 1251 421 1311 prosper.
461 1281 519 1302 res
545 1281 667 1302 eorum
691 1288 733 1293 --—
759 1270 850 1302 satis
875 1279 1050 1311 prospera
1074 1269 1201 1311 satisq.
1225 1268 1368 1310 pollens
1394 1267 1585 1300 videbatur
1608 1266 1635 1299 C
1660 1266 1701 1307 6,
1719 1265 1751 1300 3..

230 1327 289 1348 res
307 1326 409 1348 meae
427 1326 555 1358 parum
571 1326 662 1347 -ae
682 1314 716 1347 H
733 1316 783 1347 IV
796 1314 850 1355 61,
863 1314 894 1347 3.
931 1315 1076 1346 fortuna
1094 1325 1204 1355 saepe
1223 1323 1394 1355 prospere
1412 1323 1497 1345 usus
1515 1315 1597 1344 erat
1611 1312 1634 1344 J
1650 1311 1750 1352 93,1.

231 1372 349 1402 neque
374 1361 505 1403 petitio
530 1371 647 1402 neque
672 1360 829 1392 insidiae
857 1371 920 1392 —e
942 1370 1085 1391 cessere
1105 1359 1131 1391 C
1150 1358 1203 1399 26,
1225 1358 1244 1390 5
1261 1361 1346 1391 conl.
1364 1358 1419 1397 52,
1437 1356 1492 1390 29.
1535 1360 1669 1390 cuncta
1688 1368 1751 1390 —e

232 1409 408 1439 eventura
424 1406 448 1437 J
464 1405 518 1445 63,
541 1405 569 1436 1.

275 1451 440 1491 prospicio
457 1461 550 1483 conr.
568 1450 604 1481 H
620 1450 632 1480 i
649 1449 680 1482 5.

276 1504 419 1535 prosum.
458 1505 550 1537 quae
576 1495 622 1526 ad
646 1495 816 1526 virtutem
841 1494 1051 1526 doctoribus
1076 1493 1169 1525 nihil
1186 1493 1403 1536 profuerant
1419 1493 1441 1525 J
1459 1492 1514 1534 85,
1533 1492 1588 1525 32.
1631 1492 1754 1525 aliena

233 1552 276 1573 ac
293 1540 384 1572 nihil
401 1540 590 1582 profutura
608 1543 738 1582 petunt
754 1540 777 1571 J
799 1539 826 1579 1,
847 1539 877 1571 5.

277 1586 446 1626 provenio.
477 1595 678 1627 provenere
697 1585 750 1616 ibi
768 1584 984 1626 scriptorum
1002 1594 1137 1626 magna
1154 1583 1303 1626 ingenia
1323 1582 1350 1614 C
1369 1582 1401 1622 8,
1421 1583 1452 1615 3.

276 1631 499 1671 providentia.
531 1630 688 1662 alterum
705 1641 750 1661 ex
768 1631 832 1660 —a
849 1630 1015 1661 timorem
1032 1647 1073 1650 -—
1092 1629 1238 1660 adferre
1256 1628 1351 1660 solet
1365 1628 1388 1660 J
1406 1628 1436 1667 7,
1456 1627 1488 1660 5.

277 1675 446 1716 provideo.
477 1675 568 1707 haut
585 1674 698 1707 facile
718 1674 859 1706 animus
876 1684 1001 1706 verum
1022 1676 1102 1705 —et
1126 1673 1152 1705 C
1171 1673 1226 1712 51,
1244 1673 1275 1704 2.
1317 1683 1434 1715 neque
1461 1672 1604 1705 omnino
1630 1672 1754 1705 facere

235 1725 298 1753 aut
315 1731 422 1752 -ere
441 1720 634 1762 quicquam
652 1722 822 1761 poterant
840 1717 941 1759 ι199,
961 1719 993 1750 2.
1036 1718 1158 1750 omnia
1183 1718 1374 1760 providere
1394 1717 1420 1750 C
1438 1716 1499 1758 60,
1517 1718 1550 1749 4.
1576 1718 1599 1750 J
1619 1716 1701 1758 100,
1720 1717 1753 1750 3.

235 1775 329 1808 quae
350 1765 395 1796 ab
413 1766 621 1807 inperatore
641 1765 844 1804 decuerint,
864 1764 986 1796 omnia
1005 1764 1080 1795 suis
1098 1763 1245 1805 provisa
1263 1781 1303 1786 -—
1321 1762 1406 1803 J49,
1418 1763 1450 1794 2.
1485 1762 1538 1794 uti
1557 1762 1754 1804 aliquando

235 1811 307 1842 sibi
331 1810 493 1852 liberisq.
522 1813 557 1842 et
581 1810 683 1852 genti
700 1808 934 1842 Numidarum
955 1811 1062 1840 —eat
1077 1808 1101 1840 J
1117 1807 1176 1848 62,
1200 1808 1229 1840 1.
1273 1811 1400 1840 contra
1418 1811 1543 1839 tantas
1561 1807 1756 1840 difficulta-

234 1859 291 1888 tes
309 1855 461 1887 consilio
479 1855 571 1887 satis
589 1865 695 1887 ——ere
713 1865 785 1887 non
802 1857 949 1896 poterat
964 1855 987 1886 J
1004 1853 1059 1891 90,
1082 1853 1111 1884 1.
1152 1864 1198 1885 ne
1217 1871 1258 1875 —-
1277 1853 1615 1885 circumveniamini
1631 1869 1675 1874 -—
1693 1855 1756 1884 aut

235 1902 267 1933 si
290 1900 525 1943 provideritis
549 1918 589 1922 -—
610 1900 810 1932 teneamini
827 1900 862 1931 H
879 1900 895 1930 I
912 1898 973 1939 41,
997 1898 1024 1929 1.
1066 1899 1156 1940 Hoc,
1172 1899 1257 1930 item
1284 1898 1388 1930 vobis
1406 1897 1668 1940 providendum
1687 1900 1753 1937 est,

235 1957 280 1978 ne
307 1946 386 1988 plus
412 1946 508 1987 apud
532 1955 597 1978 vos
621 1945 747 1978 valeat
770 1944 797 1976 C
821 1943 876 1984 51,
896 1944 915 1975 7
939 1946 1023 1976 conl.
1043 1943 1100 1984 52,
1118 1943 1149 1974 4.
1176 1943 1200 1975 J
1221 1942 1271 1984 10,
1291 1943 1323 1975 7.
1346 1955 1393 1971 =
1414 1943 1559 1985 patiens
1577 1941 1753 1983 laborum,

237 1992 313 2023 acri
331 1991 492 2032 ingenio,
512 1991 605 2022 satis
621 1990 800 2030 providens
816 1990 839 2022 J
857 1988 918 2029 28,
938 1989 969 2021 5.
994 2001 1040 2017 Ξ
1061 1999 1126 2031 pro
1151 1989 1206 2020 rei
1232 1989 1338 2030 copia
1355 1988 1446 2020 satis
1462 1987 1679 2027 providenter
1695 1998 1756 2020 ex-

235 2039 342 2068 ornat
357 2036 380 2067 J
396 2034 452 2075 90,
472 2035 502 2068 1.

280 2081 462 2120 provincia.
501 2081 535 2113 ei
559 2080 709 2112 decreta
732 2079 921 2121 provincia
946 2078 1068 2111 Gallia
1084 2078 1107 2110 J
1128 2078 1207 2119 114,
1228 2077 1249 2110 3
1273 2081 1359 2110 conl.
1379 2081 1467 2120 plur.
1492 2078 1516 2110 J
1531 2077 1592 2118 27,
1611 2075 1644 2109 3.
1685 2077 1758 2119 ipsi

236 2137 289 2168 pr.
307 2126 478 2158 Numidia
496 2128 672 2158 evenerat
687 2125 711 2157 J
728 2124 781 2162 35,
800 2124 832 2157 3.
874 2124 1044 2166 pactione
1062 2123 1274 2166 provinciae
1293 2123 1320 2154 C
1338 2122 1399 2164 26,
1418 2123 1450 2155 4.
1494 2123 1528 2154 ei
1545 2122 1757 2164 provinciae

236 2171 382 2213 legatus
400 2174 571 2211 praeerat
590 2170 616 2201 C
635 2170 690 2210 42,
709 2169 739 2202 3.
775 2170 819 2202 ob
838 2169 1054 2201 seditionem
1073 2169 1299 2210 provinciam
1325 2179 1403 2200 cum
1423 2168 1585 2200 exercitu
1602 2167 1757 2209 adeptus

239 2219 294 2247 est
312 2216 346 2246 H
362 2215 379 2246 Ι
396 2214 451 2254 48,
469 2215 501 2247 4.
542 2218 691 2246 senatus
710 2215 829 2246 —iam
847 2214 1001 2246 dederat
1019 2214 1045 2245 C
1068 2213 1119 2254 19,
1139 2214 1159 2244 2
1176 2216 1261 2246 conl.
1279 2214 1303 2246 J
1319 2212 1373 2253 82,
1393 2213 1421 2245 1.
1455 2213 1600 2245 tradere
1616 2212 1640 2244 J
1655 2211 1755 2251 82,—3.

239 2261 273 2292 ei
291 2260 408 2291 ——iam
426 2260 631 2291 Numidiam
648 2260 801 2301 populus
819 2259 923 2291 iussit
938 2259 962 2291 J
979 2258 1040 2299 84,
1064 2258 1090 2291 1.
1133 2259 1170 2290 in
1195 2269 1325 2291 novam
1349 2258 1575 2300 provinciam
1593 2257 1757 2289 Curenas

239 2305 369 2337 missus
386 2305 421 2335 H
437 2304 473 2336 II
487 2303 541 2337 39.
583 2315 647 2346 per
671 2315 812 2336 omnem
837 2315 940 2336 —am
964 2305 998 2335 H
1011 2305 1028 2335 I
1045 2303 1087 2335 67
1112 2307 1197 2336 conl.
1216 2304 1251 2335 Π
1267 2303 1329 2343 23,
1349 2304 1382 2335 4.
1408 2303 1461 2335 111
1481 2302 1508 2335 l.
1550 2302 1596 2334 ad
1612 2301 1757 2345 provin—

239 2351 335 2382 ciam
355 2349 513 2381 adcedat
528 2349 552 2380 J
565 2349 617 2387 25,
629 2349 649 2380 5
667 2351 752 2381 conl.
771 2348 821 2387 13,
837 2349 868 2380 4.
896 2349 950 2388 25,
966 2348 1014 2380 10.
1042 2348 1096 2389 61,
1112 2349 1132 2380 2
1150 2349 1258 2390 (quae
1276 2359 1449 2390 proxuma
1467 2350 1522 2379 est
1538 2345 1756 2388 Numidiae).

239 2394 292 2434 39,
313 2395 344 2427 4.
369 2394 425 2435 44,
442 2394 475 2426 4.
517 2394 553 2425 in
572 2394 762 2436 provincia
780 2393 806 2425 C
828 2392 878 2432 19,
899 2393 931 2425 3.
973 2394 1012 2424 in
1036 2393 1208 2426 ulteriore
1234 2394 1314 2425 —ia
1338 2394 1372 2425 H
1389 2393 1423 2425 11
1439 2393 1495 2424 24.
1536 2402 1660 2424 omnes
1676 2402 1757 2434 pro-5

238 2440 387 2472 vinciae
411 2449 526 2482 regna
551 2439 668 2470 maria
693 2442 849 2479 terraeq.
877 2448 1009 2479 aspera
1035 2441 1097 2469 aut
1121 2439 1220 2470 fessa
1245 2438 1352 2470 bellis
1370 2438 1404 2469 H
1422 2438 1457 2470 11
1473 2436 1527 2477 41,
1549 2437 1600 2470 14.
1640 2446 1756 2479 neque

239 2488 275 2517 te
290 2495 379 2517 -ae
394 2494 510 2526 neque
526 2483 630 2526 leges
640 2494 756 2526 neque
774 2483 810 2515 di
824 2486 977 2524 penates
989 2482 1105 2514 civem
1119 2484 1306 2524 patiuntur
1318 2484 1353 2515 H
1366 2483 1382 2514 1
1395 2481 1504 2521 48,16
1515 2492 1607 2524 susp.
1642 2491 1757 2524 regna

241 2540 342 2568 —ae,
363 2530 465 2571 leges
484 2529 565 2561 iura
582 2529 729 2568 iudicia,
749 2527 849 2560 bella
868 2530 940 2568 atq.
960 2537 1071 2568 paces
1089 2538 1201 2569 penes
1219 2538 1354 2570 paucos
1371 2528 1394 2560 J
1412 2526 1466 2567 31,
1484 2526 1528 2559 20
1545 2529 1630 2559 conl.
1649 2525 1704 2567 41,
1723 2525 1757 2558 7.

240 2576 275 2607 Η
293 2576 309 2606 Ι
327 2574 381 2615 41,
406 2573 455 2607 13.
483 2573 510 2605 C
529 2573 584 2615 39,
603 2574 636 2605 2.
661 2574 697 2605 H
712 2574 766 2606 III
781 2571 837 2610 61,
858 2571 910 2603 16.
944 2572 1076 2604 Italiae
1094 2573 1287 2604 marituma
1306 2576 1343 2604 et
1359 2572 1628 2615 provinciarum
1645 2570 1757 2613 plena

239 2619 399 2652 hostiurn
416 2620 451 2651 H
468 2619 503 2650 II
519 2619 574 2659 41,
593 2619 625 2650 7.
667 2617 877 2661 provincias
900 2617 997 2648 inter
1019 2626 1057 2648 se
1082 2617 1312 2658 partiverant
1327 2618 1351 2649 J
1367 2616 1423 2657 43,
1447 2616 1488 2648 1..
1516 2616 1608 2648 dono
1626 2615 1758 2648 dantur

240 2666 278 2697 in
298 2665 395 2697 —ias
413 2663 690 2706 magistratibus
708 2665 743 2696 H
758 2663 811 2696 III
827 2661 881 2702 61,
900 2661 954 2694 27.

286 2710 430 2750 prudens
460 2709 617 2742 omnium
642 2719 735 2750 quae
759 2710 907 2741 senatus
933 2708 1127 2739 censuerat
1150 2707 1184 2737 H
1207 2706 1224 2737 I
1246 2705 1300 2738 91.
1349 2706 1439 2737 meis
1467 2705 1645 2737 militibus
1668 2704 1758 2738 belli

242 2756 385 2787 —tibus
409 2755 444 2785 H
467 2754 518 2786 IV
542 2753 604 2794 61,
633 2753 684 2786 16.
731 2756 772 2786 ut
794 2752 991 2796 prudentes
1016 2761 1097 2784 cum
1119 2751 1287 2793 inperitis
1310 2761 1455 2782 manum
1478 2753 1713 2782 consererent
1732 2750 1758 2782 J

242 2800 296 2840 49,
315 2801 346 2832 2.
388 2799 497 2841 pauci
515 2802 614 2831 —tes
633 2799 818 2841 ingenuiq.
837 2797 872 2829 H
888 2797 942 2829 111
958 2795 1012 2837 67,
1036 2795 1087 2828 12.
1128 2796 1360 2838 prudentiore
1384 2796 1523 2837 inperio
1541 2793 1757 2837 (provincia)

243 2844 464 2877 continenda
488 2844 558 2876 fuit
580 2844 615 2875 H
638 2845 675 2876 ΙΙ
697 2842 753 2876 39.
794 2841 1107 2886 prudentissumus
1132 2841 1282 2883 quisque
1306 2850 1471 2873 maxume
1495 2840 1709 2882 negotiosus
1728 2838 1756 2871 O

241 2889 272 2929 8,
292 2890 323 2921 5.
366 2889 510 2932 inpigre
527 2889 759 2931 prudenterq.
779 2897 921 2920 suorum
939 2889 976 2919 et
991 2886 1147 2919 hostium
1165 2896 1222 2918 res
1239 2886 1379 2929 pariter
1397 2885 1594 2918 adtendere
1611 2885 1635 2917 J
1650 2882 1706 2926 88,
1721 2883 1756 2916 2.
1771 2888 1774 2890 ’
