1852 3294
218 211 298 253 248
905 225 1038 251 INDEX

262 326 418 358 intectus.
452 327 576 356 cetera
593 324 769 359 intectum
793 334 922 366 corpus
941 325 974 356 H
993 325 1006 357 i
1026 323 1075 357 18.
1116 325 1212 357 nuda
1236 325 1376 358 intecta
1402 336 1554 369 corpora
1576 326 1612 358 H
1635 326 1648 358 i
1670 324 1726 359 59.

220 372 383 403 intectae
407 370 532 401 domus
549 369 584 400 H
600 369 636 400 ΙΙ
651 368 692 400 21
720 368 832 409 (conr.
851 370 930 402 sine
948 370 1080 410 tectis).

264 416 407 455 integer.
437 414 628 446 licentiam
647 414 749 456 quasi
767 415 888 447 tabem
907 415 952 447 ad
970 416 1131 458 integros
1149 417 1321 447 contactu
1338 416 1534 458 procedere
1552 417 1587 448 H
1603 417 1621 448 I
1636 414 1692 455 48,
1707 413 1729 447 9

221 461 319 501 (conl.
338 460 518 502 integrum
535 459 722 501 ingenium
740 459 901 493 adolevit
917 461 940 493 J
957 459 1017 501 63,
1037 460 1083 501 3).
1125 461 1234 503 pauci
1258 461 1393 503 integri
1418 462 1552 493 abeunt
1574 462 1597 494 J
1614 461 1676 501 53,
1696 460 1729 494 3.

221 505 279 544 60,
300 505 331 535 7.
374 505 537 546 integros
562 515 625 546 pro
651 505 786 537 sauciis
812 515 997 538 arcessere
1017 505 1043 538 C
1061 505 1123 546 60,
1142 505 1173 537 4.
1216 506 1388 548 Tigranis
1406 516 1517 548 regno
1535 506 1678 549 integro
1695 506 1731 538 H

220 551 270 582 IV
287 549 341 589 61,
364 548 416 581 16.
457 549 550 581 —ris
575 549 706 581 finibus
731 551 806 582 suis
830 551 864 582 H
881 551 931 583 IV
947 549 1008 590 61,
1029 549 1081 583 16.
1125 550 1238 593 copiis
1263 551 1408 594 integra
1432 551 1467 583 H
1484 551 1519 583 ΙΙ
1535 550 1589 583 95.
1629 551 1731 584 fama.

224 599 259 628 et
277 595 432 627 fortunis
456 595 599 637 integer
622 595 657 626 H
674 595 708 627 II
725 595 784 635 41,
804 595 837 628 5.
879 596 977 628 fama
995 597 1139 639 integra
1155 597 1178 629 J
1195 595 1237 628 67
1253 621 1260 635 ,
1280 595 1310 628 3.
1355 607 1375 628 a
1398 596 1522 639 populi
1548 595 1731 639 suffragiis

222 642 368 683 integer
390 640 424 672 H
447 640 463 671 I
485 639 540 672 52.
582 640 704 682 gratia
727 658 769 663 ——
795 651 937 684 semper
961 641 1056 684 apud
1080 652 1136 673 me
1161 652 1246 673 -ra
1265 642 1334 673 erit
1351 641 1374 673 J
1395 641 1474 681 110,
1494 641 1526 673 4.
1567 641 1732 674 consulta

223 696 309 718 —ra
325 685 460 718 habere
477 685 500 717 J
522 684 599 726 108,
620 685 651 717 2.
694 688 879 728 tamquam
903 687 949 719 ad
974 697 1095 718 —rum
1119 686 1254 719 bellum
1280 691 1412 719 cuncta
1431 689 1538 729 parat
1560 687 1584 720 J
1607 685 1670 727 73,
1703 685 1730 719 1.

224 731 268 763 tle
287 732 429 773 integro
445 731 469 763 J
486 729 541 770 62,
559 729 591 762 9.

268 777 452 817 integritas
468 776 567 808 vitae
586 775 612 808 C
631 775 685 815 54,
704 776 736 807 2.

269 822 434 862 intellego
461 819 537 863 [ica,
563 831 627 853 non
644 821 828 864 intelligo,
852 823 1022 865 plerisque
1046 825 1128 854 locis
1151 824 1275 864 optumi
1289 822 1376 854 libri.
1416 822 1666 865 intellegerint
1688 832 1734 855 ea:

225 868 299 899 cod.
331 867 408 899 Vat.
427 868 600 908 scriptura
617 867 797 898 eruendum
813 867 848 898 H
865 868 882 898 I
899 866 959 907 41,
978 866 1031 899 23.
1065 878 1129 909 pro
1145 868 1218 909 pfo.
1235 867 1355 899 haber-i
1374 868 1502 909 poterit
1515 867 1696 910 intellegit
1710 867 1734 900 J

226 912 264 949 6,
284 913 316 943 2.
350 916 385 943 at
402 911 569 943 intellexi
593 913 714 951 leqz‘tm·
738 912 765 944 O
783 911 846 950 20,
865 912 895 944 3.
921 913 943 945 J
961 912 1021 952 93,
1042 911 1073 944 3.
1100 913 1135 944 Η
1152 913 1205 944 III
1220 911 1260 944 61
1273 937 1281 952 ,
1299 911 1347 955 9].
1384 913 1465 955 Seq.
1483 923 1554 944 acc.
1573 923 1601 945 c.
1624 912 1686 953 inf.
1705 911 1733 944 C

225 956 287 996 20,
306 956 338 989 3.
371 956 431 996 32,
455 956 470 987 1
490 956 772 998 (intellegebat).
806 956 866 996 46,
885 958 917 989 2.
950 958 974 989 J
991 956 1028 996 6,
1047 958 1079 989 2.
1112 957 1152 994 9,
1171 958 1192 989 4
1217 957 1311 999 (011111
1328 956 1588 1000 intellegeret).
1621 956 1682 997 23,
1705 956 1734 989 1.

227 1003 281 1042 52,
300 1001 331 1034 3.
358 1001 414 1041 85,
432 1002 452 1034 5
471 1001 598 1042 (illud).
625 1001 686 1040 93,
706 1001 737 1034 3.
764 1003 799 1034 Η
816 1003 832 1034 Ι
849 1002 910 1042 48,
929 1001 960 1035 3.
986 1003 1039 1034 111
1055 1002 1117 1043 61,
1135 1001 1167 1034 9.
1199 1013 1261 1035 om.
1282 1013 1361 1035 esse
1378 1003 1401 1035 J
1424 1002 1472 1043 11,
1496 1003 1510 1034 1
1531 1002 1736 1044 (intellege-

226 1047 317 1088 bat).
342 1047 403 1087 21,
427 1047 454 1079 1.
482 1048 516 1078 Η
533 1048 550 1078 Ι
566 1046 628 1087 41,
647 1046 690 1079 23
708 1046 887 1090 (praemia
904 1059 1016 1090 penes
1034 1047 1195 1090 paucos).
1226 1048 1276 1079 IV
1293 1046 1352 1088 61,
1375 1047 1416 1080 13
1434 1046 1528 1089 (curn
1546 1046 1736 1089 intellege-

227 1092 328 1133 rem).
361 1103 430 1134 qua
448 1103 485 1124 re
503 1092 618 1124 hostis
636 1093 764 1124 adesse
779 1093 1033 1135 intellegiturJ
1052 1092 1125 1133 101,
1140 1093 1166 1125 1.
1191 1094 1393 1136 seqdnterr.
1405 1095 1472 1125 ind.
1485 1091 1575 1132 028,
1587 1093 1619 1125 2.
1638 1091 1692 1132 58,
1703 1091 1735 1124 5.

226 1139 250 1171 J
267 1137 327 1177 33,
345 1138 377 1169 4.
420 1137 675 1169 celebritatem
698 1139 854 1170 nominis
877 1138 1052 1180 intellego
1077 1139 1263 1170 timentem
1288 1139 1322 1170 H
1339 1139 1370 1169 V
1389 1138 1441 1170 14.
1482 1138 1668 1181 prIncipes
1684 1137 1737 1169 in-

229 1183 430 1225 tellegundi
447 1183 571 1215 divina
588 1183 623 1214 H
638 1183 692 1215 III
708 1182 764 1215 60.
807 1193 898 1225 quae
922 1184 952 1215 si
969 1184 1072 1215 vobis
1089 1194 1160 1226 pax
1175 1201 1219 1206 —
1236 1183 1499 1226 intelleguntur
1515 1183 1550 1215 H
1567 1183 1584 1215 Ι
1600 1182 1662 1223 41,
1681 1182 1735 1214 25.

229 1228 397 1261 delectae
416 1228 580 1260 cohortes
597 1228 766 1271 intellegi
784 1239 938 1271 coepere
957 1229 992 1260 H
1008 1229 1061 1260 ΙΙΙ
1077 1228 1131 1260 70.

273 1274 501 1313 intempestus.
533 1283 599 1304 —a
617 1277 724 1305 110010
744 1273 771 1305 O
789 1274 843 1314 27,
863 1273 894 1306 3.
922 1273 976 1313 32,
998 1274 1026 1305 1.
1052 1275 1075 1306 J
1092 1273 1146 1314 38,
1165 1274 1197 1306 4.

273 1319 410 1351 intendo
435 1319 592 1350 animum
616 1318 653 1350 in
677 1329 827 1362 regnum
851 1319 940 1351 Adh.
959 1320 982 1352 J
1000 1319 1060 1358 20,
1084 1318 1111 1351 1.
1155 1319 1200 1351 ad
1217 1318 1352 1351 bellum
1367 1319 1390 1351 J
1408 1318 1463 1359 43,
1481 1319 1513 1351 2.
1554 1317 1739 1361 ingenium

231 1363 258 1395 C
276 1363 331 1402 51,
343 1363 373 1396 3.
409 1375 509 1396 arma
526 1363 600 1395 tela
617 1366 797 1406 temptare
815 1365 1003 1396 intendere
1021 1365 1043 1396 J
1064 1364 1136 1403 105,
1153 1364 1185 1396 4.
1227 1363 1351 1396 officia
1366 1365 1390 1397 J
1408 1364 1461 1404 75,
1478 1363 1511 1396 8.
1548 1373 1688 1396 summa
1703 1363 1741 1396 vi

231 1419 363 1451 capere
385 1409 540 1440 intendit
554 1409 578 1441 J
594 1407 648 1449 92,
668 1407 700 1441 6.
743 1420 811 1451 quo
828 1410 880 1441 ire
898 1410 1132 1441 intenderant
1148 1410 1171 1442 J
1192 1408 1264 1449 107,
1284 1409 1315 1441 7.
1357 1419 1473 1451 neque
1499 1409 1593 1451 quod
1615 1412 1741 1441 ——erat

232 1453 380 1486 efficere
398 1457 519 1496 potest
534 1454 557 1486 J
574 1454 628 1494 25,
650 1453 700 1486 10.
741 1455 889 1497 negotio
909 1455 1000 1496 quod
1017 1455 1225 1486 intenderat
1239 1455 1263 1486 J
1282 1454 1355 1493 104,
1377 1454 1405 1486 1.
1447 1453 1740 1496 quocumquein-

230 1500 398 1532 tenderat
414 1500 438 1531 J
455 1499 514 1539 74,
536 1499 551 1531 1
578 1502 664 1531 conl.
695 1499 773 1539 102,
796 1499 824 1533 1.
866 1500 965 1531 dicta
991 1499 1115 1531 eodem
1131 1499 1321 1531 intendere
1338 1499 1362 1532 J
1382 1498 1455 1538 104,
1478 1498 1507 1530 1.
1540 1499 1670 1531 Partic.
1686 1498 1740 1530 in-

231 1547 334 1576 tenta
351 1544 447 1576 mala
463 1545 497 1576 H
513 1545 530 1576 I
546 1543 601 1584 48,
620 1544 659 1576 12
675 1555 766 1586 susp.
801 1545 958 1587 negotiis
973 1563 1016 1568 -
1032 1545 1194 1577 intentus
1211 1545 1237 1576 C
1253 1545 1307 1586 54,
1325 1545 1358 1576 4.
1384 1545 1408 1577 J
1424 1543 1480 1583 89,
1498 1543 1529 1577 3.
1563 1543 1701 1586 proelio
1717 1544 1742 1576 J

232 1589 292 1628 76,
311 1591 343 1621 2.
369 1589 423 1627 94,
443 1588 475 1622 3.
495 1590 545 1621 5.·
570 1600 675 1631 quam
699 1591 841 1622 intenta
866 1591 977 1622 fuerit
1001 1590 1127 1632 plebes
1144 1591 1166 1622 J
1184 1589 1238 1631 40,
1258 1589 1290 1621 3.
1324 1589 1578 1632 expectatione
1602 1589 1742 1622 animos

230 1638 332 1667 ——tos
348 1635 449 1670 J-44,
470 1634 501 1667 3.
543 1639 692 1667 senatus
710 1635 802 1666 nihil
821 1646 909 1667 sane
925 1639 1028 1667 —tus
1047 1634 1073 1666 C
1095 1634 1154 1674 16,
1173 1635 1205 1667 5.
1246 1635 1378 1667 intenti
1397 1634 1573 1677 proelium
1596 1644 1742 1676 prospe—

233 1680 385 1712 ctabant
399 1680 423 1712 J
439 1679 499 1719 60,
520 1679 550 1712 3.
593 1680 867 1722 proeliantibus
881 1681 1036 1712 aderant
1051 1681 1074 1712 J
1090 1679 1134 1712 93
1147 1705 1154 1719 ,
1173 1680 1204 1712 4.
1245 1680 1405 1712 intentus
1431 1679 1583 1722 gloriam
1601 1679 1744 1722 quaerit

234 1725 260 1758 C
278 1726 309 1765 2,
329 1725 351 1757 9
369 1724 448 1766 (vid.
471 1726 580 1757 Coum.
598 1736 632 1766 p.
655 1724 742 1765 100).
770 1726 809 1765 4,
835 1725 861 1758 1.
888 1725 919 1764 6,
939 1725 969 1757 5.
996 1726 1020 1757 J
1035 1725 1090 1766 23,
1113 1725 1141 1757 1.
1168 1724 1221 1765 30,
1241 1724 1272 1757 3.
1299 1724 1354 1763 91,
1373 1725 1404 1756 4.
1447 1735 1488 1757 eo
1506 1724 1680 1757 intentior
1697 1723 1743 1756 ad

232 1771 426 1803 victoriam
445 1771 512 1802 niti
527 1771 551 1802 J
566 1770 620 1809 55,
641 1769 672 1803 3.
713 1771 848 1803 intenti
864 1771 1057 1812 paratique
1077 1774 1199 1803 essent
1216 1770 1242 1802 O
1260 1770 1319 1808 27,
1339 1770 1371 1802 2.
1405 1770 1527 1812 parati
1542 1769 1742 1812 intentique

232 1816 405 1848 invadere
423 1817 446 1848 J
462 1815 523 1854 49,
543 1815 575 1848 3.
615 1816 784 1847 instructi
801 1816 967 1858 intentiq.
985 1816 1009 1848 J
1024 1815 1085 1855 53,
1105 1816 1137 1848 5.
1179 1819 1338 1847 armatus
1354 1815 1551 1857 intentusq.
1567 1815 1592 1847 J
1611 1813 1690 1856 100,
1709 1815 1742 1846 4.

233 1862 369 1893 infensi
387 1861 591 1903 intentique
608 1860 632 1893 J
647 1861 702 1901 57,
721 1860 753 1893 3.
794 1861 937 1893 intento
955 1865 1063 1904 atque
1082 1862 1216 1893 infesto
1236 1861 1399 1893 exercitu
1413 1861 1438 1893 J
1453 1859 1512 1901 46,
1532 1860 1565 1892 5.
1607 1870 1674 1902 quo
1691 1861 1744 1892 in-

232 1906 369 1939 tentius
388 1917 432 1939 ea
451 1907 570 1949 agetis
589 1906 616 1938 C
633 1906 688 1947 52,
713 1905 752 1938 18
770 1905 845 1948 (sol.
865 1905 907 1947 23,
927 1909 988 1939 rel.
1009 1906 1219 1945 adtentius).

277 1953 376 1983 inter.
408 1952 504 1984 inter
521 1951 652 1983 montis
670 1969 710 1974 ——
731 1954 767 1983 et
783 1970 826 1974 —
845 1962 976 1994 aspera
995 1952 1021 1983 C
1040 1950 1101 1992 59,
1121 1953 1152 1984 2.
1178 1952 1201 1984 J
1219 1950 1277 1988 75,
1296 1952 1327 1981 2.
1354 1949 1408 1988 78,
1425 1950 1458 1983 5.
1488 1949 1561 1991 110,
1580 1948 1602 1982 8
1619 1948 1690 1991 (me
1708 1952 1745 1982 et

231 1997 453 2039 Micipsam).
479 1997 514 2028 H
529 1998 546 2028 I
563 1995 594 2029 8.
621 1997 656 2028 ΙΙ
679 1995 729 2028 18.
755 1997 808 2029 III
823 1997 854 2029 4.
884 1996 935 2029 19.
978 1998 1072 2029 inter
1095 1996 1292 2029 secundum
1317 1998 1353 2028 et
1374 1998 1593 2038 postremum
1610 1994 1745 2027 bellum

234 2042 541 2085 Carthaginiense
558 2042 594 2073 H
610 2043 627 2074 I
642 2041 674 2073 8.
710 2043 806 2074 111101
823 2043 1057 2075 ambitionem
1075 2042 1341 2083 saevitiamque
1359 2041 1582 2073 moderatum
1598 2040 1622 2073 J
1637 2039 1691 2081 45,
1714 2040 1744 2072 1.

235 2088 428 2119 discrimen
445 2088 540 2119 inter
555 2087 668 2120 bonos
688 2091 724 2119 et
740 2087 873 2119 malum
891 2087 1027 2119 nullum
1045 2087 1071 2119 C
1090 2087 1150 2127 52,
1169 2087 1224 2118 22.
1267 2086 1350 2129 quid
1366 2086 1561 2118 interesset
1578 2086 1674 2118 inter
1689 2085 1746 2118 ius

236 2135 272 2164 et
289 2133 478 2165 servitium
498 2133 531 2163 H
547 2133 599 2164 III
616 2131 670 2171 61,
694 2132 720 2164 1.
762 2132 901 2175 proelia
924 2133 1018 2164 inter
1041 2143 1097 2165 me
1116 2135 1152 2164 et
1170 2131 1357 2164 Lucullum
1374 2132 1409 2163 H
1425 2132 1474 2163 1V
1491 2130 1550 2172 61,
1572 2130 1623 2163 15.
1665 2141 1746 2163 con-

236 2178 336 2210 venit
353 2178 448 2209 inter
463 2177 607 2219 plebem
627 2181 662 2210 et
679 2181 802 2220 patres
819 2179 854 2209 H
870 2179 919 2210 IV
938 2177 992 2210 30.
1033 2178 1196 2210 dividere
1222 2178 1318 2209 inter
1334 2176 1424 2208 Adh.
1451 2180 1488 2208 et
1502 2177 1581 2219 Iug.
1597 2176 1622 2208 J
1641 2174 1692 2216 16,
1711 2176 1744 2207 2.

234 2223 330 2254 111101
355 2223 538 2254 cadavera
561 2226 728 2264 repertus
755 2226 809 2255 est
834 2222 860 2254 C
887 2222 949 2262 61,
969 2224 1000 2254 4.
1042 2224 1138 2255 inter
1163 2223 1279 2264 Syrtis
1302 2222 1430 2264 Leptis
1451 2222 1475 2254 J
1501 2220 1556 2261 19,
1576 2221 1607 2254 3.
1633 2219 1693 2262 78,
1715 2220 1745 2252 l.

235 2269 331 2299 inter
354 2267 508 2299 hiberna
533 2269 731 2299 exercitum
754 2268 891 2300 habere
915 2269 938 2300 J
958 2268 1018 2306 70,
1045 2269 1075 2300 4.
1127 2271 1205 2300 erat
1227 2268 1322 2300 inter
1346 2267 1562 2299 solitudines
1585 2266 1610 2299 J
1632 2265 1694 2304 89,
1712 2266 1745 2298 4.

235 2314 331 2344 inter
349 2316 506 2344 ceteram
523 2312 712 2354 planitiem
729 2313 752 2345 J
768 2312 830 2352 92,
848 2314 869 2345 5
893 2318 976 2346 conl.
999 2314 1023 2345 J
1040 2312 1093 2353 49,
1112 2313 1144 2345 5.
1171 2312 1226 2353 92,
1244 2312 1277 2345 9.
1302 2311 1357 2352 93,
1377 2313 1407 2344 2.
1426 2312 1458 2344 4.
1489 2311 1562 2352 101,
1585 2311 1636 2343 11.
1660 2310 1696 2343 Η
1711 2311 1748 2343 H

235 2357 294 2397 96,
315 2357 345 2389 5.
387 2358 482 2389 inter
505 2357 664 2399 virgulta
682 2358 838 2390 evadere
855 2358 879 2390 J
896 2358 957 2398 50,
976 2357 1008 2390 6.
1049 2359 1145 2390 111101
1161 2358 1236 2390 tela
1252 2359 1276 2391 J
1296 2357 1375 2396 101,
1394 2357 1427 2390 9.
1462 2367 1506 2389 ea
1525 2367 1634 2400 agere
1651 2357 1748 2389 inter

236 2403 378 2436 invidos
402 2403 425 2434 J
449 2401 510 2442 85,
530 2401 561 2435 3.
602 2403 698 2434 inter
722 2413 850 2434 reeens
875 2403 1025 2435 domitos
1050 2403 1195 2435 Pisidas
1219 2404 1253 2435 H
1269 2403 1323 2435 III
1338 2402 1393 2435 53.
1435 2402 1629 2435 tenebatur
1651 2402 1748 2434 inter

237 2451 341 2480 tanta
358 2448 449 2480 vitia
468 2447 494 2480 C
513 2447 551 2487 3,
571 2447 603 2480 4.
644 2448 740 2479 inter
762 2448 875 2479 bonas
900 2449 988 2480 artis
1014 2448 1174 2480 adolevit
1189 2448 1213 2480 J
1230 2447 1290 2488 63,
1310 2447 1341 2480 3.
1382 2448 1478 2480 inter
1501 2457 1602 2479 arma
1624 2446 1748 2480 civilia

243 2511 279 2516 -
296 2494 387 2535 petit
404 2493 438 2524 H
456 2493 467 2524 i
486 2492 537 2524 76.
572 2493 669 2525 inter
683 2493 776 2525 haec
793 2496 923 2534 parata
940 2496 1013 2534 atq.
1031 2493 1181 2525 decreta
1196 2493 1222 2524 C
1241 2492 1295 2533 43,
1307 2493 1337 2526 3.
1373 2493 1468 2524 inter
1484 2492 1748 2524 dubitationem

239 2542 275 2571 et
292 2549 410 2570 moras
424 2541 572 2570 senatus
585 2538 609 2570 J
622 2537 717 2578 30,3.
753 2538 848 2569 inter
866 2548 929 2569 eas
947 2548 1064 2570 moras
1077 2539 1101 2570 J
1114 2538 1167 2578 47,
1179 2538 1211 2569 4.
1238 2538 1335 2579 74,2.
1366 2538 1462 2570 inter
1478 2537 1658 2569 laetitiam
1670 2536 1747 2579 ple-

238 2585 297 2616 bei
316 2587 353 2615 et
377 2594 520 2616 suorum
545 2584 671 2625 fugam
692 2583 716 2615 J
738 2581 798 2623 40,
818 2583 850 2614 4.
899 2583 995 2615 inter
1018 2583 1111 2615 haec
1135 2584 1286 2625 negotia
1308 2583 1332 2615 J
1348 2583 1408 2621 47,
1428 2581 1462 2614 3.
1502 2582 1598 2614 inter
1621 2580 1748 2624 epulas

239 2630 459 2662 obtruncant
474 2629 498 2660 J
514 2628 573 2670 66,
594 2628 625 2661 3.
666 2629 762 2660 inter
778 2629 979 2670 potentium
1001 2628 1216 2659 inimicitias
1241 2628 1275 2659 H
1292 2628 1345 2659 III
1361 2626 1421 2668 61,
1440 2627 1495 2659 27.
1536 2626 1632 2658 inter
1655 2626 1747 2658 alias

239 2686 297 2707 res
314 2675 404 2706 iacit
420 2675 443 2706 J
463 2674 519 2714 11,
536 2674 568 2706 5.
610 2684 698 2716 quos
724 2674 819 2705 inter
842 2683 1007 2705 maxume
1031 2673 1065 2704 H
1085 2674 1101 2705 1
1121 2672 1195 2705 113.
1228 2673 1318 2704 haut
1334 2672 1459 2714 procul
1476 2669 1571 2703 i'nter
1588 2682 1626 2703 se
1645 2674 1749 2703 erant

239 2721 262 2752 J
279 2719 333 2759 53,
354 2720 384 2751 7.
424 2720 512 2751 haut
527 2719 635 2761 longe
652 2719 747 2750 inter
763 2728 802 2750 se
819 2719 842 2750 J
859 2719 917 2759 55,
937 2717 969 2751 6.
1010 2717 1112 2750 collis
1129 2718 1348 2760 propinquos
1373 2717 1468 2748 inter
1485 2727 1524 2749 se
1537 2717 1561 2748 J
1575 2715 1638 2756 98,
1656 2715 1687 2749 3.
1713 2717 1749 2748 Η

240 2767 255 2797 Ι
273 2764 327 2796 61.
370 2765 468 2797 obvii
494 2765 588 2796 inter
611 2775 649 2796 se
673 2765 696 2797 J
720 2762 780 2801 79,
801 2764 832 2796 4.
873 2763 965 2806 quod
989 2762 1251 2795 difficillumum
1277 2763 1301 2794 i.
1326 2762 1488 2794 mortalis
1512 2766 1568 2794 est
1589 2762 1612 2794 J
1639 2760 1696 2802 10,
1715 2761 1748 2794 2.

239 2811 335 2842 111101
353 2810 465 2842 bonos
484 2810 657 2849 amicitia,
679 2810 772 2841 inter
788 2809 903 2841 malos
920 2809 1032 2841 factio
1052 2812 1107 2840 est
1122 2808 1145 2840 J
1163 2806 1223 2847 31,
1247 2807 1299 2839 12.
1339 2807 1439 2839 bella
1456 2810 1528 2849 atq.
1549 2807 1749 2840 certamina

240 2857 338 2887 inter
361 2854 525 2887 mortalis
550 2858 632 2886 sunt
651 2854 677 2887 O
702 2853 762 2893 33,
782 2854 802 2886 4
825 2856 911 2886 conl.
929 2854 952 2886 J
969 2853 1032 2893 21,
1050 2853 1082 2885 2.
1109 2852 1170 2892 79,
1191 2852 1222 2885 3.
1265 2851 1480 2894 (certamen)
1499 2852 1526 2884 C
1547 2851 1582 2892 l,
1601 2851 1632 2884 5.
1658 2851 1697 2890 7,
1714 2850 1747 2884 6.

238 2901 261 2932 J
278 2900 331 2941 41,
352 2901 382 2932 2.
409 2901 443 2932 Η
461 2901 513 2933 111
530 2899 591 2940 67,
614 2899 664 2932 11.
709 2902 850 2932 certare
869 2900 965 2932 inter
982 2909 1019 2932 se
1039 2898 1066 2931 C
1083 2898 1137 2940 52,
1160 2897 1187 2930 1.
1231 2898 1422 2930 coniurant
1438 2898 1533 2930 inter
1550 2907 1588 2929 se
1605 2897 1625 2929 J
1643 2894 1699 2935 66,
1716 2897 1748 2930 2.
