1812 3268
181 241 262 281 402
878 249 1011 275 INDEX

183 353 314 386 vellem
331 352 424 383 haec
443 368 484 372 ——
503 359 600 381 vana
619 349 739 380 forent
756 348 876 391 potius
895 358 1001 390 quam
1019 348 1167 380 miseria
1186 347 1292 388 fidem
1310 348 1454 380 faceret
1469 348 1494 380 J
1509 349 1564 388 24,
1577 347 1609 380 9.
1641 348 1705 382 ubi

185 399 276 430 satis
295 396 485 438 explorata
504 398 586 425 sunt
605 391 701 435 quae‘
715 393 830 425 voluit
848 393 874 424 C
899 393 990 433 17,2.
1027 393 1122 435 apud
1140 393 1223 425 illos
1241 396 1325 425 sunt
1342 396 1406 425 aut
1422 393 1485 425 ubi
1502 391 1559 425 illi
1576 393 1704 426 volunt

185 443 211 474 C
230 440 284 479 20,
303 440 335 471 8.
378 449 459 471 sese
487 449 589 480 quem
613 438 650 469 in
674 438 791 470 locum
815 438 954 470 vellent
971 448 1203 481 processuros
1220 438 1243 470 J
1260 436 1314 477 79,
1333 437 1366 469 8.
1407 441 1575 481 paratum
1592 448 1631 470 se
1649 438 1704 471 fa·

185 497 267 518 cere
287 495 379 527 quae
398 495 453 526 po.
474 484 587 515 vellet
602 483 625 514 J
647 482 725 521 108,
745 483 775 515 2.
819 483 962 525 qualem
986 487 1024 514 tu
1048 483 1147 515 voles
1173 483 1388 514 societatem
1415 483 1576 525 accipiet
1602 483 1638 514 H
1654 484 1704 515 IV

183 531 239 570 61,
259 531 290 561 4.
332 545 376 552 --
394 529 549 571 pecunia
569 528 629 570 qui
646 527 793 560 voluere
811 528 866 560 usi
885 531 967 560 sunt
984 529 1018 559 H
1035 528 1069 559 II
1086 527 1140 566 41,
1161 528 1193 559 4.
1229 528 1345 570 gerite
1365 528 1483 570 quoad
1500 527 1610 560 voltis
1627 527 1703 560 bel-

183 577 255 607 lum
273 575 296 606 J
318 572 390 613 110,
409 574 441 605 8.
478 571 640 614 (bellum)
660 573 791 615 deponi
810 583 888 605 cum
907 574 1065 605 victores
1082 572 1199 605 velint
1215 573 1238 605 J
1255 572 1310 612 83,
1333 572 1361 604 1.
1399 573 1508 604 sicuti
1523 573 1702 614 voluerat,

184 619 372 661 congressi
388 619 411 651 J
434 617 513 656 109,
533 618 567 649 2.
607 628 662 649 me
687 618 868 650 volentem
894 619 1052 649 animam
1077 618 1170 650 dono
1196 617 1340 649 dedisse
1364 618 1399 649 H
1416 618 1450 649 II
1466 618 1528 657 41,
1552 617 1602 649 12.
1643 627 1704 651 vo-

184 665 345 697 lentibus
363 663 528 695 omnibus
545 663 650 695 bonis
669 662 695 694 C
714 661 767 701 33,
787 662 818 694 2.
853 663 988 695 virtute
1009 673 1052 694 ac
1071 662 1148 694 deis
1165 663 1373 694 volentibus
1390 663 1414 694 J
1433 662 1483 701 14,
1507 661 1557 696 19.
1590 663 1704 695 tutius

185 710 258 742 rati
274 708 482 741 volentibus
501 702 607 750 quar'n
627 707 763 739 coactis
788 708 988 750 inperitare
1004 708 1027 739 J
1049 706 1126 747 102,
1146 706 1178 739 6.
1219 717 1356 749 poenas
1379 707 1547 739 volentes
1569 717 1704 750 pepen-

187 755 272 787 dere
289 754 311 786 J
330 752 390 791 76,
410 752 441 785 6.
489 753 595 784 multi
618 753 785 785 volentes
812 753 1005 784 adcurrere
1029 752 1062 783 H
1086 752 1121 783 II
1143 751 1197 783 48.
1247 762 1325 783 cum
1351 752 1558 784 volentibus
1583 755 1705 784 castra

185 800 278 842 petit
295 799 330 830 H
347 799 399 829 III
415 796 469 836 67,
489 797 521 830 3.
561 797 752 829 munificus
776 807 881 829 nemo
907 797 1106 839 putabatur
1127 797 1199 828 nisi
1221 797 1360 838 pariter
1384 796 1511 829 volens
1527 797 1551 829 J
1572 796 1651 836 103,
1671 795 1703 829 6.

186 844 327 877 volenti
346 844 466 875 animo
486 845 708 885 acceperant
724 842 747 874 J
765 841 820 882 73,
838 842 868 874 3.
910 852 1028 883 neque
1053 841 1184 872 militia
1208 841 1331 883 plebei
1355 841 1492 874 volenti
1509 842 1707 884 putabatur

185 890 209 922 J
226 889 280 928 84,
301 887 332 920 3.
374 888 427 919 uti
451 887 626 919 militibus
652 905 692 909 —
717 887 822 919 labos
846 886 1051 919 volentibus
1077 886 1210 918 essetJ
1233 885 1310 926 100,
1329 886 1362 918 4.
1402 885 1567 919 volentia
1583 886 1707 929 plebei

188 935 354 966 facturus
371 932 565 965 videbatur
581 933 616 963 H
634 933 684 964 1V
701 931 755 964 31.

231 978 437 1017 Volturcius,
453 979 486 1009 Τ.
505 977 531 1009 C
549 976 693 1009 44—50.
1486 1008 1499 1019 ,

232 1024 356 1056 voltus.
387 1023 505 1065 magis
523 1022 658 1054 voltum
683 1032 788 1064 quam
805 1021 992 1064 ingenium
1010 1022 1141 1053 bonum
1158 1021 1294 1054 habere
1314 1021 1340 1053 C
1366 1020 1416 1061 10,
1436 1021 1467 1053 5.
1509 1031 1653 1064 prorsus
1669 1021 1708 1053 in

188 1070 286 1101 facie
304 1068 438 1110 voltuq.
457 1067 631 1100 vecordia
649 1067 770 1098 inerat
787 1066 814 1098 C
836 1066 887 1106 15,
907 1066 938 1098 5.
973 1066 1129 1098 demisso
1147 1067 1248 1099 voltu
1266 1066 1292 1098 C
1311 1065 1365 1107 31,
1385 1067 1415 1098 7.
1450 1067 1590 1098 incerto
1605 1066 1708 1098 voltu

188 1115 210 1147 J
232 1112 303 1152 106,
324 1113 355 1144 2.
390 1113 554 1144 terrebat
573 1123 652 1144 eum
672 1111 831 1144 clamore
849 1111 960 1151 voltu,
980 1122 1091 1154 saepe
1110 1112 1237 1154 inpetu
1254 1111 1277 1144 J
1294 1110 1348 1150 34,
1370 1111 1398 1144 1.
1428 1111 1529 1144 voltu
1547 1111 1708 1154 corporis

187 1159 312 1192 varius
329 1169 420 1199 susp.
439 1158 462 1189 J
484 1157 556 1196 113,
575 1156 606 1189 3.

233 1203 390 1235 volucris.
422 1203 608 1235 volucrum
627 1212 764 1244 genera
781 1202 816 1233 H
833 1202 867 1233 II
884 1201 938 1242 23,
957 1202 988 1233 4.

234 1248 447 1280 voluntarius
467 1251 528 1279 aut
547 1258 591 1279 ex
609 1248 720 1279 sociis
737 1247 775 1278 in
794 1250 916 1279 castra
932 1249 1086 1279 venerat
1104 1246 1131 1278 G
1149 1246 1204 1286 56,
1223 1247 1253 1278 2.

233 1295 398 1325 voluntas.
433 1293 586 1324 militum
609 1291 836 1324 voluntatem
861 1294 1051 1324 caussatus
1075 1292 1110 1323 H
1134 1292 1164 1322 V
1191 1291 1244 1335 12.
1285 1292 1465 1323 inmutata
1482 1291 1669 1324 voluntate
1685 1291 1710 1324 J

193 1338 266 1377 113,
286 1338 316 1370 3.
360 1338 507 1379 cognita
523 1337 710 1369 voluntate
730 1348 809 1368 cum
827 1355 869 1359 —
888 1337 1106 1369 invitassent
1123 1337 1157 1368 H
1174 1337 1209 1380 11
1225 1336 1322 1376 23,2.
1358 1337 1458 1368 cuius
1478 1337 1632 1369 advorsa
1647 1346 1709 1369 vo-

189 1384 329 1415 luntate
356 1382 546 1424 conloquio
570 1383 746 1424 permisso
771 1383 805 1413 H
831 1382 847 1413 1
871 1382 924 1414 57.
965 1382 1153 1414 voluntate
1181 1382 1257 1413 eius
1283 1381 1452 1413 Pisonem
1471 1381 1664 1424 adgressos
1682 1381 1709 1414 C

195 1428 246 1468 19,
266 1428 298 1459 5.
331 1427 430 1459 urbis
448 1427 581 1469 partim
599 1427 645 1466 vi,
666 1427 759 1458 alias
775 1426 964 1458 voluntate
984 1427 1124 1468 inperio
1145 1427 1310 1468 adiungit
1326 1427 1349 1458 J
1369 1425 1419 1466 13,
1435 1426 1467 1457 2.
1500 1437 1581 1468 neq.
1601 1429 1711 1458 antea

190 1473 380 1506 voluntate
401 1471 553 1503 alienati
570 1472 593 1503 J
610 1470 664 1510 66,
685 1471 716 1503 2.
759 1481 797 1503 se
817 1481 860 1502 ex
876 1471 1066 1503 voluntate
1084 1471 1242 1502 Antonio
1259 1481 1405 1502 usurum
1425 1470 1451 1502 C
1469 1470 1524 1511 26,
1546 1471 1574 1503 1.
1617 1481 1710 1512 quae

194 1529 238 1550 ex
254 1517 443 1550 voluntate
470 1516 590 1548 forent
614 1516 692 1558 regi
716 1516 877 1547 nuntiari
894 1515 997 1547 iubet
1014 1516 1037 1547 J
1055 1514 1115 1554 46,
1135 1516 1167 1546 4.
1210 1516 1262 1546 sic
1289 1526 1332 1546 ex
1357 1515 1497 1547 Metelli
1520 1515 1709 1547 voluntate

192 1562 328 1594 bellum
346 1562 524 1593 intactum
542 1561 639 1592 trahi
655 1561 679 1592 J
695 1559 757 1600 83,
781 1560 808 1591 l.
852 1571 895 1592 ex
918 1560 1040 1592 Sullae
1065 1560 1255 1592 voluntate
1278 1560 1400 1592 omnia
1425 1570 1462 1591 se
1488 1560 1669 1592 facturum
1686 1559 1710 1592 J

195 1607 268 1645 111,
288 1606 319 1638 3.
362 1607 487 1648 regiae
507 1606 717 1638 voluntates
734 1609 773 1637 ut
790 1605 1046 1646 vehementes,
1066 1606 1120 1636 sic
1138 1604 1291 1636 mobiles
1309 1615 1420 1647 saepe
1439 1604 1509 1636 sibi
1525 1604 1630 1647 ipsae
1648 1604 1710 1637 ad-

189 1662 320 1685 vorsae
339 1655 421 1682 sunt
438 1651 461 1682 J
483 1650 554 1689 113,
579 1650 606 1682 l.

236 1696 457 1735 vo1uptarius.
489 1696 571 1727 loca
591 1705 744 1726 amoena
761 1694 970 1736 voluptaria
989 1694 1015 1726 C
1037 1693 1087 1733 11,
1108 1693 1140 1725 5.
1370 1726 1380 1733 ,

235 1742 392 1780 voluptas
423 1751 616 1782 numquam
649 1740 694 1771 ab
726 1740 884 1782 negotiis
913 1743 1095 1771 remorata
1118 1740 1141 1771 J
1164 1738 1226 1779 95,
1252 1738 1283 1771 3.
1333 1739 1462 1781 quibus
1491 1749 1621 1781 corpus
1648 1749 1711 1772 vo-

191 1786 326 1829 luptati
343 1803 388 1808 —
406 1785 475 1816 fuit
493 1785 519 1817 O
539 1786 569 1825 2,
590 1784 621 1816 8.
665 1785 757 1826 quod
781 1785 952 1815 duritiam
974 1801 1011 1806 —
1030 1784 1213 1826 voluptati
1236 1784 1427 1816 habuisset
1442 1785 1466 1816 J
1486 1783 1559 1823 100,
1578 1784 1609 1816 5.
1651 1795 1711 1816 ex-

193 1833 346 1874 pectant
364 1831 538 1872 ignaviae
556 1830 781 1872 voluptatem
802 1832 838 1861 et
854 1830 1019 1871 praemia
1036 1829 1179 1861 virtutis
1193 1828 1278 1868 585,
1291 1828 1344 1860 20.
1380 1829 1531 1871 cupidus
1548 1829 1711 1871 volupta-

192 1881 268 1908 tum
294 1877 316 1908 J
341 1875 402 1916 95,
423 1874 453 1907 3.
497 1875 746 1917 voluptatibus
770 1892 814 1896 —
837 1875 982 1907 servitis
1001 1874 1027 1905 C
1045 1874 1106 1914 52,
1125 1873 1178 1906 23.
1222 1874 1253 1905 si
1279 1874 1419 1906 ——tibus
1442 1875 1575 1906 vostris
1599 1875 1711 1907 otium

193 1921 372 1964 praebere
390 1921 500 1952 voltis
518 1920 544 1951 C
563 1920 622 1960 52,
642 1920 673 1952 5.
718 1920 764 1951 ad
788 1919 957 1952 inertiam
985 1922 1021 1951 et
1037 1919 1243 1962 voluptates
1268 1919 1428 1962 corporis
1445 1928 1590 1962 pessum
1606 1919 1712 1952 datus

192 1965 389 2042 estvglllicli
410 2009 482 2049 101,
502 2010 534 2041 5.
565 2009 638 2049 105,
657 2009 677 2042 3
695 2027 731 2032 -—
755 2009 827 2041 107.

238 2057 349 2087 volvo.
382 2055 574 2087 volventes
598 2055 748 2087 hostilia
773 2055 956 2086 cadavera
980 2053 1007 2085 C
1026 2053 1085 2094 61,
1106 2054 1137 2086 7.
1180 2054 1217 2085 in
1242 2063 1432 2096 proxumos
1457 2064 1548 2086 saxa
1563 2053 1712 2086 volvere

194 2102 216 2133 J
234 2101 288 2138 57,
308 2100 339 2131 5.
382 2100 495 2131 multa
520 2101 598 2142 ipse
623 2110 747 2131 secum
771 2099 922 2132 volvens
948 2099 975 2131 C
993 2098 1054 2139 32,
1077 2098 1091 2130 l
1117 2101 1201 2131 conl.
1219 2099 1242 2131 J
1263 2098 1342 2139 113,
1365 2098 1392 2131 1.
1432 2116 1478 2122 -
1495 2109 1575 2131 cum
1593 2099 1712 2131 animo

195 2155 258 2177 suo
276 2146 299 2177 J
316 2143 347 2183 6,
368 2145 400 2175 2.
432 2144 505 2183 108,
526 2144 557 2176 3.
599 2144 693 2176 haec
711 2145 786 2177 illis
803 2144 1036 2177 volventibus
1055 2144 1081 2175 C
1099 2144 1154 2184 41,
1174 2143 1205 2176 3.

239 2198 365 2221 versor.
398 2190 435 2220 in
452 2189 568 2231 prima
587 2190 667 2220 acie
685 2190 827 2221 vorsari
845 2189 871 2220 C
890 2188 945 2229 60,
964 2190 995 2222 4.
1037 2199 1225 2231 semperne
1245 2187 1403 2230 (familia
1417 2187 1556 2230 nostra)
1574 2189 1614 2220 in
1630 2198 1713 2221 san·

196 2235 306 2276 guine
325 2234 412 2275 fuga
431 2234 527 2265 ferro
545 2234 753 2265 vorsabitur
768 2235 792 2265 J
811 2234 862 2274 14,
881 2233 913 2266 9.

238 2288 368 2316 vorsus,
387 2287 493 2309 -um.
525 2278 628 2310 modo
648 2279 693 2310 ad
710 2279 855 2318 urbem,
881 2279 984 2311 modo
1003 2280 1041 2311 in
1059 2278 1219 2311 Galliam
1236 2287 1364 2311 vorsus
1383 2281 1504 2311 castra
1522 2289 1667 2311 movere
1685 2278 1712 2311 C

195 2322 250 2364 56,
269 2324 290 2355 4
307 2325 392 2355 conl.
413 2323 446 2353 H
465 2323 477 2353 i
494 2322 548 2355 69.
589 2323 715 2365 fugam
740 2324 786 2354 ad
810 2334 847 2354 se
872 2334 1013 2355 vorsum
1032 2323 1112 2356 fieri
1128 2324 1151 2356 J
1168 2323 1228 2365 58,
1248 2324 1269 2355 4
1287 2326 1372 2356 conl.
1391 2322 1445 2365 69,
1469 2323 1497 2356 1.
1540 2334 1646 2366 quem
1660 2323 1712 2356 lo·

195 2379 275 2400 cum
293 2368 499 2410 Aegyptum
516 2378 641 2400 vorsus
658 2367 764 2399 finem
782 2367 943 2400 habuere
960 2368 985 2401 J
1004 2368 1054 2410 19,
1075 2368 1106 2402 3.
1656 2395 1660 2398 .

239 2413 438 2445 vorticosus.
478 2423 577 2444 mare
596 2422 718 2444 —sum
736 2412 770 2443 H
786 2412 836 2444 IV
853 2412 906 2444 22.

239 2459 347 2489 vorto.
388 2467 518 2499 corpus
543 2457 589 2488 ad
613 2457 728 2489 hostis
752 2460 895 2489 vortere
921 2457 945 2488 J
971 2456 1048 2497 107,
1072 2457 1100 2489 l.
1144 2469 1244 2490 arma
1272 2459 1316 2491 ab
1343 2459 1502 2490 externis
1519 2459 1561 2490 in.
1573 2460 1715 2491 nosmet

195 2513 303 2536 vorsa
320 2503 355 2533 H
371 2503 388 2533 I
405 2502 459 2543 41,
484 2501 534 2533 19.
575 2502 646 2533 iter
661 2502 774 2534 vortit
791 2501 836 2532 ad
855 2501 1030 2542 Corycum
1048 2503 1116 2536 HI
1132 2502 1185 2534 80.
1229 2504 1360 2546 cupido
1385 2504 1540 2535 animum
1564 2504 1675 2536 vortit
1691 2502 1715 2535 J

196 2547 250 2586 93,
270 2546 301 2579 3.
339 2547 544 2582 ,exercitum
562 2547 737 2578 maiorum
754 2556 853 2578 more
870 2549 1015 2578 vortere
1034 2547 1069 2577 H
1087 2547 1098 2578 i
1116 2547 1171 2579 51.
1214 2548 1370 2590 plerosq.
1390 2548 1573 2581 secundae
1601 2557 1660 2580 res
1676 2548 1714 2579 in

197 2592 472 2624 miserationem
492 2602 535 2623 ex
552 2592 607 2623 ira
624 2594 772 2624 vortunt
789 2591 823 2621 H
840 2591 857 2622 I
874 2590 928 2630 41,
947 2590 978 2622 5.
1014 2600 1119 2632 quam
1138 2603 1212 2624 rem
1232 2593 1296 2624 alii
1315 2594 1352 2624 in
1370 2593 1578 2635 superbiam
1594 2595 1712 2624 vorte-

197 2638 288 2669 bant
303 2637 327 2668 J
343 2636 396 2675 82,
415 2635 446 2668 3.
482 2647 636 2678 coepere
654 2636 828 2668 nobilitas
846 2635 1071 2677 dignitatem,
1090 2636 1216 2678 plebes
1233 2637 1443 2668 libertatem
1461 2637 1498 2668 in
1515 2636 1715 2668 lubidinem

196 2685 340 2714 vortere
357 2682 380 2714 J
397 2681 439 2712 41
451 2706 459 2720 ,
478 2681 511 2713 5.
552 2681 639 2712 mihi
657 2681 750 2713 bene
769 2680 905 2712 facere.
921 2681 992 2711 iam
1018 2690 1061 2711 ex
1087 2681 1344 2713 consuetudine
1363 2681 1400 2712 in
1418 2684 1587 2712 naturam
1605 2681 1715 2713 vortit

197 2727 220 2759 J
237 2726 292 2766 85,
311 2726 343 2758 9.
384 2737 428 2758 ne
446 2726 518 2757 ista
536 2726 640 2757 vobis
658 2725 908 2757 misericordia
925 2725 963 2756 in
980 2726 1162 2757 miseriam
1178 2728 1300 2758 vortat
1319 2725 1346 2756 O
1365 2725 1427 2766 52,
1447 2725 1501 2757 27.
1543 2725 1636 2757 talia
1660 2725 1714 2757 in-

199 2775 306 2813 cepta
323 2770 360 2802 ni
379 2771 415 2802 in
434 2770 680 2802 consultorem
696 2771 893 2803 vortissent
910 2770 944 2801 H
962 2770 974 2801 i
991 2768 1046 2801 89.
1144 2779 1147 2781 ·

243 2824 303 2849 vos
322 2816 349 2847 o
368 2814 428 2855 20,
451 2815 501 2847 17.
529 2815 589 2854 51,
608 2814 661 2846 26.
696 2815 757 2854 52,
776 2814 806 2846 9.
830 2813 880 2845 18.
898 2813 951 2846 23.
972 2814 1026 2846 25.
1045 2813 1099 2846 28.
1119 2814 1174 2847 31.
1206 2814 1230 2846 J
1257 2814 1311 2854 ιο,
1331 2813 1362 2847 8.
1393 2814 1450 2854 14,
1469 2814 1501 2846 6.
1519 2814 1574 2846 25.
1599 2814 1660 2854 24,
1680 2814 1712 2846 7.
1763 2829 1768 2834 -

199 2859 610 2899 31,11.16.17.20.23
628 2860 688 2891 bis.
722 2859 782 2899 85,
803 2859 835 2891 6.
859 2858 909 2891 11.
932 2859 982 2890 14.
1002 2859 1056 2891 47.
1095 2859 1130 2891 H
1154 2860 1171 2891 I
1194 2859 1255 2899 41,
1282 2858 1314 2891 6.
1356 2858 1419 2898 48,
1445 2859 1476 2892 3.
1506 2858 1557 2891 13.
1587 2858 1626 2890 17
1651 2857 1711 2890 bis.

198 2904 233 2935 II
250 2903 311 2945 41,
331 2905 364 2937 4.
388 2903 452 2944 96,
475 2903 526 2936 10.
559 2905 612 2936 111
634 2903 695 2945 61,
718 2904 768 2936 11.
791 2903 841 2935 16.
861 2903 915 2935 28.
964 2903 1129 2946 paricida
1153 2904 1262 2937 vostri
1286 2904 1320 2936 H
1345 2904 1379 2935 II
1403 2904 1465 2945 41,
1485 2903 1517 2936 3.
1564 2904 1714 2935 vostrum
