1800 3250
205 207 230 247 8
646 221 946 248 HISTORIARVM
973 221 1052 247 Lm.
1075 221 1090 247 1
1116 215 1294 250 25—31.

206 324 280 362 vita
311 327 434 362 matre
459 322 550 362 lulia
581 323 745 371 adeptus
766 324 825 359 est
849 320 1113 365 consulatum,
1146 321 1195 372 de
1215 332 1290 369 quo
1310 321 1522 360 Sallustius
1545 323 1728 361 meminit.

208 390 286 429 Cfr.
317 391 408 429 Aur.
441 389 536 428 Vict.
570 389 605 427 d.
639 389 708 426 vir.
736 387 788 425 ill.
819 386 954 431 68,.1.
1003 386 1113 426 Link.
1146 387 1193 427 de
1220 399 1395 438 prooem.
1425 400 1463 439 p.
1493 387 1559 428 63.
1589 441 1601 450 ο

322 479 408 518 *¹425
442 478 521 530 [Kr.
545 482 600 515 30.
631 480 670 515 G.
693 475 768 529 22]
818 476 931 528 Apud
961 477 1171 517 Praeneste
1203 477 1367 531 locatus.

319 558 375 588 Ex
407 556 495 588 Sall.
526 556 611 588 hist.
646 556 767 588 adfert
804 555 918 587 Prisc.
952 556 1018 587 XV
1050 567 1084 597 p.
1115 555 1201 588 1008
1231 557 1271 588 Ρ.
1306 567 1340 598 p.
1373 555 1416 588 67
1448 557 1494 588 Η.
1535 555 1729 599 Spectasse

209 603 253 633 ad
280 601 401 633 Sullae
427 602 637 640 exercitum,
663 601 818 633 Marium
835 601 873 632 in
890 601 1021 643 oppido
1039 601 1240 634 Praeneste
1259 601 1486 634 obsidentem
1503 600 1584 643 (cfr.
1603 602 1729 634 Drum.

206 648 242 678 ΙΙ
268 658 302 689 p.
328 645 394 677 462
419 644 523 688 sqq.)⁷
550 646 587 677 in
613 648 739 689 aperto
765 649 831 686 est.

322 725 410 764 *26
440 724 520 777 [Kr.
542 729 598 763 31.
631 727 670 763 G.
696 724 773 777 23].
829 724 876 763 Et
905 724 1049 764 Marius
1081 709 1204 764 victus
1235 725 1500 776 duplicaverat
1529 725 1688 765 bellum.

320 804 421 836 Serv.
450 804 496 836 ad
520 804 629 846 Verg.
656 803 735 836 Ecl.
763 804 798 835 ΙΙ
814 802 876 835 67:
906 804 1066 845 Duplicat
1091 807 1198 836 autem
1223 808 1334 845 anyet.
1375 803 1555 836 Sallustius
1571 802 1666 845 (Lib.
1683 803 1734 836 VI

207 848 341 890 Hist.):
366 851 403 880 et
427 848 565 881 Marius
590 849 708 881 victus
733 848 987 891 duplicaverat
1010 848 1156 880 bellum.
1184 866 1224 871 —-
1249 848 1435 881 Imitatum
1459 859 1540 882 esse
1565 849 1733 881 Tacitum

207 894 301 926 Hist.
328 894 378 925 IV
403 893 450 925 54
475 894 548 926 iam
574 893 638 926 alii
662 904 844 926 monuere.

323 972 374 1011 27
409 972 488 1025 [Kr.
506 959 566 1010 ⁵33.
595 975 633 1011 G.
658 971 754 1025 121]
800 972 850 1012 Ut
874 971 1022 1012 Sullani
1043 973 1175 1023 sugam
1204 971 1490 1025 [innocentem]
1513 973 1554 1011 in
1578 976 1733 1011 noctem

208 1044 489 1091 conponerent.
834 1054 837 1058 ⁴
1176 1052 1182 1058 ·

319 1119 423 1150 Arus.
451 1130 485 1161 p.
512 1117 596 1151 239:
635 1118 678 1150 In
715 1122 843 1150 noctem
872 1120 1001 1150 siletur.
1057 1119 1161 1160 Ver-,q-
1189 1118 1248 1151 Ge.
1272 1118 1360 1150 IIII:
1393 1120 1511 1150 siletur
1535 1119 1568 1150 in
1592 1122 1731 1150 noctem.

207 1165 333 1197 Sulust.
354 1165 445 1196 Hist.
471 1165 506 1196 1:
539 1166 579 1194 ut
611 1164 642 1195 si
675 1163 776 1195 illam
808 1164 935 1206 fugam
965 1163 1196 1195 innocentem
1227 1163 1265 1194 in
1293 1166 1438 1195 noctem
1463 1165 1731 1205 componerent.

207 1226 248 1232 »-
274 1209 406 1241 Sullani
429 1219 496 1241 em.
522 1219 595 1241 van
620 1208 684 1240 der
708 1209 860 1241 Hoeven
885 1218 982 1250 spec.
1009 1207 1120 1240 litter.
1147 1208 1190 1240 de
1216 1218 1323 1240 noun.
1342 1207 1410 1240 loc.
1437 1211 1508 1240 vet.
1529 1218 1597 1239 scr.
1617 1219 1651 1250 p.
1670 1207 1734 1247 45;

206 1257 415 1287 innocentem
440 1253 509 1286 del.
538 1253 687 1285 Linker.
715 1253 758 1285 de
785 1263 943 1295 prooem.
970 1264 1004 1295 p.
1024 1251 1068 1285 66
1085 1263 1136 1294 sq.
1179 1252 1409 1285 Pr0babilius
1428 1256 1549 1285 autem
1567 1263 1647 1284 cum
1664 1252 1733 1285 hoc

206 1299 284 1331 viro
316 1299 421 1332 docto
454 1298 567 1331 verba
597 1298 663 1330 illa
690 1298 735 1330 ad
759 1308 919 1344 pugnam
946 1300 1029 1330 ante
1054 1298 1153 1330 urbis
1179 1301 1303 1340 portas
1330 1298 1521 1330 advorsum
1549 1297 1733 1330 Samnites

209 1344 426 1376 conmissam
451 1343 675 1381 referuntur,
710 1353 817 1384 quam
843 1353 923 1374 cum
950 1342 1047 1375 Gerl.
1075 1343 1122 1375 ad
1147 1343 1189 1383 Q.
1215 1342 1355 1375 Metelli
1379 1342 1513 1375 milites
1537 1343 1575 1374 in
1598 1342 1732 1385 Hispa-

207 1389 269 1421 nia
295 1392 421 1421 contra
447 1389 644 1421 Sertorium
667 1387 860 1420 bellantes.

322 1466 410 1508 *28
443 1467 523 1519 [Kr.
546 1471 602 1505 32.
634 1469 673 1505 G.
696 1465 773 1518 26].
821 1466 949 1506 Carbo
980 1467 1085 1517 turpi
1116 1466 1324 1506 formidine
1345 1465 1493 1505 Italiam
1524 1471 1641 1518 atque
1669 1478 1734 1505 ex-

209 1536 352 1575 ercitus
383 1535 567 1574 deseruit.

321 1603 421 1634 Serv.
457 1602 503 1634 ad
527 1603 636 1644 Verg.
663 1601 752 1633 Aen.
779 1602 815 1633 ΙΙ
839 1600 923 1633 400:
961 1601 1144 1641 formidine
1168 1603 1278 1643 turpi,
1311 1601 1481 1643 epitheton
1511 1601 1640 1633 timoris
1670 1605 1732 1633 est.

208 1647 267 1680 Sic
290 1648 489 1680 Sallustius.-
515 1647 634 1679 Carbo
660 1646 757 1689 turpi
782 1646 972 1678 formidine
997 1646 1144 1678 Italiam
1170 1649 1278 1688 atque
1297 1646 1477 1678 exercitus
1495 1646 1665 1682 deseruit.
1691 1663 1735 1668 —-

207 1695 379 1726 exercitus
405 1692 482 1724 cod.
510 1691 613 1724 Cass.
640 1691 776 1734 Bergk.
801 1695 896 1734 part.
923 1692 955 1723 V
979 1703 1013 1733 p.
1041 1691 1079 1731 73
1105 1691 1303 1723 exercitum
1327 1693 1412 1732 voly.

324 1770 411 1810 *29
450 1771 537 1824 [Kr.
568 1775 623 1809 34.
661 1773 701 1809 G.
732 1769 818 1823 41].
882 1769 970 1809 Mox
1007 1773 1112 1808 tanta
1142 1769 1287 1820 flagitia
1325 1771 1363 1809 in
1397 1769 1464 1808 tali
1500 1770 1583 1808 viro
1616 1769 1737 1820 pudet

208 1841 352 1881 dicere.

323 1905 442 1939 Schol.
472 1906 627 1938 Gronov.
661 1905 699 1937 in
725 1904 800 1936 Cic.
834 1915 887 1947 pr.
923 1904 958 1937 S.
985 1905 1092 1937 Rose.
1119 1915 1154 1947 p.
1180 1903 1247 1936 434
1272 1903 1328 1936 ed.
1356 1903 1417 1935 Or.
1445 1904 1587 1938 ,Scimus
1611 1904 1736 1936 Sullam

207 1957 240 1984 in
263 1953 412 1994 pueritia
436 1952 661 1992 turpissimum
680 1951 801 1991 fuisse,
828 1950 914 1982 unde
940 1949 1119 1982 Sallustius
1144 1950 1252 1982 dixit:
1292 1950 1376 1981 Mox
1402 1952 1506 1981 tanta
1530 1948 1673 1992 flagitia
1697 1949 1735 1980 in

209 1997 275 2030 tali
299 1997 376 2030 viro
401 1996 513 2038 pudet
537 1996 672 2028 dicere.

323 2075 412 2114 *30
447 2074 526 2127 [Kr.
548 2079 604 2112 35.
635 2076 674 2112 G.
699 2071 778 2125 25]ss
827 2073 876 2111 M.
909 2073 1074 2117 Marius,
1112 2073 1175 2112 cui
1206 2072 1327 2112 fracta
1357 2073 1467 2123 prius
1498 2085 1614 2112 crura
1643 2072 1734 2112 bra-

210 2143 295 2182 chia
324 2147 362 2182 et
392 2142 494 2180 oculi
523 2141 665 2185 effossi,
695 2140 843 2180 seilicet
873 2145 914 2179 ut
935 2153 1006 2192 per
1036 2139 1210 2190 singulos
1241 2144 1350 2179 artus
1380 2141 1589 2191 expiraret.

324 2220 443 2252 Schol.
472 2220 518 2251 ad
542 2220 681 2251 Lucan.
708 2219 837 2251 Phars.
863 2219 898 2250 II
919 2218 998 2251 173:
1023 2222 1145 2260 postea
1173 2219 1282 2251 Catuli
1299 2220 1400 2259 filius,
1426 2229 1603 2261 regressus
1627 2223 1736 2252 victor·

209 2277 256 2298 ecc
280 2265 376 2302 Asia,
402 2267 519 2306 petivit
544 2276 565 2296 a
589 2265 684 2296 Sulla
707 2269 742 2295 ut
765 2263 832 2296 sibi
854 2264 989 2296 Marius
1014 2266 1156 2296 daretur
1180 2265 1227 2295 ad
1241 2274 1394 2305 poenam,
1423 2275 1517 2306 quem
1541 2265 1654 2296 datum
1669 2275 1736 2306 per

208 2312 339 2352 singula
362 2310 508 2343 membra
531 2311 701 2346 cruciavit,
727 2314 763 2341 ut
787 2313 835 2341 ait
859 2309 1041 2341 Sallustius
1063 2311 1097 2341 in
1123 2309 1342 2349 quurthino:
1367 2309 1505 2341 Marius
1531 2310 1589 2340 cui
1613 2309 1735 2342 fracta

209 2356 308 2397 prins
334 2365 459 2394 crura,
492 2354 666 2394 brachia,
702 2357 738 2385 et
762 2354 857 2386 oculi
883 2353 1025 2393 effossi,
1059 2354 1201 2386 scilicet
1231 2357 1272 2385 ut
1303 2365 1369 2395 per
1399 2354 1545 2396 singula
1573 2354 1736 2386 membra

210 2401 405 2442 expiraret.
431 2417 475 2422 -
500 2399 680 2431 Rufinian.
701 2399 745 2431 de
763 2398 897 2431 schem.
925 2399 1100 2431 dianoeas
1122 2398 1159 2430 ll
1179 2410 1213 2440 p.
1234 2399 1276 2430 52
1303 2399 1392 2441 Cap.
1421 2410 1456 2441 p.
1475 2398 1542 2431 273
1565 2399 1732 2431 Frotsch.

210 2445 409 2477 Sarcasmos
434 2445 619 2477 ehteuasmo
640 2447 805 2486 prox-ima
829 2448 880 2475 est
904 2448 937 2475 et
960 2446 1076 2475 similis
1096 2445 1225 2486 figura,
1254 2455 1319 2486 qua
1343 2445 1616 2476 adversariorum
1638 2439 1736 2483 facta

209 2489 569 2527 cumssxacerbatione
595 2490 733 2521 admissi
755 2499 868 2521 eorum
892 2491 1099 2527 lacessimus,
1133 2493 1168 2520 ut
1199 2490 1292 2530 apud
1322 2488 1514 2521 Sallustium
1544 2490 1587 2521 de
1618 2488 1734 2531 Syllae

209 2537 430 2568 erudelitate:
453 2537 494 2566 ut
518 2535 555 2566 in
579 2535 627 2566 M.
654 2534 782 2573 Mario,
810 2534 869 2565 cui
893 2534 1014 2565 fracta
1038 2533 1139 2575 prius
1166 2544 1270 2566 crura
1296 2537 1396 2566 artus
1422 2534 1616 2576 expiraret.
1665 2534 1735 2566 ha—

209 2583 277 2612 tine
302 2582 426 2613 dieitur
447 2580 680 2612 eoeacerbatio.
733 2577 877 2621 [Malim
910 2578 1076 2620 equidem
1107 2583 1142 2610 ut
1175 2579 1288 2611 deleri
1313 2582 1350 2611 et
1374 2581 1407 2611 in
1432 2579 1482 2611 M.
1509 2579 1625 2612 Mario
1651 2589 1733 2612 con-

209 2626 312 2668 iungi
338 2635 418 2658 cum
444 2622 672 2666 crudelitate}

325 2703 490 2756 31-[Kr.
517 2708 573 2752 395.
611 2705 649 2742 G.
673 2702 749 2756 34].
808 2702 931 2757 Igitur
967 2702 1131 2742 venditis
1170 2684 1637 2755 proscriptorumrhonis
1669 2707 1735 2742 aut

211 2772 411 2822 dilargitis.

324 2850 438 2881 Prisc.
466 2850 550 2881 VIII
575 2861 609 2892 p.
630 2848 695 2882 392
712 2849 758 2880 Η.
796 2850 913 2881 ‘horto'
940 2859 1070 2891 (litoque
1091 2859 1158 2890 pro
1185 2850 1325 2881 ‘hortor'
1351 2853 1384 2881 et
1410 2849 1538 2889 ‘lamio'
1560 2859 1627 2890 pro
1654 2851 1732 2880 ‘lar-

209 2896 294 2936 fflor'
321 2895 486 2932 (tic-ebant,
515 2906 598 2937 quae
623 2899 699 2927 sunt
723 2896 915 2926 eommunia.
956 2894 1042 2926 unde
1061 2893 1239 2926 Sallustius
1263 2895 1295 2926 in
1322 2895 1338 2926 I
1361 2894 1595 2943 histor-iarum:
1620 2893 1732 2936 igitur
