1800 3250
480 237 779 264 msromAssvn
811 237 894 263 mn.
927 238 942 264 1
974 231 1078 266 10—
1098 230 1150 266 14.
1554 225 1579 264 5

0 367 3 377 .
55 349 163 377 mum
198 337 300 377 bella
333 338 454 377 civilia
485 342 569 377 orta
599 342 702 383 sunt,
735 338 829 377 dum
854 338 969 389 pauci
997 341 1190 388 potentes,
1222 348 1391 389 quorum
1421 338 1460 376 in
1489 349 1578 389 gra-

55 405 146 444 tiam
178 405 357 457 plerique
378 409 668 450 concesserant,
699 405 773 444 sub
803 406 970 444 honesto
996 405 1151 456 patrum
1177 409 1243 444 aut
1269 403 1398 455 plebei
1419 406 1577 444 nomine

54 472 339 512 dominationes
369 472 635 512 adsectabant:
675 472 849 524 bonique
879 478 918 512 et
952 473 1044 513 mali
1074 474 1176 512 cives
1205 471 1388 523 adpellati
1415 484 1496 511 non
1525 472 1575 512 ob

53 534 191 580 merita
220 542 258 580 in
281 553 365 580 rem
387 540 584 592 publicam
609 539 791 579 omnihus
821 541 969 592 pariter
998 541 1212 591 conruptis‚
1245 544 1304 578 set
1332 541 1386 579 uti
1411 541 1575 592 quisque

51 607 393 664 locupletissumus
422 613 460 648 et
489 609 628 647 iniuria
655 608 830 653 validior,
863 609 951 660 quia
976 609 1195 659 praesentia
1217 607 1466 653 defendebat,
1501 620 1575 659 pro

50 675 156 716 bono
186 675 416 715 ducebatur.

49 765 148 797 bium
180 769 237 798 est
269 766 357 808 quin
388 766 604 798 continuata
636 766 795 806 fuerint,
828 776 924 808 quae
957 765 1049 809 Aug.
1081 766 1125 797 de
1159 766 1228 797 civ.
1255 766 1328 798 Dei
1352 766 1409 798 III
1436 765 1476 797 17
1501 769 1574 798 ret-

49 810 145 842 tulit.
171 828 213 834 —
242 810 270 842 l.
295 811 400 843 Arus.
426 822 461 853 p.
486 810 573 843 220:
609 811 763 844 Concedo
793 814 827 842 in
856 813 1014 852 qratiam.
1063 810 1136 843 Sal.
1165 811 1259 842 Hist.
1285 812 1320 842 I:
1354 821 1504 853 quorum
1535 812 1573 843 in

47 856 208 898 gratiam
232 856 398 898 plerique
426 860 698 888 concesserant.
725 874 766 879 —
793 856 825 888 5.
852 856 1032 896 Quoniam
1058 867 1130 888 non
1156 866 1228 898 qua
1246 857 1390 888 ratione
1409 859 1572 898 optuma-

47 904 104 933 tes
121 900 236 934 bonos
255 901 525 944 adpellaverint
550 901 696 941 dicitur,
715 901 780 933 sed
798 912 867 943 quo
885 901 990 933 modo
1009 904 1045 933 et
1063 901 1180 933 factio
1198 901 1376 933 nobilium
1394 905 1431 933 et
1447 905 1572 944 partes

46 946 242 988 populares
272 947 361 978 boni
394 949 431 978 et
462 946 551 978 mali
580 946 763 979 vocabula
786 946 1062 989 usurpaverint,
1095 946 1251 989 adparet
1275 950 1354 989 quia
1374 948 1575 988 praesentia

45 991 251 1031 defendebat
276 992 486 1023 sententiae
511 1002 729 1034 repugnare.
778 991 904 1023 Malim
926 992 1111 1033 placentia,
1137 995 1178 1023 ut
1203 992 1265 1033 qui
1291 1002 1348 1031 ea,
1375 1002 1470 1033 quae
1494 992 1573 1034 ple-

46 1036 168 1078 risque
192 1036 400 1078 placerent,
426 1037 646 1078 defenderit,
672 1037 788 1068 bonus
815 1036 1024 1080 adpellatus
1050 1047 1132 1069 esse
1158 1037 1314 1068 dicatur.

163 1115 204 1154 11
253 1114 332 1167 [Kr.
359 1119 411 1152 14.
434 1117 473 1154 G.
504 1114 575 1167 13].
612 1100 661 1154 ‘A
691 1115 749 1154 Ti.
775 1115 955 1154 Graccho
983 1115 1194 1155 seditiones
1221 1126 1361 1165 graves
1389 1126 1570 1168 coepere.

156 1182 248 1223 Aug.
274 1182 318 1214 de
345 1183 414 1214 civ.
441 1183 487 1214 D.
512 1183 550 1214 ΙΙ
573 1181 636 1214 21:
668 1182 805 1215 Indue-it
829 1184 914 1214 enim
937 1181 959 1225 [
969 1181 1115 1225 Cicero]
1138 1183 1344 1224 Scipionem,
1371 1194 1443 1215 eum
1466 1186 1573 1225 ipsum

44 1230 103 1270 qui
127 1228 361 1269 Carthaginem
385 1230 603 1264 extinxerat,
640 1229 683 1260 de
714 1238 754 1260 re
784 1228 921 1269 publica
944 1229 1171 1269 disputantem
1219 1229 1331 1260 nando
1354 1229 1571 1269 praescieba-

42 1276 100 1304 tur
122 1273 341 1314 corruptione
365 1283 416 1310 ea,
443 1284 540 1316 quam
564 1273 726 1305 describit
750 1271 941 1313 Sallustius,
969 1283 1041 1305 eam
1067 1239 1218 1315 [illam‘ffi
1243 1274 1456 1316 iamiamque
1476 1275 1571 1315 peri-

42 1322 163 1350 turam.
212 1317 266 1362 Eo
292 1322 416 1361 quippe
441 1322 591 1360 tempore
609 1319 812 1360 disputatur,
839 1328 903 1360 quo
920 1319 984 1350 iam
1001 1329 1085 1350 unus
1104 1318 1330 1350 Gracchorum
1347 1319 1478 1354 occisus
1490 1319 1569 1360 fuit,

43 1373 66 1395 a
90 1372 160 1406 quo
183 1363 302 1395 scribit
326 1363 528 1404 seditiones
553 1373 685 1405 graves
711 1363 877 1405 coepisse
903 1362 1094 1402 Sallustius.

141 1441 209 1480 ‘12
239 1439 320 1495 [ΚΓ.
340 1449 377 1481 et
393 1444 433 1480 G.
456 1441 530 1494 l2].
583 1442 639 1481 Ex
672 1454 751 1494 quo
782 1446 961 1493 tempore
985 1442 1179 1482 maiorum
1207 1454 1340 1482 mores
1363 1454 1444 1482 non
1472 1455 1569 1494 pau-

43 1509 163 1555 latim,
191 1513 234 1565 ¹¹3
262 1513 388 1555 antea,
418 1514 477 1549 set
503 1510 689 1549 torrentis
719 1510 837 1549 modo
863 1511 1127 1561 praecipitati:
1153 1510 1251 1550 adeo
1274 1511 1452 1550 iuventus
1474 1510 1569 1551 luxu

16 1582 159 1630 *atque
186 1578 345 1617 avaritia
377 1581 570 1628 conrupta
596 1581 689 1623 cest,
728 1579 786 1617 uti
822 1578 963 1617 merito
1000 1578 1154 1617 dic-atur
1192 1579 1345 1629 genitos
1381 1590 1468 1618 esse
1502 1579 1569 1630 qui

42 1657 170 1696 neque
198 1645 272 1696 ipsi
300 1644 449 1684 habere
483 1649 644 1696 possent
673 1657 738 1685 res
767 1644 967 1684 familiaris
997 1657 1125 1697 neque
1153 1644 1249 1684 alios
1274 1647 1367 1697 pati.

154 1723 247 1765 Aug.
272 1723 317 1755 de
344 1723 414 1755 civ.
440 1724 485 1755 D.
511 1724 549 1755 II
577 1722 635 1755 18:
669 1720 714 1756 e‘x
744 1724 992 1766 pulcherrima
1024 1727 1134 1766 atque
1166 1725 1306 1767 optima
1336 1725 1498 1767 pessima
1523 1736 1567 1757 ac

42 1768 336 1810 flagitiosissima
361 1769 464 1800 facta
491 1771 565 1808 est,
589 1773 669 1810 post
697 1769 910 1809 Carthayinis
932 1771 1103 1808 videlicet,
1135 1774 1169 1801 ut
1194 1772 1268 1811 ipse
1291 1773 1566 1807 commemoravit,

41 1814 221 1845 excidi-sm.
271 1812 363 1852 Quae
387 1818 542 1855 tempora
564 1817 638 1855 ipse
663 1814 843 1846 Sallustius
867 1824 961 1856 quem
985 1816 1033 1846 ad
1054 1816 1183 1847 modum
1207 1815 1356 1847 breviter
1379 1817 1510 1848 recolat
1534 1820 1568 1848 et

41 1858 229 1896 describat,
262 1861 294 1890 in
326 1860 398 1890 eius
426 1859 572 1891 historia
601 1861 669 1900 legi
688 1863 819 1900 potest,
847 1861 982 1901 quantis
1005 1862 1100 1891 malis
1123 1871 1262 1897 morum,
1295 1871 1382 1902 quae
1410 1861 1569 1893 secundis

40 1903 142 1935 rebus
157 1908 284 1936 emorta
299 1908 386 1940 sunt,
413 1914 516 1946 usque
540 1904 588 1935 ad
610 1903 698 1935 bella
721 1905 832 1935 civilia
855 1905 1062 1936 demonstret
1086 1914 1160 1936 esse
1174 1909 1381 1946 perventum.
1424 1905 1478 1936 Ex
1496 1915 1566 1947 quo

42 1952 222 1990 tempore,
254 1953 290 1980 ut
315 1949 381 1988 ait,
415 1949 593 1980 maiorum
616 1959 735 1981 mores
758 1959 831 1981 non
862 1949 1053 1991 paulatim,
1086 1952 1128 1981 ut
1160 1952 1284 1990 antea,
1310 1953 1368 1982 set
1390 1951 1567 1983 torrentis

41 1994 146 2026 modo
170 1993 426 2036 praecipitati:
461 1993 554 2026 adeo
587 1994 758 2026 iuventus
782 1994 869 2025 luxu
895 1998 1004 2036 atque
1031 1994 1191 2026 avaritia
1215 1997 1388 2037 corrupta
1419 1998 1494 2035 est,
1526 1999 1567 2028 ut

41 2039 170 2071 merito
195 2039 340 2071 dicatur
364 2039 510 2081 genitos
535 2049 629 2078 esse,
655 2039 717 2080 qui
734 2049 852 2080 neque
876 2039 948 2081 ipsi
964 2039 1100 2071 habere
1119 2042 1269 2081 possent
1285 2050 1343 2072 res
1360 2039 1566 2072 familiares

40 2094 159 2126 neque
185 2083 277 2116 alios
301 2084 392 2126 pati.
441 2085 532 2116 Dicit
560 2084 683 2115 deinde
711 2087 815 2125 ptura
839 2084 1019 2116 Sallustius
1049 2085 1091 2116 de
1124 2084 1237 2116 Sullae
1266 2086 1355 2117 vitiis
1384 2089 1565 2128 ceteraque

37 2129 205 2168 foeditate
230 2129 282 2161 rei
300 2128 456 2170 publicae
491 2127 556 2171 [ex
587 2129 641 2160 eis
672 2128 795 2160 verbis
826 2139 947 2161 nonne
979 2130 1202 2171 perspicitur
1231 2129 1326 2162 haec
1353 2130 1468 2162 verba
1493 2141 1566 2162 non

42 2184 124 2206 cum
149 2174 191 2206 fr.
221 2173 263 2206 10
287 2174 506 2206 continuata
532 2174 666 2214 fuisse,
701 2177 758 2206 set
784 2174 819 2206 ei
842 2173 924 2206 loco
949 2185 1143 2217 proxuma,
1178 2174 1240 2206 ubi
1274 2175 1320 2206 ad
1351 2174 1475 2207 Sullae
1506 2186 1565 2207 res

42 2219 366 2251 conmemorandas
390 2219 547 2261 scriptor
570 2222 823 2260 transgressus
856 2218 968 2262 est?].
1018 2219 1071 2251 Id.
1099 2219 1188 2251 ibid.
1215 2220 1251 2251 II
1279 2218 1336 2251 19:
1368 2220 1461 2252 Ecce
1486 2225 1566 2252 ante·

44 2264 169 2296 Christi
191 2266 366 2296 adventum
386 2268 467 2306 post
492 2265 635 2296 deletam
663 2264 898 2306 Carthayinem
929 2265 1107 2297 maiorum
1131 2274 1250 2297 mores
1275 2275 1347 2296 non
1371 2265 1564 2307 paulatim,

40 2312 80 2341 ut
112 2312 241 2349 antea,
275 2309 340 2341 sed
369 2309 544 2341 torrentis
577 2308 683 2341 modo
714 2309 973 2351 praecipitati:
1008 2309 1100 2342 adeo
1132 2310 1304 2342 iuventus
1337 2310 1423 2342 luxu
1454 2314 1564 2352 atque

42 2354 203 2386 avaritia
234 2357 406 2396 corrupta
438 2357 506 2386 est.
543 2355 578 2385 Ἰ
629 2354 692 2386 223
725 2354 823 2386 Nunc
854 2365 918 2395 ayo
953 2355 995 2386 de
1020 2354 1094 2386 labe
1118 2365 1258 2394 morum,
1287 2355 1403 2397 quibus
1423 2358 1566 2397 primum

36 2401 201 2441 paulatim
225 2400 440 2437 decoloratis,
466 2400 588 2431 deinde
612 2399 786 2431 torrentis
810 2399 916 2432 modo
940 2400 1211 2442 praecipitatis.

157 2477 205 2517 13
239 2477 319 2530 [Kr.
344 2482 393 2515 13.
420 2480 459 2516 G.
478 2477 555 2530 32].
610 2477 792 2517 Omnium
816 2479 986 2529 partium
1011 2479 1132 2518 decus
1161 2479 1199 2536 in
1226 2479 1451 2519 mercedem
1472 2491 1565 2518 con-

38 2550 199 2597 ruptum
229 2549 325 2585 erat.

150 2613 257 2645 Arus.
281 2624 316 2655 p.
340 2611 425 2644 240:
452 2612 495 2644 In
509 2615 596 2645 ittam
609 2623 678 2645 rem
689 2623 755 2655 pro
768 2623 873 2646 eausa
885 2614 972 2646 illius
984 2616 1048 2646 rei.
1074 2631 1119 2635 —
1143 2613 1219 2646 Sal.
1232 2612 1330 2645 Hist.
1345 2613 1381 2644 1:
1407 2613 1565 2645 omnium

39 2658 199 2700 partium
223 2658 335 2691 decus
360 2658 398 2689 in
422 2658 627 2691 mercedem
654 2661 862 2701 corruptum
887 2661 980 2691 erat.

154 2737 177 2761 ’¹‘
200 2737 245 2775 14
278 2736 358 2789 [Kr.
383 2741 435 2774 15.
459 2738 498 2775 G.
520 2736 593 2789 16].
639 2736 808 2776 Tantum
839 2737 1076 2789 antiquitatis
1107 2747 1305 2787 curaeque
1328 2747 1402 2786 pro
1433 2735 1565 2775 Italica

41 2806 157 2853 gente
185 2804 400 2843 maioribus
430 2804 511 2843 suit..

154 2871 279 2903 Front.
306 2871 350 2903 de
377 2875 484 2903 oratt.
513 2871 568 2903 ed.
594 2872 671 2903 Mai
696 2872 733 2903 II
757 2882 791 2913 p.
817 2869 882 2902 271
909 2869 966 2902 ed.
991 2869 1088 2901 Med.
1114 2880 1148 2911 p.
1165 2867 1234 2901 250
1259 2868 1315 2901 ed.
1342 2869 1442 2902 Rom.
1480 2871 1566 2903 Ver-

43 2915 116 2948 bum
146 2917 284 2958 aliquod
314 2917 478 2959 adquiras
509 2927 573 2949 non
594 2919 706 2958 fictum
731 2927 752 2947 a
775 2920 825 2953 te,
858 2926 933 2946 nam
964 2915 1002 2946 id
1030 2915 1161 2957 quidem
1191 2914 1370 2947 absurdum
1400 2919 1471 2954 est,
1503 2917 1568 2948 sed
