1826 3282
499 253 800 286 msromARvu
826 256 910 285 mn.
942 256 990 284 11.
1039 245 1192 287 8-11.
1558 234 1612 283 33

85 361 346 398 memoratum
378 357 509 404 fuisse,
540 357 608 398 ubi
634 357 683 397 de
713 357 849 409 Lepidi
878 357 1038 396 interitu
1068 356 1215 395 dictum
1245 358 1342 400 erat,
1367 366 1494 406 paene
1525 366 1611 393 cer-

85 429 168 464 tum
196 425 360 465 videtur.
617 457 626 461 »
1422 447 1437 451 «

199 515 223 555 8
257 514 336 567 [Kr.
361 517 476 558 13..G.
498 513 572 566 15].
617 514 685 553 Set
699 514 773 564 ipsi
795 514 925 552 serunt
946 506 1103 553 taurum
1127 525 1174 552 ex
1197 523 1330 563 grege,
1349 523 1466 563 quem
1486 520 1611 563 prope

29 591 41 599 ·
84 581 198 621 litora
227 581 391 633 regebat
418 581 539 621 Corsa
568 580 876 631 nomine‘Ligus
903 580 1056 619 mulier.
1475 586 1481 589 ⁷

196 655 313 686 Prisc.
338 654 389 685 VI
412 665 447 696 p.
473 651 557 684 264:
591 664 666 685 num
692 657 801 685 ‘vetus
824 655 963 685 veteris'
989 663 1155 685 commune
1179 657 1230 684 est
1254 654 1353 684 trium
1374 662 1545 693 yenerum.
1578 655 1611 682 el

86 698 214 740 ‘Ligus'
239 709 368 742 quoque
395 699 555 740 ‘Liquris'
579 709 757 730 commune.
806 697 987 730 Sallustius
1002 700 1035 729 in
1052 698 1088 728 ΙΙ
1113 698 1347 729 histor-imum:
1374 697 1444 728 Sed
1468 699 1512 718 '—
1536 706 1611 728 mu-

83 743 163 776 lier.
193 761 240 766 —
270 744 388 783 Quam
412 753 489 775 rem
514 742 709 774 Sallustius
733 744 958 781 narraverit,
988 742 1218 784 intellegitur
1242 752 1286 774 ex
1311 742 1439 773 Isidor.
1481 741 1609 783 Origg.

83 799 118 830 p.
143 787 212 821 453
237 788 293 820 ed.
320 787 425 820 Otto:
463 788 622 820 Corsicae
654 790 782 819 insulae
806 788 984 820 exordium
1015 789 1147 819 incolae
1172 787 1319 828 Ligures
1343 788 1527 823 dederunt,
1551 797 1612 827 ap-

80 835 249 875 pellantes
272 843 344 865 eam
368 844 415 865 ex
438 829 569 865 nornine
594 834 697 864 (lueis.
749 832 835 863 Nam
860 833 1023 875 quaedam
1044 832 1151 864 Corsa
1174 836 1304 863 nomine
1330 832 1439 873 Ligur
1464 829 1531 872 [sic
1548 831 1609 862 Ar.

83 879 243 920 Ligurum
268 888 328 910 va.
354 878 460 919 Liyus
484 876 597 920 volg.]
624 879 750 912 mulier,
776 887 847 909 eum
870 882 1001 908 taurum
1026 887 1073 909 ex
1095 886 1216 918 9reye,
1243 887 1337 919 quem
1356 886 1470 918 prope
1495 878 1612 907 littora

82 923 239 964 reyebat,
270 927 491 955 transnatare
514 924 646 954 solitum
671 927 772 965 atque
794 932 862 964 per
884 924 1063 954 intervalla
1087 932 1234 963 corpore
1266 919 1364 953 aneto
1389 931 1542 952 remeare
1565 922 1611 951 υἰ-

82 969 190 1005 deret,
216 969 355 1009 cupiens
378 970 468 1000 scire
492 970 664 1009 ineoynz'ta
686 967 754 999 sibi
770 967 916 1008 pabula,
942 971 1072 998 taurum
1097 977 1118 998 a
1142 969 1267 998 celeris
1291 967 1534 1006 diqredientem
1558 976 1611 996 us-

82 1023 145 1055 que
170 1013 218 1044 ad
239 1015 379 1044 Insulam
403 1013 535 1053 ηαυίῃίο
559 1016 744 1053 prosecuta
766 1016 828 1044 esl.
874 1013 972 1044 Cuius
995 1021 1155 1053 regressu
1180 1013 1308 1042 insulae
1325 1011 1538 1050 fertilitatem
1556 1020 1611 1041 eo-

79 1061 282 1099 fflzoseentes
305 1057 452 1099 Ligures
476 1057 605 1088 ratibus
629 1057 677 1088 ibi
694 1057 851 1098 profecte·
870 1061 946 1088 sunl
973 1054 1176 1098 [prosecuti
1201 1059 1284 1087 sunt
1310 1055 1377 1087 Gu.
1404 1053 1446 1097 2]
1472 1065 1610 1097 eamque

80 1104 210 1134 nomine
234 1104 382 1134 mulieris
406 1102 557 1134 auc-toris
580 1106 612 1133 et
637 1102 731 1133 ducis
755 1104 1032 1143 appellaverunt:
1063 1101 1102 1132 in
1132 1100 1261 1142 quibus
1285 1099 1478 1139 nonnulla,
1510 1099 1611 1132 velut

81 1158 103 1178 a
119 1151 252 1179 >celeris
276 1147 518 1188 digredientem
544 1149 580 1178 et
596 1148 690 1179 cuius
706 1157 865 1187 regressu
883 1146 1100 1178 Sallustiani
1117 1145 1203 1187 styli
1219 1145 1390 1177 videntur
1406 1155 1498 1176 esse.
1542 1144 1609 1176 Ce-

81 1194 199 1223 terum
224 1191 437 1223 Sallustium
461 1191 504 1223 de
531 1191 682 1223 Corsica
706 1191 829 1223 insula
854 1191 982 1228 eodem
1005 1190 1100 1230 loco,
1128 1199 1197 1231 quo
1223 1190 1266 1222 de
1285 1189 1457 1221 Sardinia
1474 1189 1608 1221 dixisse

80 1237 161 1270 veri
184 1236 415 1268 simillumum
431 1232 507 1268 est.
1098 1266 1116 1285 Ι

195 1316 220 1354 9
256 1313 335 1368 [Kr.
360 1319 413 1352 14.
438 1316 478 1353 G.
500 1314 555 1367 ὃ]
603 1314 661 1354 Ne
690 1314 754 1354 illa
783 1319 898 1353 tauro
928 1315 1036 1364 paria
1067 1315 1156 1352 sint.

194 1388 330 1420 Donat.
358 1387 405 1419 ad
428 1387 511 1419 Ter.
537 1387 647 1418 Andr.
674 1388 725 1419 IV
748 1387 782 1427 2,
801 1385 862 1418 23:
890 1387 964 1419 ‘Ne'
987 1397 1054 1428 pro
1082 1386 1233 1423 ‘nedum'‚
1259 1390 1317 1417 aut
1342 1385 1533 1417 adverbium
1557 1389 1609 1417 est

81 1432 308 1475 prohibentis,
339 1437 374 1464 ut
397 1434 441 1464 sit
467 1436 523 1464 ‘ne
549 1434 642 1464 non'.
691 1432 872 1464 Sallustius
894 1433 1043 1464 seeundo
1067 1431 1173 1464 libro:
1205 1441 1250 1462 ne
1282 1430 1349 1462 illa
1372 1433 1477 1462 tauro
1502 1430 1609 1472 paria

83 1478 168 1517 sint,
192 1488 257 1519 pro
283 1477 451 1509 ‘nedum'ss
485 1495 525 1499 —
558 1477 639 1510 Hoc
672 1477 917 1519 fragmentum
940 1476 1103 1508 Kritzius
1134 1479 1170 1508 et
1196 1475 1295 1508 Gerl.
1327 1475 1467 1515 nullam
1498 1475 1607 1506 aliam

81 1522 128 1555 ob
153 1532 323 1554 caussam
348 1533 428 1554 cum
451 1520 473 1553 8
498 1522 729 1561 coniunxere,
754 1522 826 1554 nisi
852 1522 946 1563 quod
969 1522 1008 1553 in
1023 1524 1176 1563 utroque
1194 1523 1288 1553 tauri
1303 1519 1521 1553 vocabulum
1539 1523 1607 1551 est.

81 1567 183 1599 Nam*
200 1577 293 1609 quae
318 1567 502 1599 sententia
526 1570 624 1599 esset
648 1567 779 1609 quique
804 1577 932 1606 nexus,
958 1565 1143 1608 explicare
1161 1576 1200 1597 se
1218 1575 1324 1608 posse
1349 1565 1607 1607 desperavere.

83 1611 173 1644 Cum
196 1623 238 1644 ne
261 1622 328 1654 pro
350 1613 469 1644 nedum
499 1611 635 1643 dictum
661 1622 742 1643 esse
767 1612 935 1643 Donatus
959 1611 1095 1650 tradat,
1120 1610 1212 1642 nihil
1243 1610 1363 1642 conici
1393 1609 1514 1648 licet,
1537 1610 1609 1640 nisi

83 1667 176 1698 quae
203 1657 285 1689 ah'is
309 1656 439 1688 bestiis
463 1656 600 1689 viribus
624 1656 800 1688 inferiora
818 1659 954 1695 essent,
980 1656 1093 1688 multo
1117 1656 1235 1687 minus
1256 1659 1361 1686 tauro
1378 1665 1486 1696 posse
1504 1654 1609 1696 paria

83 1702 237 1741 censeri,
264 1712 351 1744 ergo
375 1701 420 1733 de
446 1701 665 1733 animalibus
689 1701 826 1733 dictum
849 1701 982 1740 fuisse,
1004 1711 1166 1744 ‚quoriun
1190 1700 1299 1732 robur
1322 1710 1388 1742 per
1412 1699 1609 1741 scriptores

82 1746 161 1779 sive
186 1746 386 1778 rumoribus
410 1745 511 1788 volgi
527 1746 566 1777 in
582 1746 802 1778 inmodicum
828 1749 975 1778 auctum
999 1750 1109 1785 esset,
1137 1745 1232 1787 quod
1256 1755 1325 1786 quo
1349 1744 1500 1775 secundi
1523 1743 1610 1775 libri

82 1791 164 1823 loco
188 1791 328 1823 factum
353 1791 483 1830 fuerit,
515 1790 668 1822 difficile
701 1793 757 1822 est
789 1791 836 1822 ad
859 1790 1062 1822 dicendum.
1113 1790 1176 1821 Set
1199 1800 1273 1822 non
1296 1799 1443 1831 possum
1468 1788 1608 1830 subpri-

83 1847 181 1868 mere
206 1835 461 1878 suspicionem,
489 1846 547 1877 ap.
573 1835 667 1867 Don.
695 1839 732 1867 et
754 1845 941 1867 numerum
964 1834 1050 1866 libri
1073 1833 1208 1866 falsum
1233 1838 1270 1866 et
1293 1833 1407 1866 verba
1433 1836 1610 1875 conrupta

83 1891 183 1920 esse,
210 1884 319 1922 atque
345 1883 615 1912 conmemorata
640 1880 894 1922 fuissenverba
918 1879 1000 1911 Cat.
1029 1879 1090 1919 ll,
1115 1878 1137 1910 8
1167 1890 1208 1911 ne
1233 1881 1282 1911 illi
1303 1879 1544 1920 temperarint,
1569 1881 1610 1908 ut

85 1926 131 1958 ab
150 1936 193 1958 eo
211 1925 349 1967 aliquid
365 1923 579 1957 munimenti
596 1925 758 1967 accipiat
774 1924 992 1964 emendatio,
1019 1935 1127 1966 quam
1143 1924 1196 1955 ibi
1219 1923 1403 1966 proposui.

197 2003 286 2043 *10
318 2002 398 2056 [Kr.
427 2008 480 2041 15.
516 2005 556 2042 G.
583 2002 657 2055 16].
714 2003 933 2042 Perrexere
971 2003 1009 2041 in
1024 1992 1265 2053 ‘Rispaniam
1294 2013 1342 2040 an
1371 2001 1606 2040 Sardiniam.

196 2077 301 2110 Serv.
325 2076 373 2109 ad
394 2076 505 2119 Verg.
530 2076 621 2108 Aen.
643 2076 666 2108 Ἰ
690 2075 773 2108 329:
807 2078 868 2109 alii
896 2080 1003 2107 autem
1030 2073 1115 2117 [an]
1147 2077 1410 2107 coniunctionem
1438 2075 1610 2106 disiuncti-

82 2133 155 2154 vam
177 2124 307 2160 volunt,
331 2125 367 2153 ut
391 2120 591 2155 Sallustius:
620 2131 813 2163 perrexere
839 2139 882 2142 ——
907 2120 1128 2153 Sardiniam.
1175 2120 1273 2160 Quin
1301 2119 1395 2151 haec
1425 2119 1541 2152 verba
1565 2119 1608 2150 de

83 2167 248 2210 reliquiis
272 2166 453 2209 Lepidani
478 2158 658 2198 e'xercitus
683 2166 783 2198 dicta
807 2166 943 2198 fuerint
966 2165 1027 2197 vix
1044 2165 1205 2197 dubitari
1222 2164 1366 2197 videtur
1381 2174 1500 2206 posse.
1546 2163 1609 2195 Set

83 2222 156 2244 non
180 2215 317 2243 temere
342 2211 431 2243 mihi
455 2211 622 2243 conicere
648 2211 786 2250 videor,
814 2210 952 2252 aliquid
974 2213 1057 2252 post
1080 2209 1147 2242 illa
1163 2209 1278 2242 verba
1296 2209 1476 2247 excidisse
1493 2208 1609 2241 veluti

83 2258 118 2289 in
142 2257 345 2298 Hispaniam
369 2267 414 2288 an
438 2255 634 2288 Sardiniam
654 2267 776 2298 parum
799 2259 1014 2297 eaeploratum
1038 2259 1105 2293 est,
1138 2254 1263 2296 itaque
1295 2254 1333 2285 in
1365 2264 1524 2285 errorem
1554 2254 1608 2284 in-

26 2329 35 2332 -
84 2302 232 2334 ductum
256 2311 337 2334 esse
363 2301 658 2344 grammaticum.
701 2301 795 2333 Nam
812 2311 855 2332 an
881 2300 934 2332 sic
952 2310 1015 2342 pro
1033 2300 1255 2332 disiunctiva
1271 2298 1455 2341 particula
1473 2298 1609 2330 dictum

35 2374 39 2376 ,
83 2346 246 2389 volgaris
269 2347 389 2389 potius
413 2349 470 2377 est
493 2348 531 2377 et
553 2345 792 2387 posteriorum
823 2345 1000 2377 sermonis
1032 2343 1166 2386 (multa
1189 2344 1227 2375 in
1252 2344 1330 2375 Cic.
1358 2343 1525 2386 epistulis
1550 2353 1609 2374 ex-

86 2390 229 2434 empla)
266 2395 302 2423 et
332 2401 476 2432 semper
506 2393 630 2422 tamen
658 2390 961 2433 interrogativam
992 2390 1065 2422 vim
1089 2390 1234 2421 retinet.
1282 2389 1388 2420 Ferri
1412 2392 1513 2420 certe
1538 2398 1611 2432 non

84 2439 224 2478 potest,
248 2436 320 2467 nisi
343 2435 420 2467 tale
446 2434 583 2477 aliquid
607 2438 771 2467 secutum
797 2445 877 2467 esse
909 2438 1131 2467 statuamus:
1165 2436 1203 2466 id
1232 2436 1318 2466 enim
1338 2444 1460 2475 purum
1484 2437 1610 2465 certum

84 2485 148 2513 est.
194 2481 238 2512 In
261 2481 339 2512 Atti
362 2480 407 2512 fr.
432 2478 499 2512 463
530 2480 587 2512 ed.
612 2480 720 2512 Ribb.
753 2491 788 2522 p.
817 2478 883 2512 166
912 2479 973 2512 vel
1003 2490 1130 2512 versus
1161 2480 1255 2511 ratio
1280 2478 1441 2521 postulat
1465 2481 1504 2509 ut
1530 2487 1610 2508 eum

84 2525 214 2558 Bothio
240 2525 421 2558 adiciatur
442 2526 561 2557 cluam.

203 2604 262 2642 11·
283 2603 363 2656 [Kr.
390 2608 442 2641 17.
470 2606 510 2642 G.
531 2602 608 2655 57].
649 2602 899 2656 [Pompeius]
932 2615 1024 2643 cum
1051 2602 1249 2643 alacribus
1270 2601 1392 2644 saltu,
1423 2612 1513 2639 cum
1545 2611 1609 2637 ve·

74 2670 238 2711 ionibus
268 2683 408 2715 cursu,
435 2683 527 2710 cum
555 2670 690 2710 validis
708 2664 829 2711 'vecte
857 2670 1046 2710 certabat.

199 2744 330 2776 Refert
352 2743 446 2776 haec
470 2744 600 2786 Veget.
627 2744 662 2775 d.
688 2755 717 2776 r.
743 2739 817 2775 mil.
836 2742 888 2775 19
913 2746 1003 2775 extr.
1028 2741 1256 2785 praemissis:
1283 2741 1335 2771 De
1359 2739 1526 2770 exercitio
1546 2737 1608 2770 Gn.

72 2789 229 2832 -Pompei
239 2782 373 2831 Magni
394 2788 562 2821 Salustius
585 2789 647 2821 hoc
670 2793 842 2821 memorat.
890 2788 994 2827 Quae
1018 2788 1057 2818 in
1081 2797 1124 2818 eo
1147 2785 1229 2817 loco
1254 2784 1374 2826 posita
1398 2783 1522 2820 fuisse,
1546 2782 1610 2813 ubi

88 2834 131 2866 de
156 2833 329 2876 Pompeio
355 2833 402 2866 ad
424 2833 563 2865 bellum
586 2833 834 2866 Sertorianum
859 2833 969 2864 misso
995 2832 1130 2862 dietum
1156 2832 1256 2867 erat,
1290 2828 1380 2859 satis
1411 2826 1609 2869 probabili-

86 2881 145 2910 ter
169 2889 214 2911 ex
236 2878 359 2911 verbis
377 2889 399 2910 a
421 2877 578 2920 Vegetio
603 2878 758 2911 adiectis
783 2877 979 2910 conicitur:
1004 2885 1110 2917 neque
1134 2875 1218 2905 enim
1243 2875 1296 2904 ille
1321 2875 1423 2904 aliter
1441 2873 1610 2914 potuisset

84 2933 155 2964 par·
177 2933 251 2956 esse
275 2922 444 2960 Sertorio,
469 2924 535 2955 nisi
555 2933 630 2955 sese
655 2927 688 2955 et
709 2933 789 2954 suos
811 2923 933 2954 milites
951 2918 1187 2963 frequentibus
1204 2920 1380 2950 exercitiis
1398 2927 1611 2959 praeparas-

181 2988 362 3023 SALnus'r.
387 2999 447 3021 m).
471 2990 654 3021 Dnuscn.
702 2989 751 3020 11.
1313 2973 1338 3014 3
