1826 3282
220 226 297 270 108
629 241 930 268 ιιῐετοιιῐΑιινΜ
958 242 1042 269 me.
1074 242 1118 269 1v
1149 235 1311 271 46—50.

216 341 370 373 cundum
394 340 566 372 Arusiani
596 340 744 373 lemma:
778 343 811 373 in
836 346 953 374 castra
979 359 1019 364 ——
1044 343 1236 378 introitum,-
1267 342 1335 374 hoc
1362 346 1481 374 autem
1508 342 1621 375 tutius
1646 341 1732 374 mihi

214 386 369 417 videtur.
419 385 482 416 Set
508 386 554 417 ad
579 395 684 427 quam
703 397 778 418 rem
797 397 841 418 ea
857 387 970 419 verba¹
988 387 1232 429 pertinuerint
1257 387 1287 418 si
1313 387 1550 429 quaesiveris,
1578 387 1624 419 ad
1640 387 1733 419 nihil

216 430 307 471 quod
331 430 368 461 in
393 429 484 461 libro
509 430 580 462 1111
604 434 791 462 narratum
816 432 897 471 fuit,
924 432 1042 474 aptius
1067 432 1221 471 referas,
1249 442 1355 474 quam
1375 432 1420 464 ad
1446 435 1568 464 castra
1590 431 1731 464 Mithri-

214 475 309 506 datis
335 475 431 517 apud
456 474 592 506 Cabira
618 476 735 518 captis
761 476 849 518 (vid.
878 477 923 508 ad
949 477 992 509 fr.
1019 476 1089 519 44).

326 553 410 593 *46
444 552 522 607 [Kr.
547 560 579 592 4.
612 554 744 608 G.41].
809 555 921 595 Cultu
953 557 1130 607 corporis
1162 560 1298 595 ornata
1329 557 1499 607 egregio.

326 632 427 665 Serv.
457 633 502 665 ad
526 634 636 676 Verg.
665 634 707 666 G.
734 635 750 666 Ι
774 633 811 667 3:
838 634 884 666 Et
911 636 1048 667 ‘’eultum
1073 636 1126 667 hie
1141 635 1538 677 habitudinemeorporis
1554 636 1730 687 significae·

213 679 298 709 alias
322 682 486 710 ornatum.
536 679 733 711 Sallustius:
766 679 866 712 cultu
890 697 934 701 —-
960 680 1107 723 egiegio
1134 680 1226 721 (vid.
1261 681 1340 722 Iug.
1367 679 1429 719 33,
1459 679 1508 720 1).
1557 680 1636 711 Nisi
1670 680 1732 722 qui

213 722 457 762 coniecturae,
485 734 530 756 ne
555 727 631 756 tum
656 724 799 766 quidem
818 734 898 756 cum
924 729 1026 756 certa
1043 725 1180 757 iudicia
1200 725 1245 757 ad
1264 736 1345 757 eam
1363 725 1509 764 ducant,
1536 724 1732 776 quidquam

212 767 441 800 tribuendum
473 772 601 811 neget,
641 769 782 801 Kritzio
816 770 1042 802 adsentietur
1071 770 1164 802 haec
1197 770 1242 802 ad
1274 770 1495 811 Mithridatis
1528 769 1729 811 coniugem,

210 812 395 844 Monimen
419 813 614 854 Milesi-am,
642 815 829 846 referenti.
881 815 997 854 Quam
1024 825 1104 846 eum
1122 815 1216 847 Plut.
1236 815 1325 847 Luc.
1356 813 1395 846 18
1419 809 1505 854 tuin,
1533 825 1613 846 cum
1638 814 1730 847 Bac-

211 857 337 890 chides
364 858 549 891 eunuchus
575 861 613 890 ut
637 870 676 891 se
703 859 784 901 ipsa
807 859 1032 891 interficeret
1049 860 1231 901 optionem
1250 859 1366 899 daret,
1393 859 1601 892 diademate
1626 870 1730 892 orna-

210 904 285 934 tam
310 902 424 935 fuisse
450 907 590 945 nalret,
621 904 682 936 vix
707 904 991 946 probabiliorem
1017 904 1208 937 verborum
1235 904 1529 947 explicandorum
1553 904 1731 936 rationem

208 946 387 993 invenias.

323 1027 407 1065 *47
448 1027 526 1080 [ΚΓ.
557 1033 588 1065 5.
627 1031 665 1066 G.
698 1027 773 1081 42].
843 1029 984 1068 Tenuit
1022 1027 1208 1069 Lucullus
1246 1028 1497 1073 thensauros,
1538 1028 1731 1068 custodias

210 1106 350 1145 regias.

322 1174 425 1206 Haec
459 1175 572 1207 verba
605 1179 874 1208 conmemmata
907 1176 952 1208 ab
979 1176 1153 1218 Pompeio
1178 1175 1220 1207 A.
1247 1175 1291 1207 D.
1346 1175 1456 1207 .190.
1488 1174 1546 1207 191
1582 1185 1715 1252 egregez
1671 1174 1731 1218 gie

209 1218 370 1251 Kritzius
404 1219 614 1252 inlustravit
652 1221 862 1271 conparatis
900 1221 1023 1254 verbis
1055 1221 1153 1254 Plut.
1185 1220 1273 1252 Luc.
1308 1232 1340 1252 c.
1378 1219 1432 1252 18:
1479 1214 1535 1252 Τά
1574 1219 1616 1252 δε

209 1263 318 1305 βειρα
343 1259 468 1317 λαβών
493 1262 558 1297 καὶ
582 1264 656 1297 τῶν
679 1258 803 1298 ἄλλων
828 1265 1023 1308 φρουρίων
1047 1261 1092 1298 τά
1118 1266 1275 1299 πλεῖστα
1301 1259 1522 1308 θησαυρούς
1547 1275 1586 1297 τε
1616 1259 1730 1308 μεγά-

209 1309 296 1346 λους
329 1301 414 1351 εὗρε
446 1307 511 1342 καὶ
546 1305 800 1353 δεσμωτήρια,
833 1310 980 1343 πολλων
1009 1306 1082 1361 μὲν
1108 1305 1315 1353 Ελλήνων,
1334 1277 1495 1342 ηπολλῶν
1527 1305 1569 1342 δὲ
1601 1319 1729 1360 συγγε

209 1364 284 1386 νων
308 1353 377 1388 τοῦ
392 1350 581 1406 βασιλέως
605 1351 913 1397 καθειργμένων,
940 1352 999 1394 οἷς
1024 1351 1142 1388 πάλαι
1168 1322 1356 1388 τεθνάναι
1383 1354 1564 1388 δοκοῦσιν
1589 1365 1633 1387 ου
1661 1364 1729 1388 σω-

208 1398 357 1452 τηριάν,
376 1393 462 1432 ἀλλ’
486 1393 697 1442 οἷναβίωσιν
715 1397 777 1433 καὶ
797 1397 981 1443 δευτέραν
998 1396 1082 1433 τινὰ
1101 1397 1280 1443 γέννησιν
1305 1394 1327 1443 ἠ
1354 1395 1596 1433 Λουκούλλου
1621 1395 1730 1443 χάρις

208 1440 406 1487 παρέσχεν

322 1522 375 1563 48
409 1524 488 1577 [Kr.
505 1529 537 1562 6.
578 1523 711 1592 9254]
770 1524 945 1565 Insolens
976 1538 1063 1565 vera
1091 1525 1322 1576 accipiundi.

321 1604 451 1638 Adfert
474 1606 568 1636 Don.
598 1603 644 1635 ad
668 1604 752 1635 Ter.
780 1604 888 1636 Andr.
916 1605 947 1636 V
971 1605 1003 1644 4,
1022 1605 1053 1642 4,
1079 1607 1119 1636 ut
1144 1606 1290 1636 insolens
1315 1603 1409 1635 idem
1434 1613 1514 1635 esse
1542 1606 1650 1645 atque
1675 1603 1729 1635 in-

208 1649 349 1689 solitus,
376 1650 541 1683 insuetus
567 1648 710 1681 doceat.
754 1650 857 1689 Quae
875 1650 989 1682 verba
1007 1660 1077 1682 non
1095 1649 1242 1681 dubium
1261 1652 1316 1681 est
1341 1649 1426 1690 quin
1451 1651 1550 1680 recte
1568 1648 1729 1680 Kritzius

209 1695 393 1727 censuerit
427 1695 526 1728 dicta
558 1693 671 1725 fuisse
698 1694 742 1725 de
768 1694 948 1737 'sigi-,ane
981 1695 1175 1727 Armeniae
1202 1704 1308 1736 rege,
1341 1694 1387 1725 ad
1418 1703 1523 1735 quem
1554 1692 1729 1725 Lucullus

207 1740 361 1782 Appium
397 1739 588 1773 Claudium
621 1739 689 1789 qui
712 1719 951 1772 Mithridaten
987 1737 1240 1791 expostularet
1277 1739 1438 1771 miserat.
1499 1739 1600 1770 Haec
1634 1738 1728 1770 enim

207 1784 302 1816 Plut.
328 1786 419 1817 Luc.
448 1796 478 1818 c.
506 1785 567 1817 21:
608 1778 766 1837 Ταύτην
793 1782 921 1835 μέντοι
954 1779 1024 1827 τὴν
1055 1783 1273 1835 τραγῳδίαν
1304 1777 1372 1826 οὐχ
1403 1777 1613 1834 υποτρέσας
1640 1776 1730 1816 ουδ’

208 1823 409 1882 ἐκπλαγεὶς
434 1824 453 1861 ὁ
471 1823 643 1880 Ἄππιος,
670 1839 718 1866 ως
734 1824 851 1879 ἔτυχε
877 1824 990 1871 λόγου
1015 1828 1182 1880 πρῶτον,
1215 1839 1394 1879 αντικρυς
1419 1821 1528 1878 ἥκειν
1553 1824 1627 1871 ἔφη
1652 1828 1727 1860 Μι-

207 1871 402 1918 θριδάτην
426 1869 584 1926 α’ποὶξων
609 1853 862 1926 ὀφειλόμενον
886 1885 965 1912 τοις
989 1869 1232 1908 Λουκούλλου
1311 1868 1465 1924 ια’μβοις
1483 1885 1505 1916 η
1524 1869 1727 1916 καταγγέλ-

207 1919 281 1952 λων
302 1915 472 1976 Τιγράνῃ
489 1914 668 1971 πόλεμον,
693 1911 786 1952 ὥστε
804 1915 870 1952 τὸν
891 1914 1098 1971 Τιγρανην,
1125 1918 1262 1970 καίπερ
1257 1874 1323 1951 &fv
1341 1913 1512 1961 διαχυσει
1529 1917 1598 1951 τοῦ
1615 1927 1727 1970 προσ-

206 1975 312 1997 ωπου
339 1962 405 1998 καὶ
426 1960 651 2017 μειδιάματι
677 1960 927 2018 πεπλασμένῳ
952 1961 1186 2007 πειρώμενον
1210 1957 1368 1996 α’κούειν
1398 1974 1472 1995 των
1503 1957 1642 2006 λόγων,
1674 1958 1726 2006 μὴ

206 2009 347 2042 λαθεῖν
370 2021 457 2048 τους
482 2021 675 2062 παροντας
688 2002 963 2063 ἠλλοιωμένον
978 2009 1023 2052 τῇ
1046 2008 1239 2065 παρρησίᾳ
1263 2007 1331 2042 τοῦ
1355 2007 1570 2048 νεανίσκου,
1597 2007 1728 2061 φωνῆς

206 2049 343 2108 σχεδὸν
368 2049 575 2095 ἐλευθέρας
599 2049 791 2088 οἷκουόντα
825 2050 889 2087 διὰ
915 2050 1027 2087 πέντε
1052 2052 1117 2087 καὶ
1144 2052 1288 2086 εικοσιν
1315 2047 1426 2086 ε’τῶν·
1458 2053 1623 2086 τοσαῦτα
1654 2064 1726 2096 γαρ

207 2093 445 2142 ἐβασίλευσε,
471 2099 615 2142 μᾶλλον
641 2096 684 2132 δὲ
709 2090 875 2142 ὕβρισεν.

320 2178 373 2217 49
404 2179 489 2231 [Kr.
513 2184 546 2216 7
585 2182 623 2217 G.
647 2178 731 2232 46]
790 2178 883 2217 Ureu
886 2191 928 2217 ιι
933 2178 1026 2217 chas
1057 2191 1249 2231 regesque
1280 2179 1486 2218 exterritos
1517 2178 1635 2218 animi
1661 2178 1725 2218 fir-

206 2247 332 2285 mavit.

317 2312 420 2346 Arus.
447 2324 480 2355 p.
507 2312 573 2346 ‘2⁶28
599 2323 678 2345 cum
711 2313 881 2346 lemmate
913 2318 1101 2347 eoeterritus
1131 2316 1217 2355 illius
1247 2314 1310 2346 rei.
1357 2313 1462 2346 Haec
1488 2322 1630 2356 quoque
1654 2324 1726 2346 non

205 2358 351 2391 dubium
377 2360 432 2390 est
464 2359 549 2400 quin
582 2358 625 2390 de
650 2359 767 2401 Appio
794 2358 946 2391 Claudio
971 2359 1070 2391 dicta
1097 2359 1242 2399 fuerint,
1270 2359 1329 2391 eui
1353 2361 1392 2390 ut
1417 2358 1545 2400 Syriae
1570 2357 1733 2401 potissu-·

204 2413 300 2436 mum
324 2413 431 2446 reges
459 2405 494 2435 et
520 2403 690 2435 civitates
717 2404 762 2436 ad
779 2404 1025 2436 defectionem
1052 2404 1097 2436 ab
1115 2405 1276 2446 Tigrane
1301 2403 1491 2446 pelliceret
1516 2403 1725 2436 mandatum

205 2448 285 2482 fuit.
336 2447 411 2480 cfr.
443 2448 606 2480 Momms.
639 2449 692 2480 111
723 2452 756 2490 p'.
791 2447 845 2480 60.
887 2449 982 2480 Plut.
1013 2450 1103 2481 Luc.
1138 2460 1168 2480 c.
1195 2448 1257 2489 21,
1291 2448 1487 2480 secundum
1520 2456 1626 2490 quem
1655 2447 1724 2481 hoc

203 2493 448 2536 fragmentum
475 2496 559 2525 ante
584 2491 628 2524 48
652 2494 856 2535 ponendum
883 2504 963 2525 esse
989 2494 1167 2536 suspicari
1193 2494 1321 2536 possis.

317 2572 383 2611 50.
453 2572 625 2611 Camisos
669 2584 758 2611 cum
796 2583 981 2621 graecum
1030 2584 1174 2611 nomen
1214 2571 1408 2611 secundae
1443 2570 1722 2615 declinationis,

202 2641 238 2679 si
266 2640 412 2679 faciens
436 2639 628 2689 genetivo,
661 2640 698 2678 in
729 2639 910 2678 Sallustio
941 2651 982 2678 se
1006 2638 1146 2690 legisse
1178 2643 1341 2678 testetur
1371 2637 1525 2678 Probus
1554 2650 1592 2689 p.
1629 2638 1722 2684 130,

202 2707 354 2746 videtur
393 2707 528 2746 eadem
566 2707 676 2756 regio
706 2706 842 2751 fuisse,
877 2718 992 2758 quam
1027 2705 1231 2756 descripsit
1271 2705 1398 2744 Strab.
1436 2704 1505 2743 XII
1539 2716 1576 2756 p.
1620 2704 1723 2744 786:

203 2767 438 2825 Πομπήιος
467 2767 515 2813 δὲ
545 2766 714 2820 πολλὰς
742 2769 949 2824 ἐπαρχίας
976 2765 1226 2825 προσώρισε
1256 2769 1315 2827 τῷ
1343 2766 1462 2826 τόπῴ
1490 2768 1563 2811 καὶ
1591 2764 1724 2823 πόλιν

203 2832 408 2892 ὠνόμασε
436 2837 509 2879 καὶ
538 2834 706 2892 ταύτην
735 2836 808 2880 καὶ
838 2831 919 2892 τὴν
952 2833 1298 2891 ,Μεγαλόπολιψ
1339 2834 1526 2885 συνθεὶς
1556 2833 1723 2891 ταύτην

196 2918 248 2959 ,τε
279 2904 339 2952 εἰς
369 2898 418 2944 ἓν
447 2899 527 2959 τήν
554 2919 599 2946 τε
626 2899 959 2959 Κουλουπηνὴν
987 2902 1060 2946 καὶ
1091 2899 1172 2959 τὴν
1204 2899 1492 2958 Καμισήνην,
1529 2897 1722 2957 ὁμόρους
