1852 3294
234 225 314 269 330
923 236 1055 269 mimx

278 343 367 381 puto.
400 341 508 371 sicuti
531 340 612 371 Afri
635 342 765 382 putant
787 341 811 373 J
839 339 896 380 18,
916 340 948 373 3.
991 351 1083 384 quae
1109 342 1179 374 sibi
1197 343 1310 385 quisq.
1333 343 1462 376 facilia
1479 344 1581 376 factu
1597 344 1703 387 putat
1719 344 1746 376 C

234 385 266 425 3,
285 388 304 417 2
321 388 405 417 conl.
427 385 458 423 7,
477 384 509 416 6.
537 383 591 424 36,
610 385 642 416 4.
669 384 723 426 51,
743 385 798 416 41.
823 385 846 416 J
867 385 917 427 15,
942 385 969 418 1.
997 387 1051 427 44,
1072 387 1103 419 3.
1129 386 1183 428 80,
1210 387 1236 418 1.
1262 387 1317 427 85,
1337 387 1391 420 21.
1418 389 1452 420 Η
1470 389 1487 420 1
1503 388 1557 428 41,
1579 389 1607 421 1.
1637 389 1747 422 silere

234 431 362 462 melius
386 433 472 471 puto
496 430 519 461 J
546 428 602 469 19,
623 430 656 461 2.
698 440 791 472 quae
816 430 954 463 delicta
975 432 1264 474 reprehenderis,
1294 433 1434 465 invidia
1451 431 1555 465 dicta
1570 437 1700 477 putant
1718 433 1746 466 O

233 474 264 513 3,
284 476 315 506 2.
357 475 514 506 strenuis
534 475 678 507 abunde
696 475 832 507 dictum
850 478 936 518 puto
952 477 976 509 J
992 476 1035 508 85
1047 501 1054 515 ,
1073 476 1127 508 50.
1161 488 1354 519 numquam
1371 478 1438 510 tibi
1457 479 1613 520 gratiam
1629 478 1747 511 reddi-

233 522 306 550 tam
324 520 512 561 putaveris
529 520 552 551 J
575 519 646 560 110,
667 520 699 551 4.
726 521 786 563 Sq.
806 531 877 553 aec.
897 532 925 553 c.
945 522 1006 563 inf.
1026 522 1052 554 C
1071 521 1110 561 6,
1129 522 1159 554 7.
1187 523 1241 562 48,
1260 523 1292 554 2.
1317 523 1342 554 J
1362 522 1414 563 17,
1433 523 1465 556 7.
1507 533 1614 565 quam
1629 523 1748 557 vitare

232 574 339 606 posse
371 564 562 596 celeritate
587 565 742 607 putabat
765 566 789 597 J
813 565 872 606 76,
894 565 923 598 1.
964 567 1269 609 praetereundum
1294 571 1379 610 puto
1404 568 1427 600 J
1449 568 1487 609 4,
1506 570 1540 600 2.
1582 568 1749 611 equidem

233 609 485 641 maturandum
508 610 682 651 putabam
706 610 740 641 H
765 611 782 642 I
805 610 865 651 48,
885 609 917 642 6.
960 611 1168 644 laetandum
1193 613 1310 655 magis
1329 623 1434 654 quam
1452 613 1644 645 dolendum
1662 616 1749 655 puto

234 664 356 686 casum
375 658 474 686 tuum
490 655 514 686 J
535 654 586 694 14,
605 655 659 687 22.
703 655 909 695 considera,
938 659 1053 688 utrum
1074 675 1115 679 —
1133 660 1169 688 te
1189 656 1380 690 firmiorem
1400 669 1445 690 an
1462 658 1570 689 finem
1586 658 1676 690 belli
1693 658 1749 690 fu-

232 702 351 730 turum
368 703 474 742 putes
492 700 526 731 H
543 700 593 732 IV
610 698 671 740 61,
695 699 746 731 16.
789 711 907 743 neque
932 701 1055 743 plebei
1074 702 1208 734 militia
1225 702 1364 734 volenti
1382 703 1581 745 putabatur
1596 703 1619 735 J
1635 702 1696 744 84,
1714 702 1746 735 3.

233 744 424 776 munificus
441 755 545 776 nemo
563 745 762 786 putabatur
778 746 850 777 nisi
867 746 1006 787 pariter
1023 746 1148 778 volens
1165 748 1187 779 J
1210 746 1282 786 103,
1301 747 1334 779 6.
1376 758 1577 780 maxumam
1596 748 1750 790 glorium

232 789 269 820 in
287 800 454 822 maxumo
472 791 613 832 inperio
631 793 760 831 putare
780 790 806 822 C
826 792 857 831 2,
878 791 908 822 2.
939 790 989 830 19,
1008 792 1039 823 2.
1066 791 1119 830 43,
1140 792 1171 823 4.
1197 793 1220 824 J
1238 791 1292 831 53,
1311 792 1343 825 3.

276 835 483 874 Pyrenaeum
501 836 534 866 H
547 836 583 866 II
599 834 654 874 96,
673 835 705 866 5.
739 853 783 857 -——
799 836 992 877 Pyrenaea
1010 836 1098 878 iuga
1116 837 1150 867 Π
1167 837 1215 869 IV
1232 836 1286 869 29.

275 880 425 919 Pyrrhus
443 881 477 911 H
495 881 507 911 i
522 879 577 912 86.
602 880 619 911 Ι
636 879 690 920 41,
709 880 741 912 4.

277 933 342 964 qua
357 925 527 957 Metellus
545 925 788 957 descenderat
804 925 828 957 J
844 924 899 965 50,
917 925 938 958 3
955 928 1039 958 conl.
1059 925 1120 965 93,
1141 925 1171 958 6.
1216 937 1286 968 qua
1303 927 1483 969 pergebat
1498 928 1522 959 J
1537 926 1593 968 20,
1611 926 1644 959 8.
1679 937 1750 970 qua

230 973 421 1002 venturum
445 970 586 1002 hostem
611 970 779 1002 audierat
802 970 825 1002 J
850 971 912 1011 55,
931 969 963 1002 8.
1007 981 1077 1013 qua
1102 971 1156 1002 illi
1171 972 1370 1004 descensus
1389 975 1469 1004 erat
1487 972 1514 1004 C
1531 972 1586 1013 57,
1606 971 1636 1005 3.
1679 982 1750 1015 qua

232 1015 332 1057 regis
350 1016 528 1048 adventus
548 1018 628 1047 erat
643 1015 667 1047 J
684 1014 737 1055 59,
762 1015 790 1047 l.
834 1026 904 1058 qua
921 1017 1020 1048 visus
1048 1020 1128 1048 erat
1143 1017 1167 1048 J
1188 1016 1266 1057 101,
1291 1016 1341 1048 ll.
1385 1027 1469 1049 orae
1487 1035 1530 1039 —
1548 1027 1618 1059 qua
1635 1027 1750 1049 roma-

232 1070 316 1091 num
331 1064 440 1092 ‘esset
462 1061 640 1102 inperium
653 1085 660 1099 ,
686 1060 847 1102 praefuit
864 1061 898 1092 H
915 1061 968 1092 ΙΙΙ
985 1061 1039 1092 55.
1082 1062 1121 1093 Id
1147 1062 1272 1104 ibique
1299 1066 1334 1094 et
1352 1063 1389 1093 in
1407 1063 1503 1094 omni
1521 1062 1658 1103 Africa,
1679 1072 1750 1104 qua

232 1105 359 1147 procul
384 1116 405 1138 a
423 1106 515 1137 mari
539 1105 714 1137 incultius
739 1106 969 1148 agitabatur,
997 1116 1040 1138 eo
1059 1106 1208 1138 facilius
1227 1107 1403 1139 toleratur
1420 1109 1466 1149 ej.
1485 1108 1509 1139 J
1525 1106 1579 1149 89,
1600 1108 1631 1140 7.
1658 1109 1695 1139 it.
1715 1108 1750 1140 11

230 1149 285 1190 96,
305 1149 327 1182 9
354 1161 407 1183 πο
450 1161 531 1182 uae.

276 1162 502 1236 quaaraginta
516 1197 539 1228 J
556 1195 611 1236 53,
629 1196 660 1228 4.
687 1195 741 1236 58,
762 1195 792 1228 3.
819 1195 873 1236 76,
892 1196 924 1228 5.
955 1195 1028 1236 103,
1049 1197 1081 1228 7.
1108 1197 1142 1228 H
1159 1197 1194 1228 II
1210 1196 1265 1238 96,
1280 1197 1317 1229 ’4.

276 1242 467 1280 quadratus.
500 1241 676 1283 quadrato
696 1242 838 1283 agmine
855 1242 879 1273 J
899 1241 978 1281 100,
1003 1241 1030 1273 1.

277 1286 502 1325 quadriduum.
534 1287 735 1328 quadriduo
753 1287 946 1318 moratusJ
963 1287 1024 1327 54,
1049 1286 1076 1319 1.

276 1339 408 1370 quaero.
441 1331 569 1363 melius
587 1332 702 1362 visum
723 1332 858 1363 amicos
876 1335 1125 1373 quam'servos
1143 1342 1319 1374 quaerere
1337 1332 1361 1364 J
1382 1331 1454 1374 102,
1474 1331 1507 1365 6.
1549 1332 1646 1365 bello
1665 1343 1749 1365 con-

233 1376 391 1407 cordiam
412 1376 555 1418 quaeris
572 1377 607 1407 H
625 1377 641 1408 Ι
658 1376 718 1416 48,
743 1376 793 1408 15.
834 1387 879 1408 ne
905 1377 1036 1409 omisso
1054 1380 1179 1409 vetere
1199 1377 1350 1409 consilio
1368 1388 1498 1410 novom
1517 1381 1711 1420 quaereret
1727 1379 1751 1410 J

231 1420 286 1460 70,
305 1421 336 1452 5.
373 1421 418 1452 ad
437 1421 630 1463 pernitiem
650 1422 726 1453 eius
745 1421 863 1452 dolum
883 1432 1058 1463 quaerere
1073 1423 1096 1454 J
1114 1421 1167 1462 70,
1183 1421 1211 1453 l.
1249 1422 1474 1464 indigentem
1492 1422 1587 1455 dona
1605 1423 1750 1465 quaesi-

232 1468 348 1497 turum
366 1483 402 1487 ——
423 1469 678 1507 properantem
698 1467 731 1497 H
753 1467 780 1496 V
802 1465 852 1497 15.
889 1467 949 1508 qui
968 1464 1094 1508 aliquo'
1107 1467 1257 1508 negotio
1275 1468 1437 1498 intentus
1454 1467 1639 1509 praeclari
1656 1468 1748 1500 faci—

231 1511 329 1542 noris
346 1528 391 1532 —
408 1511 544 1542 famam
563 1511 706 1552 quaerit
724 1510 750 1542 C
768 1511 800 1551 2,
812 1511 843 1543 9.
878 1512 1013 1543 rectius
1031 1512 1157 1553 ingeni
1177 1522 1283 1553 quam
1300 1512 1431 1544 virium
1449 1512 1576 1554 opibus
1594 1512 1749 1555 gloriam

233 1566 408 1597 quaerere
428 1555 454 1586 C
477 1555 509 1595 l,
528 1554 549 1588 3
573 1559 658 1588 conl.
681 1556 788 1587 armis
813 1555 966 1598 gloriam
993 1559 1101 1598 atque
1120 1557 1269 1588 divitias
1288 1557 1414 1598 qua‘eri
1430 1557 1454 1589 J
1470 1556 1532 1596 87,
1550 1557 1583 1588 2.
1626 1558 1748 1590 convi-

232 1601 301 1632 viis
318 1602 476 1643 gratiam
495 1611 670 1642 quaerere
687 1601 710 1632 J
723 1601 755 1640 4,
766 1600 796 1633 3.
832 1601 1012 1641 imagines
1032 1618 1069 1623 —
1089 1601 1264 1633 nobilitas
1282 1619 1324 1623 —
1343 1612 1436 1643 quae
1456 1605 1600 1644 egomet
1616 1602 1749 1634 labori-

232 1646 298 1677 bus
324 1649 432 1687 atque
458 1645 633 1688 periculis
657 1646 824 1687 quaesivi
848 1646 870 1677 J
895 1646 950 1686 85,
969 1645 1022 1677 30.
1065 1647 1096 1677 is
1114 1646 1186 1677 sibi
1205 1646 1316 1678 alium
1335 1647 1579 1688 inperatorem
1597 1650 1753 1689 quaerat

229 1691 253 1722 J
270 1689 326 1730 85,
341 1690 392 1722 11.
426 1693 568 1733 tempus
588 1694 649 1722 aut
666 1690 783 1722 locum
802 1701 948 1733 pugnae
968 1700 1145 1732 quaerere
1164 1692 1186 1723 J
1204 1691 1260 1731 55,
1274 1690 1295 1722 8
1312 1694 1397 1723 conl.
1416 1691 1535 1724 locum
1552 1691 1750 1724 invadendi

231 1736 254 1766 J
271 1735 326 1775 85,
346 1735 380 1767 5.
422 1734 516 1767 alter
532 1735 637 1768 collis
655 1746 775 1777 pauca
793 1735 1017 1768 munimenta
1042 1736 1243 1777 quaerebat
1260 1736 1283 1768 J
1300 1735 1360 1775 98,
1380 1736 1411 1768 3.
1453 1746 1571 1779 neque
1591 1736 1691 1769 aliud
1708 1747 1747 1770 se

231 1780 421 1822 fatigando
445 1781 517 1812 nisi
542 1781 662 1813 odium
687 1791 861 1822 quaerere
885 1781 909 1813 J
932 1780 970 1821 3,
991 1780 1023 1813 3.
1072 1781 1143 1813 sibi
1168 1782 1318 1823 quisque
1342 1792 1431 1823 opes
1457 1785 1520 1813 aut
1543 1782 1751 1824 patrocinia

233 1826 440 1867 quaerundo
464 1826 499 1857 H
522 1826 539 1857 I
555 1825 616 1865 48,
636 1825 669 1857 6.
711 1826 847 1858 frustra
864 1843 906 1848 —
924 1826 1027 1868 pacis
1048 1825 1273 1868 opulentiam
1299 1826 1476 1868 quaeritis
1499 1827 1534 1858 H
1558 1827 1596 1858 II
1612 1826 1673 1868 41,
1696 1826 1747 1860 14.

231 1871 434 1912 potentiam
460 1871 651 1912 quaerenti
676 1871 699 1903 J
722 1870 784 1910 86,
803 1871 834 1904 3.
873 1871 1007 1904 divorsi
1032 1881 1154 1914 regem
1174 1881 1351 1913 quaerere
1368 1871 1392 1903 J
1412 1871 1462 1912 12,
1483 1871 1514 1903 5.
1555 1882 1673 1914 neque
1691 1882 1748 1904 sa-

224 1915 301 1957 >lem
326 1925 443 1957 neque
469 1916 542 1947 alia
567 1917 804 1948 inritamenta
829 1916 938 1958 gulae
964 1916 1228 1958 quaerebantJ
1244 1915 1299 1956 89,
1319 1916 1349 1948 7.
1394 1919 1553 1949 armatus
1570 1917 1748 1950 dedecore

231 1961 353 2003 potius
371 1971 478 2002 quam
496 1971 605 1993 manu
624 1961 779 1993 salutem
798 1962 1032 2003 quaesiverat
1048 1961 1071 1993 J
1089 1960 1142 2001 39,
1160 1961 1172 1992 1
1193 1964 1280 2002 conl.
1299 1961 1464 2002 quotiens
1481 1961 1593 1993 ductu
1610 1972 1689 1994 mco
1707 1980 1749 1985 ——

230 2006 336 2038 vobis
353 2006 453 2037 salus
472 2007 638 2047 quaesita
658 2009 713 2037 est
730 2006 764 2037 H
781 2007 816 2038 II
832 2005 886 2043 96,
911 2006 938 2037 l.
981 2009 1160 2048 quaerant
1178 2006 1376 2048 triumphos
1394 2006 1429 2038 H
1446 2006 1501 2037 111
1518 2005 1573 2043 61,
1591 2005 1642 2038 18.
1676 2017 1750 2040 una

232 2061 301 2091 res,
321 2061 413 2092 quae
431 2052 575 2093 utrimq.
595 2052 763 2093 quaesita
782 2055 838 2084 est
856 2052 890 2082 H
907 2052 962 2083 111
979 2051 1034 2091 61,
1055 2050 1105 2082 12.
1141 2052 1199 2082 cui
1217 2062 1281 2093 per
1294 2054 1349 2082 tot
1365 2051 1517 2083 volnera
1534 2051 1625 2083 nihil
1642 2062 1748 2095 prae-

230 2099 286 2127 ter
302 2099 493 2136 tyrannum
514 2097 715 2138 quaesitum
735 2100 791 2128 est
807 2097 841 2128 H
858 2097 875 2128 I
891 2097 945 2136 41,
965 2097 1019 2128 22.
1061 2095 1149 2127 mihi
1173 2105 1389 2137 quamquam
1407 2106 1472 2138 per
1487 2096 1555 2128 hoc¹
1574 2104 1749 2128 summum

230 2141 410 2182 inperium
436 2142 527 2172 satis
553 2137 632 2173 erat
658 2142 863 2183 quaesitum
888 2141 1025 2173 nomini
1049 2142 1242 2180 maiorum,
1268 2141 1442 2183 dignitati
1469 2158 1506 2163 —
1526 2141 1594 2173 HI
1610 2141 1672 2181 41,
1690 2141 1746 2174 26.

230 2189 269 2217 ut
294 2195 510 2226 quaeramus
537 2196 692 2227 quonam
717 2187 819 2218 modo
844 2197 1007 2218 maxume
1032 2186 1098 2217 ulti
1122 2196 1314 2228 pereamus
1332 2186 1358 2217 C
1380 2185 1434 2226 33,
1453 2186 1485 2217 5.
1528 2186 1645 2229 magis
1662 2186 1748 2229 quid

231 2241 270 2263 se
288 2230 436 2271 dignum
455 2231 550 2262 foret
567 2241 673 2272 quam
693 2232 777 2273 quid
797 2232 833 2263 in
850 2231 932 2263 illos
950 2232 1027 2263 iure
1046 2230 1123 2262 fieri
1142 2234 1265 2273 posset
1283 2231 1511 2272 quaerebant
1528 2231 1555 2262 O
1573 2231 1633 2271 51,
1651 2230 1683 2263 6.
1716 2231 1748 2264 si

232 2286 275 2307 ex
299 2275 466 2316 patribus
493 2293 532 2297 —
551 2294 592 2297 —-
618 2277 745 2317 quaeri
770 2277 902 2318 possit,
929 2287 1033 2308 mene
1059 2286 1106 2307 an
1131 2276 1214 2308 illos
1232 2286 1275 2308 ex
1294 2286 1375 2307 sese
1393 2276 1496 2318 gigni
1513 2275 1750 2308 maluerintJ

230 2319 285 2359 85,
299 2319 349 2351 16.
380 2320 525 2352 venisse
544 2321 748 2361 quaesitum
768 2321 813 2352 ab
833 2332 875 2352 eo
894 2331 1022 2363 pacem
1043 2331 1089 2352 an
1107 2321 1241 2353 bellum
1261 2321 1466 2363 agitaturus
1485 2319 1694 2361 foretJ109,
1712 2322 1745 2353 2.

232 2365 374 2407 quaerit
398 2365 492 2396 extis
516 2375 599 2396 num
624 2366 762 2397 somnio
787 2366 1064 2406 portenderetur
1086 2366 1306 2405 thensaurus
1330 2366 1364 2397 H
1388 2366 1440 2397 111
1462 2365 1516 2398 78.
1558 2375 1651 2407 quae
1675 2366 1749 2398 nisi

232 2410 401 2451 quaesita
426 2413 530 2441 erunt
546 2410 570 2441 J
587 2409 646 2450 31,
665 2409 721 2441 26.
762 2411 815 2441 uti
834 2413 1070 2451 quaereretur
1088 2412 1124 2442 in
1143 2421 1205 2443 eos
1222 2411 1245 2443 J
1262 2409 1316 2452 40,
1341 2410 1369 2442 1.
1394 2423 1441 2438 Ξ
1463 2410 1593 2453 epulae
1618 2411 1748 2451 quaesi·-

229 2455 390 2486 tissumae
408 2455 443 2486 H
459 2455 493 2486 ΙΙ
510 2453 565 2495 23,
584 2455 617 2487 4.

276 2500 454 2540 quaesitor.
487 2509 567 2531 cum
586 2510 630 2531 ex
647 2517 690 2521 —-
707 2499 898 2541 rogatione
917 2502 991 2531 tres
1010 2501 1239 2541 quaesitores
1257 2503 1474 2543 rogarentur
1490 2500 1514 2532 J
1529 2499 1585 2538 40,
1602 2500 1635 2532 4.

275 2554 407 2585 quaeso.
439 2545 676 2586 quaesereH
699 2544 716 2575 Ι
745 2543 816 2575 117.
860 2545 951 2586 quod
976 2555 1044 2586 ego
1068 2554 1133 2576 vos
1158 2556 1284 2577 moneo
1303 2556 1510 2587 quaesoque
1528 2548 1568 2576 ut
1585 2545 1747 2578 animad-

231 2591 386 2623 vortatis
404 2590 438 2622 H
455 2590 490 2621 II
506 2588 567 2627 96,
585 2588 618 2620 8.
644 2590 698 2621 111
715 2588 773 2628 61,
803 2588 855 2621 13.
905 2589 1099 2631 Curionem
1124 2590 1269 2631 quaesit
1293 2594 1332 2621 ut
1356 2608 1396 2612 —
1423 2590 1644 2622 concederet
1670 2590 1709 2621 H·
1730 2590 1746 2622 I

230 2636 284 2667 52.
327 2635 420 2677 quod
445 2635 651 2677 quaesitur,
677 2635 815 2666 satisne
840 2634 939 2676 pium
966 2652 1001 2655 ή-
1029 2634 1077 2665 sit
1102 2635 1136 2665 H
1155 2635 1203 2665 IV
1220 2633 1283 2674 61,
1306 2634 1334 2666 1.
1378 2643 1514 2676 quaeso
1537 2637 1706 2676 reputate
1722 2635 1747 2667 J
1778 2663 1782 2668 .

230 2680 284 2719 85,
307 2679 365 2712 10:
403 2683 438 2712 et
463 2690 598 2722 quaeso
626 2679 855 2712 considerate
880 2680 913 2711 H
937 2679 953 2710 I
970 2678 1030 2719 48,
1054 2678 1105 2711 13.
1146 2679 1250 2710 Nunc
1277 2689 1412 2721 quaeso
1437 2679 1629 2711 considera
1645 2679 1680 2711 H
1696 2680 1747 2712 IV

275 2750 426 2810 quaestio
445 2770 608 2802 exercita
627 2780 755 2812 aspere
774 2769 1024 2811 violenterque
1049 2779 1092 2800 ex
1116 2778 1258 2800 rumore
1276 2786 1318 2790 —
1337 2767 1454 2810 plebis
1470 2769 1493 2800 J
1510 2768 1566 2809 40,
1584 2768 1615 2801 5.
1657 2778 1746 2811 quos

231 2816 295 2846 illa
327 2826 393 2846 —o
425 2815 643 2856 exagitabat
663 2815 687 2846 J
710 2814 771 2854 34,
796 2815 828 2846 2.
878 2815 915 2846 in
946 2814 1090 2856 plebem
1124 2823 1254 2845 —ones
1285 2813 1435 2845 habitae
1465 2817 1549 2845 sunt
1579 2814 1603 2845 J
1625 2813 1687 2851 31,
1711 2813 1743 2846 7.
1769 2827 1772 2830 ⁴

231 2860 297 2892 alii
315 2870 447 2892 —ones
464 2860 619 2891 iniustas
636 2876 680 2882 ·-—
696 2870 759 2901 pro
779 2859 1000 2891 munimento
1018 2859 1156 2891 habent
1172 2859 1195 2890 J
1212 2858 1253 2891 31
1265 2883 1273 2899 ,
1296 2857 1347 2891 13.
1389 2858 1744 2891 vindicandumnon

231 2915 339 2939 manu
361 2924 394 2927 -
416 2915 539 2938 verum
557 2905 732 2938 —onibus
751 2907 787 2937 et
804 2904 937 2937 iudicio
954 2904 1067 2948 ipsius
1085 2903 1283 2947 Iugurthae
1303 2903 1325 2936 J
1343 2902 1396 2943 31,
1420 2902 1473 2935 18.

1212 2990 1236 3000 Q
