1852 3294
824 242 955 270 isnax
1569 221 1642 264 251

145 343 238 378 alios
255 343 334 387 pati
350 344 385 376 H
401 344 418 376 1
437 343 488 377 12.
528 343 608 386 ipse
626 353 706 376 cum
723 343 798 376 telo
817 354 908 384 esse,
929 344 1015 376 item
1032 342 1126 375 alios
1142 341 1268 374 iubere
1286 340 1314 374 O
1331 339 1430 382 27,2.
1463 337 1651 383 praesidia

142 389 369 433 parabantur
386 393 422 422 et
438 390 518 432 ipse
535 407 577 411 —
594 389 841 431 interrogatus
859 393 939 421 erat
957 389 984 421 C
1002 388 1057 430 23,
1076 388 1108 420 4.
1148 398 1223 420 rem
1240 386 1426 430 publicam
1443 382 1665 418 conturbari.

144 445 251 478 quam
269 435 386 467 minus
402 434 528 467 valere
545 435 616 477 ipsi
631 434 820 467 malebant
836 435 863 467 C
881 434 923 468 37
934 460 942 474 ‚
965 433 1016 466 10.
1057 452 1097 457 -
1124 437 1255 476 parata
1272 443 1352 465 esse
1363 457 1372 472 ,
1397 441 1443 464 ne
1459 432 1653 463 cunctetur

142 481 221 523 ipse
243 497 279 502 —
301 479 580 520 adcedereccm,
591 478 624 511 6.
657 479 720 512 Set
737 480 815 522 ipse
830 497 872 502 —-
889 477 1178 518 contenditC36,
1191 478 1220 510 1.
1244 478 1299 518 44,
1311 478 1345 510 4.
1368 477 1393 510 J
1406 475 1486 516 9‚4.
1509 474 1538 508 C
1552 473 1608 514 49,
1618 473 1650 506 4.

143 526 222 568 ipse
235 525 346 568 pedes
363 526 560 602 efegcitgum
576 524 850 602 ipgtrgiit059st
868 531 957 603 cergi)
964 524 997 602 3i
1001 525 1036 602 g
1055 525 1080 602 g
1082 523 1168 602 610¹0,
1178 524 1226 602 ΞΒ
1236 523 1390 600 mulixi-1113
1401 522 1481 600 ἰρὶἕ
1489 529 1652 600 Ξυξῶωιθ

143 570 381 656 66660066096
406 596 466 657 66·
483 596 522 647 1.'
533 570 646 656 066663
669 570 906 656 66ῗ6ἑῖἓῖῗ1
932 595 987 656 96,
1006 595 1038 648 21
1056 615 1088 648 3.
1107 594 1168 655 96,
1182 615 1214 646 9.
1240 613 1295 653 96
1306 577 1440 653 66666,
1453 593 1485 645 61
1511 590 1539 644 e
1552 591 1651 664 6116.

144 671 238 704 quae
255 661 327 704 ipsi
343 661 505 693 nefanda
523 660 769 701 existumatis,
797 671 842 693 ea
858 671 985 703 pamm
1003 660 1182 693 credendo
1199 660 1243 692 de
1263 659 1346 692 aliis
1363 659 1398 690 H
1414 659 1431 690 1
1447 657 1509 698 41,
1530 657 1559 689 1.
1600 658 1653 688 ait

146 723 183 728 —
203 706 372 747 rescindi,
393 717 474 739 cum
490 707 568 749 ipse
587 710 697 749 cogat
713 707 747 738 H
765 707 783 739 1
798 705 852 746 48,
875 707 916 739 14
937 709 1023 739 conl.
1044 705 1095 738 16.
1119 707 1136 738 I
1151 704 1206 737 97.
1231 706 1267 737 11
1282 704 1336 737 92¹.
1362 705 1416 736 111
1434 703 1485 737 13.
1527 712 1594 736 sua
1613 718 1650 724 —

142 751 287 784 laudari
304 762 410 794 quam
426 752 506 795 ipse
525 752 676 784 aliorum
693 762 844 784 narrare
861 750 1102 792 malebatCS,
1112 751 1144 783 5.
1178 751 1231 783 ita
1248 751 1320 793 ipsi
1337 750 1430 782 clari
1447 751 1652 792 potentesq.

143 795 223 829 fieri
241 796 268 829 C
286 797 348 837 38,
370 796 398 828 1.
440 797 471 829 si
492 797 572 840 ipse
596 797 799 840 pudicitiae
817 808 907 830 suae
924 797 1089 840 pepercit
1106 796 1133 828 C
1150 796 1211 835 52,
1229 795 1285 828 32.
1325 796 1405 839 ipse
1427 794 1614 837 delegeret
1630 793 1653 825 J

146 841 219 882 108,
239 842 259 873 2
276 844 362 874 conl.
379 842 416 874 H
430 842 467 874 II
487 841 538 875 13.
572 842 682 886 paulo
699 846 781 886 post
798 843 869 886 ipsi
885 842 1126 875 trahebantur
1143 841 1170 874 C
1185 841 1240 882 51,
1251 840 1305 874 34.
1335 840 1513 883 Iugurtha
1530 844 1654 882 regem

142 886 230 920 ficta
250 887 410 920 locutum
433 887 680 931 intellegebat
705 891 742 920 et
765 889 844 931 ipse
878 888 987 931 longe
1019 887 1128 920 aliter
1152 887 1272 919 auimo
1296 886 1467 930 agitabat
1487 885 1512 918 J
1537 884 1596 925 11,
1623 883 1652 916 l.

144 950 181 955 —
202 937 309 976 paret
326 951 368 955 —
385 942 425 965 se
442 933 558 976 ipsum
577 937 764 966 venturum
779 934 803 966 J
822 934 873 974 12,
893 933 924 966 3.
958 933 1041 976 -ipsi
1056 950 1103 956 —
1119 931 1345 965 consulatum
1362 931 1503 974 petenti
1520 939 1655 973 magna

143 988 227 1021 spes
245 977 272 1009 C
294 977 349 1017 l6,
369 978 403 1010 5.
444 982 574 1011 tuasne
599 979 752 1012 iniurias
778 989 998 1022 persequar,
1024 979 1102 1022 ipse
1130 989 1151 1010 a
1178 978 1245 1010 xili
1263 987 1375 1021 egens
1391 978 1415 1009 J
1435 976 1497 1017 14,
1512 975 1567 1009 23.
1610 975 1653 1007 de

143 1023 299 1056 hostium
318 1023 478 1056 adventu
495 1025 667 1067 cognovit
685 1027 720 1056 et
738 1025 809 1067 ipsi
824 1025 947 1057 hostes
966 1024 1120 1057 aderant
1174 1022 1230 1064 97,
1248 1023 1280 1055 5.
1315 1022 1501 1063 effecerat,
1520 1025 1560 1054 ut
1574 1021 1653 1064 ipse

144 1086 185 1091 —
205 1072 392 1101 crearetur
406 1069 431 1101 J
446 1068 508 1110 40,
526 1070 559 1104 4.
600 1070 749 1102 tametsi
772 1070 810 1102 in
833 1068 912 1113 ipso
937 1080 1071 1113 magna
1086 1070 1142 1102 vis
1160 1072 1240 1101 erat
1254 1086 1300 1092 —
1315 1067 1493 1100 Baebium
1509 1069 1618 1109 parat
1632 1066 1655 1098 J

143 1112 205 1155 33,
223 1114 254 1146 2.
297 1114 411 1146 habet
436 1118 569 1147 cuncta
591 1126 710 1158 neque
734 1116 814 1158 ipse
837 1115 994 1147 habetur
1015 1115 1039 1147 J
1061 1115 1098 1155 2,
1118 1114 1150 1147 3.
1191 1114 1390 1157 praedator
1416 1124 1460 1145 ex
1483 1112 1595 1145 sociis
1619 1115 1656 1144 et

143 1160 222 1202 ipse
240 1159 379 1202 praeda
395 1159 550 1192 hostium
566 1160 590 1192 J
602 1161 665 1200 44„
680 1161 709 1192 1.
744 1165 934 1204 suspectus
952 1161 1031 1203 regi
1049 1164 1086 1192 et
1101 1161 1180 1203 ipse
1198 1170 1279 1192 eum
1297 1159 1501 1200 suspiciens
1516 1158 1542 1191 J
1557 1155 1654 1196 70,1.

143 1205 387 1245 centuriones,
406 1205 570 1238 tribunos
587 1209 623 1238 et
638 1206 756 1249 ipsum
773 1206 1003 1250 praefectum
1021 1206 1143 1248 oppidi
1160 1205 1185 1237 J
1200 1204 1262 1244 66,
1280 1204 1313 1237 3.
1355 1204 1504 1236 barbari
1523 1202 1656 1236 laetari

144 1253 181 1283 et
196 1250 267 1293 ipsi
285 1250 396 1282 duces
413 1250 556 1283 feroces
574 1261 655 1283 esse
670 1251 695 1284 J
710 1250 766 1291 98,
784 1250 815 1284 6.
855 1251 967 1291 locos,
985 1255 1162 1294 tempora,
1181 1250 1336 1292 denique
1353 1253 1522 1281 naturam
1538 1249 1656 1291 ipsam

144 1295 278 1328 ceteris
295 1295 552 1338 inperitantem
568 1296 593 1329 J
609 1295 664 1337 76,
681 1296 710 1328 1.
745 1297 815 1339 ipsi
831 1307 951 1339 pares,
974 1314 1011 1319 —
1031 1296 1159 1339 opibus
1176 1295 1383 1338 disparibus
1398 1295 1423 1327 J
1438 1295 1493 1335 52,
1507 1293 1535 1326 1.
1569 1304 1654 1337 poe-

143 1351 210 1373 nas
229 1351 318 1383 quas
333 1358 380 1364 -—-
395 1344 611 1382 metuerant,
630 1351 694 1374 eas
712 1342 783 1385 ipsi
797 1342 965 1375 volentes
982 1341 1188 1385 pependere
1204 1341 1230 1373 J
1245 1339 1299 1380 76,
1317 1339 1350 1372 6.
1385 1350 1478 1383 quae
1496 1341 1574 1383 ipse
1591 1349 1655 1382 pa-

142 1387 301 1419 ravisset
317 1386 462 1427 facere,
486 1386 638 1429 perfidia
656 1406 697 1410 —-
715 1391 918 1430 praeventa
934 1388 959 1420 J
975 1387 1036 1427 74,
1057 1386 1086 1419 1.
1127 1386 1320 1426 nobilitas,
1347 1386 1429 1429 ipsa
1452 1384 1653 1423 dissimilis,

143 1442 209 1464 nos
226 1431 369 1464 illorum
387 1432 548 1464 aemulos
565 1433 764 1465 contemnit
786 1433 810 1465 J
825 1431 888 1473 85,
907 1432 961 1466 37.
1001 1432 1073 1476 ipsi
1100 1432 1204 1464 modo
1230 1432 1371 1464 eminus
1394 1430 1657 1464 sauciabantur

143 1487 261 1520 neque
280 1479 406 1509 contra
424 1477 582 1509 feriundi
601 1479 707 1521 copia
725 1481 805 1511 erat
819 1479 843 1511 J
859 1477 913 1518 50,
923 1478 954 1511 4.
988 1477 1176 1510 licentiam
1193 1477 1284 1520 ipsis
1301 1477 1480 1519 permittit
1494 1476 1518 1508 J
1537 1474 1612 1517 103,
1622 1474 1654 1508 3.

142 1525 364 1557 metuentem
387 1533 432 1554 ne
459 1541 499 1545 —
523 1523 602 1565 ipse
626 1524 819 1556 dederetur
833 1524 858 1556 J
874 1523 915 1556 61
928 1549 936 1565 ‚
955 1523 987 1556 5.
1030 1534 1111 1556 cum
1135 1523 1213 1566 ipse
1228 1540 1274 1546 —4
1289 1526 1485 1555 vocaretur
1499 1522 1524 1554 J
1539 1520 1602 1562 62,
1621 1519 1653 1552 8.

142 1567 332 1610 plerosque
357 1568 436 1610 ipse
461 1572 679 1610 necaverat,
707 1570 822 1602 ceteri
838 1588 882 1592 —
897 1570 1135 1612 profugerant
1157 1569 1181 1600 J
1204 1568 1265 1608 74,
1287 1568 1317 1601 1.
1359 1567 1484 1601 Gallia
1503 1585 1541 1590 —
1560 1577 1655 1599 nunc

142 1614 225 1656 ipsa
241 1613 301 1646 vix
319 1614 438 1655 agitat
454 1614 489 1645 H
505 1614 540 1646 II
557 1613 620 1655 96,
638 1613 671 1646 9.
714 1614 778 1647 Set
801 1615 873 1658 ipsi
898 1615 1020 1647 ferunt
1036 1615 1070 1646 H
1086 1615 1123 1646 Π
1137 1613 1169 1646 8.
1210 1614 1329 1656 ipsum
1346 1613 1538 1646 Ponticum
1555 1622 1654 1645 mare

142 1658 178 1690 H
194 1658 249 1690 111
265 1658 320 1690 45.
352 1657 440 1690 Asia
458 1659 504 1691 ab
521 1659 611 1701 ipsis
628 1660 780 1692 obsessa
805 1663 862 1692 est
877 1661 912 1691 H
929 1661 978 1692 IV
995 1659 1035 1692 61
1047 1685 1054 1699 ,
1073 1658 1106 1692 8.
1147 1660 1308 1702 ipsorum
1330 1659 1477 1691 iuterna
1499 1658 1598 1691 mala
1621 1658 1656 1690 H

142 1703 193 1735 IV
209 1702 264 1743 61,
285 1702 338 1736 13.
380 1708 565 1736 certamen
582 1705 678 1737 inter
691 1705 790 1747 ipsos
809 1705 836 1738 C
853 1706 890 1743 7,
909 1704 942 1737 6.
982 1705 1120 1737 indicio
1136 1705 1249 1747 ipsius
1266 1704 1464 1747 Iugurthae
1480 1704 1505 1736 J
1521 1703 1580 1743 31,
1603 1702 1655 1735 18.

143 1748 237 1781 haec
254 1749 335 1791 ipsa
353 1748 381 1780 O
399 1748 460 1788 20,
482 1749 533 1781 17.
573 1750 691 1792 ipsum
714 1750 817 1782 illum
839 1751 862 1782 J
888 1749 947 1791 11,
964 1749 998 1782 6.
1040 1761 1119 1782 eum
1145 1751 1260 1793 ipsum
1276 1750 1299 1782 J
1316 1748 1378 1790 49,
1396 1750 1418 1781 4
1440 1753 1526 1782 conl.
1545 1748 1604 1789 66,
1626 1748 1654 1780 1.

144 1804 249 1836 quem
265 1795 380 1836 ipsum
399 1794 434 1826 H
450 1795 507 1827 III
523 1793 579 1835 61,
598 1794 640 1826 21
658 1799 744 1828 conl.
767 1795 818 1828 13.
854 1795 1025 1828 Crassum
1044 1813 1080 1818 —
1102 1795 1271 1838 quoniam
1289 1795 1357 1827 Gn.
1375 1795 1582 1838 Pompeius,
1602 1795 1655 1826 in-

142 1839 243 1872 visus
267 1838 354 1882 ipsi,
382 1840 579 1872 exercitum
602 1840 796 1881 ductabat,
821 1841 981 1874 cuiusvis
1005 1851 1092 1883 opes
1116 1841 1273 1873 voluisse
1290 1839 1463 1873 'crescere
1489 1840 1516 1873 G
1543 1839 1602 1880 17,
1622 1839 1655 1871 7.

142 1885 324 1928 parabant
346 1884 511 1917 consules
534 1885 757 1927 interficere,
783 1887 855 1929 ipsi
879 1886 1042 1919 fascibus
1067 1886 1251 1928 conreptis
1266 1886 1435 1918 Pisonem
1451 1904 1496 1908 —
1510 1886 1656 1918 mittere

144 1929 276 1969 018‚5.
308 1940 400 1972 quae
415 1933 563 1963 tacente
578 1931 658 1974 ipso
672 1932 928 1974 patefecisseJ
942 1930 1015 1971 113,
1026 1930 1058 1964 3.
1085 1932 1234 1964 tametsi
1247 1931 1366 1974 ipsum
1375 1930 1613 1971 teneretJ38,
1621 1929 1653 1962 9.

143 1976 181 2008 in
204 1976 284 2018 ipso
308 1986 514 2008 maxumam
538 1977 728 2018 virtutem,
754 1977 892 2009 Romae
916 1977 1038 2009 omnia
1061 1977 1231 2010 vaenalia
1258 1986 1338 2009 esse
1361 1977 1385 2009 J
1407 1975 1446 2017 8,
1468 1977 1498 2009 1.
1539 1976 1586 2009 ab
1611 1987 1656 2008 ea

90 2048 98 2058 .
142 2024 259 2064 parte,
279 2031 373 2063 quae
390 2022 469 2064 ipse
489 2022 716 2062 escenderat,
737 2022 928 2055 castellum
945 2025 1098 2065 temptet
1112 2022 1136 2054 J
1151 2021 1207 2062 93,
1217 2021 1248 2054 6.
1280 2021 1418 2054 nullum
1434 2021 1553 2055 locum
1565 2022 1655 2065 ipsis

143 2069 259 2099 tutum
275 2066 353 2099 fore
371 2067 406 2099 H
422 2067 476 2099 111
492 2065 547 2099 64.
583 2078 662 2100 cum
678 2068 758 2110 ipse
776 2067 872 2100 filius
888 2068 994 2100 testis
1012 2068 1159 2100 adesset
1173 2068 1198 2100 J
1217 2066 1296 2108 107,
1315 2067 1348 2099 4.
1377 2068 1531 2100 'evenire
1548 2077 1656 2111 posse

143 2111 174 2144 si
190 2112 269 2154 ipse
286 2130 328 2134 —-
346 2113 476 2145 missus
493 2116 592 2145 esset
606 2113 630 2146 J
647 2112 707 2154 63,
728 2112 759 2146 3.
801 2123 860 2146 res
882 2114 965 2156 ipsa
982 2113 1120 2145 hortari
1136 2113 1281 2147 videtur
1298 2112 1326 2145 C
1343 2113 1384 2154 5,
1401 2111 1424 2145 9
1446 2116 1534 2146 conl.
1553 2113 1580 2146 C
1599 2113 1654 2150 52,

142 2155 187 2189 28
203 2161 237 2190 et
253 2156 307 2189 35.
343 2158 422 2200 quis
440 2160 525 2190 acta
541 2176 585 2181 -
601 2159 854 2202 ignorantibus
871 2158 1044 2191 tumultus
1062 2159 1140 2202 ipse
1159 2161 1196 2191 et
1213 2169 1272 2191 res
1289 2169 1407 2192 novae
1425 2159 1516 2191 satis
1533 2158 1655 2202 place-

142 2202 233 2234 bant
257 2203 281 2235 J
303 2201 366 2243 66,
383 2203 415 2235 4.
457 2203 523 2235 sub
546 2204 636 2246 ipsis
660 2204 847 2236 radicibus
870 2205 1043 2237 montium
1067 2204 1094 2237 C
1119 2204 1180 2246 57,
1200 2203 1233 2237 3.
1273 2204 1362 2247 ipsis
1387 2204 1558 2237 faucibus
1582 2214 1655 2236 non

144 2247 299 2290 amplius
315 2251 420 2290 patet
436 2249 471 2280 H
486 2249 536 2280 IV
556 2248 607 2282 18.
647 2260 712 2292 per
735 2259 774 2281 se
798 2250 879 2292 ipsa
903 2250 1003 2282 clara
1018 2250 1044 2282 J
1058 2250 1098 2290 4,
1115 2249 1148 2282 8.
1189 2260 1315 2292 parum
1341 2253 1418 2282 tuta
1435 2261 1501 2292 per
1518 2260 1557 2282 se
1574 2250 1655 2293 ipsa

142 2293 306 2336 probitas
322 2294 347 2326 J
366 2293 419 2334 14,
437 2294 470 2326 4.
512 2293 596 2326 aliis
613 2305 679 2337 per
697 2305 734 2327 se
752 2295 830 2337 ipse
848 2295 935 2327 dare
952 2295 976 2328 J
991 2294 1046 2336 96,
1065 2295 1099 2328 2.
1139 2296 1221 2338 ipsa
1239 2305 1278 2327 se
1295 2295 1409 2327 virtus
1427 2296 1517 2328 satis
1534 2298 1655 2328 osten-

143 2338 197 2370 dit
212 2339 236 2371 J
251 2338 306 2378 85,
325 2338 380 2371 31.
413 2339 516 2381 ipsae
535 2339 605 2371 sibi
623 2340 799 2372 advorsae
815 2341 839 2372 J
858 2340 931 2381 113,
955 2341 982 2372 1.
1015 2341 1087 2383 ipsi
1104 2341 1176 2373 sibi
1192 2340 1394 2374 obficerent
1408 2341 1433 2373 J
1449 2340 1503 2382 58,
1522 2340 1555 2373 6.
1590 2341 1654 2373 mi-

143 2394 287 2416 numum
304 2384 348 2416 de
366 2394 404 2416 se
421 2384 500 2426 ipse
517 2384 616 2427 loqui
631 2386 655 2417 J
670 2384 703 2424 6,
726 2384 754 2417 1.
796 2396 919 2418 secum
936 2387 1014 2429 ipse
1031 2386 1146 2418 multa
1164 2387 1323 2429 agitavit
1337 2386 1362 2418 J
1379 2385 1455 2427 113,
1475 2386 1507 2419 3.
1540 2386 1655 2419 volvit

143 2429 167 2461 J
187 2428 260 2467 113,
279 2429 310 2462 3.
351 2429 430 2472 ipse
448 2440 570 2462 secum
589 2430 616 2463 O
633 2429 688 2471 32,
711 2430 739 2463 l.
779 2441 902 2464 secum
919 2432 998 2474 ipse
1016 2433 1164 2474 reputat
1178 2432 1202 2464 J
1218 2430 1278 2469 62,
1296 2431 1328 2464 9.
1370 2432 1449 2474 ipse
1467 2442 1607 2464 mecum
1625 2431 1653 2462 O

143 2474 203 2514 52,
221 2474 254 2506 2.
295 2478 411 2507 semet
433 2475 515 2517 ipsa
538 2476 800 2519 praecipitavit
815 2477 840 2509 J
854 2476 916 2517 41,
935 2476 967 2509 9.
1009 2480 1124 2510 semet
1147 2478 1218 2520 ipsi
1243 2476 1479 2520 adpellavere
1498 2477 1523 2509 J
1543 2476 1600 2515 18,
1619 2476 1651 2507 7.

142 2522 283 2552 nosmet
299 2520 370 2562 ipsi
387 2520 613 2554 vindicamus
628 2522 666 2553 in
683 2520 890 2554 libertatem
907 2522 935 2555 C
952 2521 1013 2561 20,
1031 2521 1066 2555 6.
1105 2523 1286 2556 vobismet
1312 2522 1382 2564 ipsi
1408 2522 1602 2554 destinatis
1619 2522 1654 2553 H

142 2565 197 2598 111
212 2564 267 2606 61,
278 2563 310 2597 6.
342 2569 485 2598 suamet
501 2566 580 2609 ipse
598 2566 741 2599 scelera
755 2567 940 2600 occultare
957 2566 1047 2608 023,
1057 2569 1090 2600 2.
1121 2571 1262 2600 suomet
1273 2567 1343 2609 ipsi
1358 2577 1455 2599 more
1474 2567 1654 2610 praecipi-

142 2614 198 2643 tes
215 2609 394 2650 eantJ3l,
405 2610 436 2643 6.
463 2615 605 2644 suamet
619 2612 736 2655 ipsum
753 2614 910 2656 pecunia
927 2623 1095 2646 casurum
1108 2612 1170 2651 J8,
1183 2613 1217 2644 2.
1248 2613 1390 2644 Incerta
1407 2612 1441 2643 H
1458 2612 1474 2643 I
1492 2611 1543 2644 19.
1569 2612 1581 2643 i
1597 2611 1654 2644 81.

186 2656 246 2687 ira.
278 2657 333 2688 ira
350 2657 387 2688 in
404 2656 599 2699 Tigranem
615 2658 775 2690 recentis
792 2658 881 2691 belli
898 2659 933 2690 H
949 2659 1000 2690 IV
1016 2656 1114 2698 61,3.
1146 2658 1203 2689 ira
1220 2657 1308 2689 belli
1325 2657 1494 2689 desenuit
1509 2657 1544 2689 H
1561 2657 1579 2689 Ι
1595 2656 1651 2690 93.

143 2711 236 2743 qnae
254 2701 310 2733 ira
326 2701 406 2734 fieri
423 2705 522 2734 amat
536 2703 560 2735 J
576 2702 638 2743 34,
659 2702 689 2735 l.
731 2704 756 2735 i.
782 2707 820 2735 et
844 2703 1034 2746 aegritudo
1051 2703 1231 2744 permixta
1249 2706 1331 2734 sunt
1349 2702 1374 2734 J
1390 2701 1445 2741 68,
1466 2701 1496 2734 1.
1536 2702 1560 2734 i.
1579 2712 1653 2734 am·-

141 2746 237 2789 plius
255 2757 361 2788 quam
377 2746 554 2780 lassitudo
571 2758 677 2791 posse
694 2749 717 2781 J
734 2747 797 2789 69,
817 2749 850 2783 2.
890 2752 930 2780 ut
946 2751 1069 2780 monet
1087 2748 1140 2778 ira
1158 2748 1192 2778 H
1209 2748 1243 2779 ΙΙ
1259 2747 1321 2787 41,
1340 2745 1372 2778 8.
1414 2746 1530 2779 lenita
1546 2748 1602 2779 ira
1618 2748 1654 2780 H

141 2791 192 2823 IV
213 2790 246 2824 6.
285 2792 363 2824 irae
392 2793 510 2835 magis
535 2803 641 2836 quam
669 2793 791 2826 famae
817 2793 1006 2826 consulere
1032 2792 1059 2824 C
1084 2792 1146 2832 51,
1164 2792 1195 2824 7.
1245 2791 1420 2834 dignitati
1444 2803 1551 2835 quam
1574 2793 1653 2825 irae

142 2837 260 2878 magis
275 2837 299 2870 J
315 2836 371 2877 33,
389 2837 419 2870 3.
461 2838 551 2870 nihil
569 2842 733 2871 sanctum
749 2849 867 2880 neque
884 2837 1081 2870 nefandum
1105 2837 1174 2869 fuit
1198 2838 1275 2870 irae
1293 2837 1530 2870 barbarorum
1547 2838 1583 2870 H
1599 2838 1654 2871 111

143 2879 203 2919 67,
228 2881 277 2913 17.
317 2882 452 2914 Minois
468 2883 553 2915 iram
578 2884 706 2926 fugere
731 2884 764 2915 H
780 2884 815 2915 11
832 2882 864 2916 3.
905 2886 1055 2914 senatus
1080 2883 1208 2915 timere
1224 2873 1248 2915 J
1264 2882 1327 2922 25,
1345 2882 1377 2915 3.
1419 2883 1654 2926 obpresserat

141 2926 165 2959 J
182 2926 236 2967 72,
249 2926 280 2959 1.
315 2927 488 2960 advorsus
504 2928 529 2960 i.
547 2938 604 2971 po.
623 2928 775 2961 Romani
793 2938 892 2971 spem
909 2927 1045 2961 habere
1062 2928 1086 2961 J
1106 2927 1157 2969 13,
1168 2928 1200 2961 5.
1232 2928 1485 2962 iriconmotus
1503 2929 1530 2963 C
1548 2928 1603 2970 31,
1617 2929 1650 2963 6.
