1826 3282
489 255 493 258 .
548 216 851 264 ms‘romARv'm
873 234 956 263 mn.
980 234 1014 263 11
1043 227 1102 264 42.
1132 227 1189 265 43.
1574 219 1628 260 47

20 369 24 372 .
58 343 100 378 9,
217 336 342 388 Atque
374 347 467 386 ego,
506 337 616 376 cuius
641 337 757 375 aetati
788 348 895 374 mors
923 336 1085 387 propior
1121 339 1197 379 est,
1236 345 1315 373 non
1342 333 1557 384 deprecor,
1596 333 1629 371 si

105 404 196 456 quid
229 416 272 442 ea
303 403 409 443 vobis
440 403 677 442 incommodi
708 403 897 442 demitur:
935 415 1064 454 neque
1098 415 1188 442 mox
1226 403 1265 440 in
1303 402 1413 440 senio
1451 401 1629 452 corporis

38 480 80 512 10
105 471 306 510 honestius
338 483 455 522 quam
486 483 559 522 pro
592 475 719 509 vostra
750 469 874 508 salute
904 470 1020 509 finem
1053 472 1150 509 vitae
1182 470 1354 509 sec-erim.
1411 468 1558 507 Adsum
1579 479 1627 507 en

105 540 224 579 Gaius
250 538 358 577 Cotta
389 537 544 578 consul:
575 538 674 577 facio
703 519 806 589 quod
832 548 948 587 saepe
978 536 1147 576 maioi‘es
1167 537 1316 588 asperis
1343 535 1454 574 hellis
1477 535 1626 574 fecere:

104 618 227 655 voveo
256 606 449 657 dedoque
466 617 529 644 me
568 616 640 655 pio
676 617 720 643 re
755 603 924 654 publica.
995 605 1120 651 Quam
1159 604 1299 643 deinde
1338 604 1400 642 cui
1436 602 1656 642 mandetis-²»

39 680 75 712 ll
105 674 409 724 circumspicite:
443 684 531 711 nam
561 671 677 711 talem
705 671 897 710 honoiem
928 671 1055 710 bonus
1085 684 1201 711 nemo
1231 671 1353 715 volet,
1384 683 1474 710 cum
1503 670 1627 709 fortu-

103 751 176 778 nae
204 744 241 778 et
273 740 392 778 maris
422 744 460 778 et
490 738 581 778 belli
612 738 660 777 ab
690 738 773 777 aliis
802 739 877 777 acti
907 740 1006 777 ratio
1032 738 1235 777 reddunda
1265 738 1520 788 autturpiter
1543 749 1626 776 mo-

39 815 78 847 12
103 807 289 846 riundum
323 807 381 846 sit.
449 806 616 845 Tantum
639 806 755 845 modo
782 807 820 844 in
852 807 990 844 animis
1021 805 1204 845 habetote
1234 817 1312 844 non
1342 818 1405 844 me
1428 805 1478 843 ob
1499 804 1633 843 scelus

104 878 171 913 aut
199 875 398 914 avaritiam
427 886 598 918 caesum,
630 878 689 912 set
710 872 903 912 volentem
926 885 1000 924 pro
1026 874 1219 912 maxumis
1243 873 1432 912 heniliciis
1457 873 1626 911 animam

38 944 78 977 13
103 930 206 980 dono
242 941 406 980 dedisse.
467 941 544 981 Per
577 953 663 985 vos,
703 939 893 986 Quirites,
934 946 972 980 et
1008 937 1174 991 gloriam
1211 941 1427 994 maiorum,
1460 939 1625 979 tolerate
1643 954 1673 979 ιο

11 1001 77 1047 ’14
102 1009 287 1053 advorsa,
335 1013 373 1047 et
410 1008 600 1048 consulite
646 1009 705 1047 rei
740 1007 933 1059 publicae.
998 1008 1115 1048 Multa
1156 1021 1250 1047 cura
1285 1020 1438 1047 summo
1474 1008 1627 1058 inperio

102 1077 213 1121 inest,
246 1075 356 1114 multi
371 1077 559 1127 >ingentes
588 1075 758 1115 labores.
817 1076 923 1122 Quos
955 1077 1194 1127 nequiquam
1222 1075 1411 1120 abnuitis,
1453 1079 1491 1113 et
1519 1075 1627 1124 pacis

14 1142 18 1146 ’
44 1170 49 1175 -
102 1142 342 1193 opulentiam
364 1144 561 1194 quaeritis,
594 1155 682 1181 cum
705 1155 842 1182 omnes
866 1144 1090 1194 provinciae
1112 1154 1247 1193 regna,
1269 1143 1390 1181 maria
1418 1148 1626 1193 terraeque

102 1222 239 1262 aspera
270 1214 337 1249 aut
367 1209 467 1249 sessa
496 1209 608 1249 bellis
638 1197 760 1249 sint>¹

100 1322 218 1353 munis
243 1321 286 1356 Q.
337 1321 535 1354 communis
561 1321 709 1354 fortuna
735 1322 828 1354 Cort.
863 1339 904 1344 —-
935 1322 968 1353 2.
1002 1332 1084 1353 mox
1113 1321 1262 1363 ingenio
1292 1314 1452 1364 corporis
1477 1319 1520 1356 Q.
1571 1321 1624 1353 in-

101 1377 218 1409 genuo
244 1368 386 1409 corpori
413 1368 493 1408 Urs.
533 1367 689 1409 'ingenui
715 1366 875 1408 corporis
904 1367 995 1399 Cor-t.
1036 1367 1074 1398 in
1093 1366 1194 1398 senio
1212 1366 1501 1408 ‘corporisOr-ell.
1529 1378 1625 1408 quam

100 1413 326 1444 coniecturam
358 1414 476 1444 nollem
505 1416 627 1453 postea
658 1414 731 1453 ipse
756 1412 946 1446 abiecisset.
994 1412 1185 1454 Ingenium
1215 1413 1377 1453 eorporis
1401 1416 1527 1443 natura
1551 1422 1625 1443 cor-

95 1458 179 1498 pori
201 1458 350 1498 ingenita
375 1461 453 1499 quin
477 1461 570 1489 recte
595 1458 730 1489 dicatur
754 1467 820 1489 non
844 1456 969 1495 dubito,
994 1461 1047 1489 set
1062 1458 1175 1499 utique
1193 1457 1235 1488 de
1250 1461 1344 1489 sorte
1361 1461 1503 1498 corpori
1523 1458 1626 1488 desti-

100 1506 192 1539 nata,
218 1506 254 1533 ut
276 1504 423 1534 intereat
447 1506 481 1533 et
505 1504 698 1539 emoriatur,
724 1504 762 1534 icl
785 1503 876 1544 quod
897 1502 959 1534 Jzoe
982 1504 1055 1534 loco
1079 1504 1278 1543 requiritur,
1307 1503 1429 1536 dictum
1445 1512 1511 1533 non
1527 1502 1625 1533 modo

99 1549 230 1584 mirum,
255 1557 366 1578 verum
390 1548 490 1578 etiam
515 1548 697 1586 inauditum
722 1551 823 1578 esset.
871 1547 1001 1579 Fateor
1033 1550 1142 1578 autem
1172 1547 1251 1578 milei
1278 1548 1384 1588 magyis
1405 1549 1545 1588 placere
1571 1547 1623 1577 in-

101 1593 202 1633 perio
229 1592 407 1633 corpori83
434 1595 557 1634 qnippe
582 1595 641 1634 qui
662 1594 849 1624 naturalem
865 1596 1003 1623 mortem
1026 1591 1105 1631 obit,
1133 1592 1231 1634 quasi
1253 1594 1341 1623 iussu
1357 1594 1514 1633 corporae
1538 1592 1625 1623 vitae

85 1634 197 1677 'finem
218 1637 317 1677 facit.
342 1654 388 1659 —
411 1635 444 1668 3.
472 1637 598 1668 adsum
622 1635 666 1671 23.
718 1646 839 1668 assum
861 1638 947 1678 voly.
973 1654 1018 1658 ——
1042 1636 1074 1668 7.
1101 1636 1212 1668 maris
1237 1634 1280 1670 Q.
1322 1637 1426 1678 pacis
1450 1637 1528 1668 edd.
1547 1641 1625 1668 ante

105 1681 202 1712 Carr.
227 1699 272 1703 ——
295 1680 328 1713 9.
354 1681 497 1713 volente
523 1680 567 1715 Q.
594 1698 637 1703 —
665 1680 716 1713 10.
743 1682 815 1712 Per
838 1691 902 1713 vos
928 1681 1090 1721 Quirites
1115 1679 1158 1715 Q.
1208 1691 1274 1723 pei·
1297 1692 1361 1714 vos
1386 1682 1498 1723 igitur
1522 1682 1622 1721 Quir.

102 1726 183 1758 Ald.
201 1743 245 1748 —-
265 1725 316 1757 ll.
337 1726 493 1758 advorsa
509 1725 552 1760 Q.
572 1744 616 1748 -
642 1725 694 1758 12.
714 1726 934 1768 nequiquam
951 1725 995 1760 Q.
1061 1729 1098 1758 et
1114 1726 1217 1768 pacis
1234 1725 1278 1760 Q.
1321 1726 1385 1758 sed
1401 1727 1505 1768 pacis
1520 1726 1624 1758 Linlc.

218 1826 303 1865 *42
336 1822 489 1879 [Kr.51.
520 1829 558 1865 G.
581 1825 658 1879 82].
726 1827 841 1877 Legis
879 1838 950 1877 per
985 1828 1030 1867 G.
1070 1826 1222 1866 Cottam
1257 1826 1356 1866 latae
1387 1828 1625 1867 mentionem

102 1893 240 1934 secisse
266 1893 504 1939 Sallustium,
536 1895 670 1933 testari
697 1894 849 1933 videtur
879 1894 1018 1933 Ascon.
1049 1894 1097 1933 ad
1127 1893 1204 1933 Cic.
1234 1893 1387 1932 Cornel.
1419 1907 1455 1945 p.
1489 1894 1542 1933 66
1563 1895 1623 1934 ed.

103 1961 191 2000 Or.:
224 1962 324 2000 Nam
353 1962 479 2011 neq‘ue
506 1963 619 2011 apud
644 1962 874 2001 Sallustium
899 1949 1023 2011 necne
1051 1963 1165 2011 apud
1180 1962 1333 2000 Livium
1363 1973 1488 2010 neque
1514 1948 1628 2011 apud

102 2030 368 2069 Fenestellam
398 2031 518 2068 ullius
546 2031 712 2068 atterius
745 2032 851 2068 latae
881 2030 931 2068 ab
964 2040 1009 2068 eo
1035 2032 1133 2078 leqis
1161 2031 1302 2068 mentio
1331 2035 1496 2078 praeter
1524 2041 1625 2077 eam,

101 2105 220 2145 quam
268 2099 309 2135 in
353 2099 560 2136 consulatu
607 2095 691 2147 (Sic
727 2096 852 2136 Madv.
890 2096 956 2135 lil).
1005 2099 1046 2145 in
1083 2096 1288 2147 concione)
1333 2098 1450 2143 [tulit
1497 2109 1624 2146 repu—

97 2168 267 2213 quante]
296 2165 676 2215 nobilitate‚.mayno
703 2167 844 2214 populi
869 2166 1017 2213 studio,
1053 2169 1096 2203 ut
1122 2165 1170 2203 its
1201 2162 1286 2215 (lib.
1313 2165 1392 2215 his)
1424 2166 1522 2212 [qui
1547 2167 1623 2203 tri-

100 2232 197 2270 bum·
218 2232 364 2288 plebis]
385 2231 567 2279 fuissent,
595 2233 694 2270 alios
713 2243 865 2280 quoque
884 2234 1142 2280 maqistrcttus
1164 2233 1352 2280 [capere]
1378 2231 1517 2270 liceret
1547 2231 1623 2282 (lib.

28 2316 46 2334 ·
100 2305 138 2337 et
167 2300 285 2338 aliter
308 2298 370 2349 et),
400 2299 508 2346 quod
524 2301 591 2337 lex
614 2310 640 2337 a
661 2297 854 2338 dictatore
875 2300 921 2337 L.
945 2300 1060 2338 Sulla
1074 2300 1220 2348 paucis
1249 2300 1388 2345 [annis
1409 2304 1520 2348 ante]
1541 2302 1626 2338 lata

93 2367 332 2415 prohibebat
361 2364 439 2417 (lib.
453 2366 743 2419 perhibebant).
802 2366 915 2413 Quod
952 2366 1018 2405 uhi
1054 2365 1199 2405 sactum
1234 2378 1319 2405 esse
1347 2365 1526 2404 censebis
1554 2367 1626 2405 uisi

102 2434 140 2471 in
171 2445 218 2471 eo
247 2432 361 2477 libro,
394 2433 432 2471 in
464 2445 542 2484 quo
569 2433 617 2472 de
648 2433 780 2473 Cottae
811 2433 1014 2473 consulatu
1044 2438 1245 2473 narratum
1271 2433 1366 2473 fuit?

216 2535 300 2574 *43
333 2533 413 2586 [Kr.
435 2539 492 2571 52.
517 2536 556 2572 G.
580 2533 656 2586 77].
723 2536 834 2574 Venti
862 2547 933 2586 per
963 2548 1055 2574 cava
1090 2539 1218 2574 terrae
1251 2535 1375 2579 citati,
1414 2535 1518 2584 rupti
1558 2533 1626 2572 ali-

102 2606 198 2653 quot
226 2606 379 2641 montes
406 2602 624 2653 tumulique
654 2602 807 2642 sedere.

214 2679 300 2712 Isid.
327 2679 388 2712 Or.
415 2680 500 2712 XIV
527 2680 556 2720 l,
582 2681 603 2711 2
626 2692 661 2723 p.
691 2680 758 2713 433
783 2681 839 2713 ed.
867 2680 973 2713 Otto:
1009 2681 1107 2714 Cuius
1138 2685 1255 2712 motum
1281 2680 1341 2711 aliz·
1362 2680 1477 2716 dicunt
1499 2682 1627 2710 ventum

102 2734 177 2756 esse
208 2729 241 2756 in
272 2727 428 2757 concavis
458 2727 529 2757 eius
559 2727 618 2768 qui
646 2730 752 2757 motus
784 2736 857 2758 eam
886 2731 1011 2758 movet:
1043 2727 1243 2758 Sallustius:
1278 2724 1387 2755 Venti
1411 2741 1455 2745 —
1486 2723 1625 2755 sedere.

101 2769 158 2800 Ibi
182 2773 273 2801 tenti
293 2781 358 2811 per
380 2781 464 2802 cava
486 2775 604 2802 terrae
627 2771 852 2812 praecipitati
873 2772 968 2812 rupti
983 2771 1091 2802 Arev.
1125 2772 1230 2800 venti.»-
1252 2779 1319 2810 per
1343 2779 1426 2799 cava
1449 2772 1566 2800 terrae
1583 2769 1628 2800 ci-

102 2816 183 2845 tatis
208 2813 254 2846 a‘l.
303 2825 387 2846 cava
411 2815 478 2847 Gn.
505 2814 538 2847 3.
564 2815 597 2847 4.
638 2819 729 2847 venti
754 2826 820 2857 per
843 2826 990 2847 concava
1020 2819 1137 2845 terrae
1166 2815 1349 2854 praerupti
1370 2814 1437 2844 (iu.
1468 2812 1495 2844 l.
1533 2815 1630 2845 citati

102 2860 197 2900 rupti
221 2860 288 2892 Gu.
314 2860 347 2891 4.
387 2864 479 2892 venti
498 2870 564 2901 per
587 2871 735 2893 concava
758 2865 874 2892 terrae
896 2860 1136 2900 praecipitatis
1160 2857 1256 2899 volg.
1305 2857 1392 2888 Inde
1418 2858 1504 2889 Otto
1532 2859 1625 2890 coni.

101 2905 208 2935 ventis
230 2915 296 2945 per
318 2915 467 2936 concava
490 2909 607 2937 terrae
628 2907 886 2946 praecipitatas,
912 2904 1019 2944 idque
1046 2884 1241 2942 Kritzius:³
1245 2902 1376 2944 partim
1401 2902 1511 2934 etiam
1539 2903 1626 2935 Ger-
