1780 3276
208 234 257 276 10
628 247 927 275 uisromARvM
958 233 1091 275 1'.113.1
1124 242 1299 277 38-41.

205 347 270 382 καὶ
287 342 533 398 σωφροσύνης
551 343 737 390 εἰσηγεῖτο
755 341 894 388 νόμους
904 347 991 384 τοῖς
1008 345 1182 384 πολίταις
1200 340 1314 384 αυτὸς
1328 341 1423 389 ἐρῶν
1439 345 1500 380 καὶ
1521 342 1721 391 μοιχεύων,

204 387 648 472 (ἔέῃὲξιιὶγὲῑιαξὲλούστιος,
674 402 766 435 quae
792 391 905 425 verba
928 402 1058 424 novom
1083 391 1326 435 fragmentum
1359 391 1395 434 (1
1422 392 1504 435 135)
1537 393 1721 426 continere

319 516 404 556 *38
437 517 516 569 [Kr.
541 521 597 553 42.
626 518 664 554 G.
687 515 762 568 27].
817 515 1010 560 Simulans
1040 515 1114 555 sibi
1143 515 1276 555 alvum
1304 518 1476 567 purgari.

318 596 418 627 Serv.
447 595 491 627 ad
515 595 625 637 Verg.
652 594 742 627 Aen.
768 594 804 626 Π
830 594 888 626 19:
925 597 1016 627 alvus
1047 599 1098 627 est
1129 605 1192 637 quo
1217 595 1363 637 defluunt
1386 597 1524 633 sordes,
1557 598 1593 626 ut
1616 593 1725 627 Sallu-

203 644 305 672 stius:
347 640 521 672 simulans
553 639 623 671 sibi
657 639 778 672 alvum
809 640 969 681 purgari.
1020 640 1182 680 Quocum
1207 640 1402 678 concinunt
1428 640 1586 672 Glossar.
1613 640 1722 682 Verg.

205 697 238 728 p.
266 685 331 717 374
358 685 413 717 cd.
440 685 544 716 Lion.
570 685 698 716 Isidor.
725 684 787 716 Or.
814 696 848 727 p.
875 684 942 717 352
973 684 1048 716 Ott.
1075 685 1163 717 Lex.
1192 696 1250 727 ap.
1276 686 1352 717 Mai
1377 686 1483 717 class.
1518 687 1614 717 auct.
1639 684 1726 717 vm

204 742 238 772 p.
255 729 308 761 34.
348 731 403 761 De
419 730 517 761 exitu
531 730 599 762 Gn.
619 729 797 761 Carbonis
813 729 909 762 haec
927 729 1026 762 dicta
1044 729 1168 770 fuisse,
1196 741 1239 762 ex
1256 730 1350 762 Plut.
1370 731 1495 773 Pomp.
1517 730 1569 762 10.
1600 729 1722 762 Valet.

204 776 299 808 Max.
326 775 376 807 IX
405 774 455 814 13,
482 775 503 806 2
529 775 806 817 apertissumum
831 777 897 807 est.

318 865 370 904 30
402 864 482 917 [Kr.
503 870 558 902 44.
589 866 627 903 G.
651 864 728 917 29].
776 864 820 903 Id
841 863 987 903 bellum
1018 864 1212 904 excitabat
1240 869 1367 905 metus
1390 866 1550 916 Pompei
1569 866 1726 906 victoris

204 932 465 985 Hiempsalem
497 933 535 971 in
566 943 733 982 regnum
763 932 1014 972 restituentis.

319 1011 411 1044 Gell.
437 1012 487 1042 IX
516 1010 573 1051 12,
602 1009 662 1041 14:
703 1011 827 1053 Itaque
852 1010 1032 1042 Sallustius
1063 1013 1097 1042 in
1128 1010 1270 1042 historia
1291 1013 1402 1052 prima
1427 1013 1553 1043 ‘metum
1577 1012 1726 1053 Pompe?

205 1058 303 1093 discit,
330 1067 395 1088 non
421 1067 484 1098 quo
509 1056 688 1097 Pompeius
711 1059 884 1095 metueret,
913 1056 1003 1097 quod
1032 1060 1083 1087 est
1107 1056 1276 1093 usitatius,
1309 1057 1372 1088 sed
1399 1057 1490 1099 quod
1511 1058 1725 1088 metueretur.

210 1102 326 1134 Verba
355 1102 438 1133 haec
469 1102 610 1133 Sallusti
639 1105 736 1132 sunt:
776 1100 813 1132 id
843 1099 978 1132 bellum
1009 1100 1196 1132 excitabat
1233 1104 1349 1132 metus
1381 1101 1530 1143 Pompei
1566 1101 1726 1141 victoris,

204 1146 454 1188 Hiempsalem
479 1146 517 1177 in
543 1156 695 1188 regnum
719 1145 956 1177 restituentis.
985 1163 1026 1167 —-
1050 1145 1142 1177 Non.
1168 1156 1203 1186 p.
1229 1144 1274 1177 96
1298 1146 1354 1178 ed.
1381 1146 1487 1178 Roth.
1514 1146 1628 1178 Metus
1645 1157 1727 1181 nove

205 1196 238 1224 et
262 1194 435 1233 elementer
457 1192 602 1232 positum
627 1189 806 1222 Sallustius
831 1191 1063 1222 Historiarum
1087 1190 1142 1222 lib.
1161 1190 1195 1222 1:
1222 1190 1259 1222 id
1283 1190 1418 1222 bellum
1443 1191 1631 1223 excitabat
1654 1202 1727 1223 me-

206 1240 263 1268 tus
289 1236 438 1278 Pompei
463 1235 628 1274 victoris3
655 1236 716 1268 hoc
740 1239 790 1267 est
817 1236 907 1278 quod
929 1236 971 1267 cle
997 1236 1156 1277 Pompeio
1181 1239 1395 1267 metueretur.
1429 1253 1474 1259 -
1505 1236 1560 1268 De
1595 1247 1632 1269 re
1659 1236 1726 1268 cfr.

204 1281 360 1325 Appian.
386 1281 430 1313 de
456 1281 490 1313 b.
519 1291 550 1313 c.
575 1281 592 1312 I
617 1279 661 1312 30
684 1291 719 1323 p.
746 1279 812 1312 502
836 1279 955 1312 Bekk.
982 1279 1077 1312 Plut.
1104 1280 1227 1322 Pomp.
1257 1280 1309 1312 12.

320 1360 373 1399 40
404 1359 483 1412 [Kr.
506 1373 572 1410 per
592 1373 753 1415 errorem
774 1363 830 1397 90.
865 1361 903 1397 G.
926 1358 1003 1411 37].
1053 1359 1108 1398 De
1136 1359 1336 1410 praefecto
1366 1358 1475 1398 urbis
1504 1360 1617 1412 quasi
1639 1371 1729 1411 pos-

206 1428 380 1467 sessione
411 1428 468 1466 rei
498 1426 679 1478 publicae
710 1438 851 1476 magna
879 1427 1076 1477 utrimque
1107 1427 1143 1465 vi
1174 1426 1496 1466 contendebatur.

319 1506 424 1538 Arus.
458 1517 492 1548 p.
523 1504 609 1537 202:
651 1506 855 1546 Praefectus
887 1506 974 1537 illius
1004 1508 1067 1537 rei.
1116 1504 1242 1537 Salust.
1268 1506 1362 1537 Hist.
1395 1506 1430 1537 I:
1465 1505 1508 1537 de
1541 1506 1730 1547 praefecto

205 1551 305 1584 urbis
332 1552 435 1593 quasi
460 1550 640 1593 possessio
665 1551 717 1582 rei
743 1550 911 1592 publicae
937 1560 1072 1592 magna
1096 1550 1273 1592 utrimque
1299 1550 1336 1583 vi
1361 1551 1660 1583 contendebatur.
1687 1569 1728 1574 —

206 1597 322 1628 Acute
347 1597 410 1628 Kr.
437 1596 623 1638 perspexit
646 1595 740 1627 haee
765 1595 865 1626 dicta
891 1595 1004 1626 fuisse
1030 1595 1074 1626 de
1101 1605 1192 1627 coss.
1221 1605 1253 1627 a.
1273 1593 1328 1634 78,
1354 1595 1402 1627 M.
1421 1595 1574 1628 Aemilio
1591 1596 1731 1638 Lepido

208 1642 251 1681 Q.
280 1641 452 1674 Luctatio
478 1640 619 1680 Catulo,
646 1641 690 1672 de
716 1640 869 1672 dicendo
896 1640 940 1671 ob
968 1640 1081 1672 ferias
1112 1639 1250 1672 latinas
1283 1640 1472 1682 praefecto
1504 1641 1605 1672 urbis
1636 1641 1732 1673 inter

208 1697 247 1718 se
273 1686 586 1723 contendentibus.
613 1703 656 1707 --
677 1695 877 1726 possessore
896 1685 988 1716 coni.
1009 1685 1115 1716 Lind.
1139 1685 1308 1726 probavit
1325 1685 1398 1716 Kr..
1420 1687 1632 1727 possessione
1651 1697 1731 1728 ego,

206 1734 247 1763 ut
271 1731 455 1763 sententia.
480 1731 543 1762 sit:
569 1731 623 1762 ita
648 1730 695 1762 de>
718 1740 771 1772 pr.
797 1740 832 1762 u.
861 1729 1144 1770 contendebant,
1172 1730 1275 1772 quasi
1301 1730 1345 1762 de
1370 1730 1600 1772 possessione
1625 1731 1679 1763 rei
1695 1743 1730 1775 p.

209 1776 500 1809 contenderetur.

322 1855 366 1893 41
407 1854 486 1907 [ΚΓ.
509 1859 565 1891 45.
597 1857 635 1892 G.
662 1869 695 1905 p.
721 1853 816 1905 1:11]

295 1923 351 1962 M.
384 1923 526 1961 Aemili
557 1922 701 1971 Lepidi
735 1923 907 1960 consulis
945 1922 1002 1959 ad
1032 1924 1220 1970 populum
1250 1923 1472 1961 Romanum
1505 1926 1632 1962 oratio

795 1994 936 2028 contra
966 1988 1131 2027 Sullam.

324 2057 533 2096 Clementia
576 2060 614 2095 et
651 2056 825 2106 probitas
864 2059 1014 2101 vostra,
1060 2056 1249 2102 Quirites,
1291 2056 1433 2107 quibus
1471 2069 1544 2108 per
1581 2062 1774 2100 ceterasl

211 2126 336 2175 gentis
367 2124 538 2163 maxumi
567 2128 604 2162 et
641 2123 735 2162 clari
765 2124 877 2168 estis,
917 2122 1144 2174 plurumum
1184 2124 1332 2163 timoris
1367 2124 1461 2163 mihi
1491 2125 1637 2164 faciunt
1667 2126 1734 2165 ad-

211 2205 367 2231 vorsum
401 2190 645 2243 tyrannidem
676 2191 717 2229 L.
754 2189 904 2235 Sullae,
937 2203 1006 2236 ne,
1043 2203 1141 2242 quae
1179 2191 1251 2241 ipsi
1281 2192 1448 2231 nefanda
1481 2193 1733 2239 existumans,

211 2272 256 2299 ea
285 2270 426 2311 parum
453 2258 650 2297 credendo
682 2258 729 2297 de
755 2257 837 2296 aliis
868 2259 1246 2304 circumveniamini,
1289 2283 1335 2287 —
1377 2261 1609 2310 praesertim
1645 2273 1735 2300 cum

212 2327 265 2366 illi
294 2338 385 2378 spes
414 2326 540 2364 omnis
568 2326 605 2364 iu
636 2324 784 2364 scelere
811 2329 928 2377 atque
955 2326 1118 2376 perfidia
1157 2327 1206 2364 sit
1236 2338 1364 2377 neque
1395 2339 1438 2366 se
1468 2327 1578 2367 aliter
1609 2311 1770 2368 tutum⁷

213 2399 343 2446 putet,
384 2406 500 2444 quam
538 2394 568 2431 si
607 2393 717 2442 peior
755 2397 871 2445 atque
901 2392 1158 2432 intestabilior
1189 2397 1295 2433 metu
1325 2398 1456 2433 vostro
1487 2395 1624 2440 fuerit,
1657 2408 1734 2447 quo

214 2463 336 2512 captis
366 2461 554 2500 libertatis
590 2471 725 2499 curam
762 2461 916 2499 miseria
955 2462 1097 2500 eximat
1131 2484 1175 2489 —
1207 2466 1291 2506 aut,
1329 2463 1360 2500 si
1390 2463 1656 2513 provideritis,
1696 2464 1735 2502 in

213 2529 377 2568 ‘vitandis
402 2528 585 2580 periculis
615 2528 738 2577 magis
769 2539 886 2578 quam
917 2527 1140 2569 ulciscendo
1160 2530 1380 2568 teneamini.
1431 2529 1621 2568 Satellites
1651 2530 1734 2581 qui-
1759 2542 1780 2573 2

215 2598 303 2635 (lem
335 2597 436 2640 cius,
479 2596 657 2635 homines
686 2595 857 2634 maxumi
884 2595 1070 2640 nominis,
1112 2596 1281 2646 optumis
1314 2597 1508 2635 maiorum
1534 2596 1734 2648 exemplis,

327 2733 421 2764 VAR.
456 2741 533 2764 scu.
589 2731 623 2763 2.
658 2732 786 2773 gentes
817 2728 861 2764 Q.
933 2729 1080 2761 maximi
1104 2728 1363 2771 —plurimum
1393 2728 1436 2764 Q.
1510 2730 1659 2762 adv—sum
1691 2729 1735 2765 23.

218 2777 391 2809 advorsus
419 2777 510 2809 Cort.
552 2794 596 2798 —
635 2774 667 2807 3.
701 2785 747 2807 ne
785 2784 878 2816 quae
909 2774 979 2816 ipsi
1010 2773 1173 2806 nefanda
1197 2772 1240 2807 23.
1289 2784 1334 2805 ne
1359 2774 1430 2815 ipsi
1454 2774 1618 2807 nefanda
1642 2786 1736 2817 quae

221 2822 311 2853 Cor-t.
384 2821 588 2853 aestimatis
613 2819 644 2854 23
669 2822 730 2852 rel.
781 2819 1009 2851 existumatis
1034 2828 1107 2859 eyo.
1142 2836 1181 2840 —
1215 2818 1247 2849 4.
1275 2829 1355 2850 cum
1379 2817 1422 2853 Q.
1473 2829 1589 2860 quom.
1616 2822 1660 2852 al.
1694 2838 1737 2842 ——-

219 2866 249 2897 7.
278 2866 396 2907 captis
422 2865 465 2900 Q.
516 2866 674 2907 captivis
702 2865 792 2897 Cort.
827 2881 871 2885 —
901 2862 934 2895 8.
961 2863 998 2894 in
1022 2862 1182 2896 vitandis
1207 2861 1237 2897 Ξῖ
1263 2863 1345 2895 Ald.
1392 2863 1430 2894 in
1455 2864 1619 2896 tutandis
1644 2865 1735 2897 Cort-

218 2927 261 2932 —
285 2909 317 2942 9.
344 2910 498 2942 nominis
523 2910 678 2953 optumis
705 2908 785 2951 (sie)
810 2907 853 2943 ΞΒ.
902 2908 1056 2941 nominis
1081 2917 1152 2940 non
1177 2908 1293 2939 minus
1318 2908 1462 2950 optimis
1489 2909 1580 2941 Gort.
