1826 3282
212 232 265 272 76
549 284 552 287 ‚
629 242 927 270 msTomARVM
958 242 1042 270 mn.
1075 241 1127 267 111
1159 236 1319 271 50-54,

213 343 312 386 ρεισς
338 323 539 385 εῙ).ἈροΠ.
566 342 680 374 Rhod.
706 342 742 374 II
767 341 830 374 371
858 344 895 373 et
910 339 976 373 995
1000 341 1155 384 legatur,
1181 341 1266 373 vide
1292 351 1413 374 annon
1440 341 1535 383 apud
1559 340 1648 374 Sall.
1673 350 1729 373 se-

212 390 365 421 eundum
392 387 495 419 Servi
518 387 630 419 libros
656 387 888 418 scribundum
913 387 960 418 sit
989 386 1224 428 Themiscyrei.

326 477 378 515 50
411 476 489 529 [Kr.
511 479 555 514 lv
574 482 629 514 21.
666 479 705 515 G.
726 479 769 515 IV
792 476 868 529 57].
929 476 1106 527 Namque
1137 477 1307 528 primum
1340 475 1515 515 Iasonem
1542 487 1644 515 novo
1668 476 1729 515 iti-

212 556 306 583 nere
339 543 479 583 Aeetae
513 544 675 596 hospitis
701 545 861 584 domum
891 543 1066 583 violasse.

325 622 414 654 Cum
441 633 499 665 ap.
525 623 640 655 Prisc.
666 623 718 654 VI
742 634 776 665 p.
803 621 870 655 246
894 623 980 654 libri
1004 623 1173 655 meliores
1199 632 1323 654 omnes
1355 621 1440 654 libri
1464 631 1652 654 numerum
1675 621 1731 654 III

211 670 394 707 tueantur,
423 678 575 709 cumque
599 667 691 699 illud
715 668 850 700 dictum
877 668 990 700 fuisse
1014 669 1052 700 in
1075 667 1322 709 descriptione
1346 667 1456 699 Ponti
1482 669 1647 709 apertum
1671 665 1730 707 sit,

211 713 380 744 inmerito
407 712 640 744 Gerlachium
666 713 819 755 adparet
851 713 1006 745 cessisse
1031 712 1164 744 Kritzii
1190 713 1430 754 argumentis,
1464 714 1504 743 ut
1535 722 1579 743 ex
1609 711 1730 751 tertio,

211 757 275 789 ubi
300 761 410 789 antea
434 760 625 799 posuerat,
651 757 720 790 hoc
746 758 989 800 fragmentum
1014 758 1052 789 in
1078 760 1243 799 quartum
1267 757 1397 789 librum
1422 756 1588 789 reiceret.

325 848 370 887 51
413 847 491 900 [Kr.
511 852 566 885 47.
603 850 642 886 G.
665 847 741 899 44].
802 847 967 899 Scythae
997 847 1184 886 nomades
1215 850 1359 891 tenent,
1391 845 1533 898 quibus
1558 845 1729 897 plaustra

211 914 324 954 sedes
350 919 452 954 sunt.

323 994 406 1025 Aer.
434 994 480 1025 ad
504 994 592 1025 Hor.
620 993 687 1024 Od.
720 993 775 1024 III
799 993 860 1032 24,
885 992 918 1024 9.
952 1003 986 1034 p.
1012 991 1079 1025 336
1105 993 1159 1024 ed.
1185 991 1321 1033 Pauly:
1355 991 1502 1040 Εωαε
1525 996 1732 1037 campestres

212 1039 309 1076 dieti,
336 1039 427 1081 quod
449 1040 480 1070 in
505 1041 631 1079 campis
655 1038 726 1069 sine
751 1041 848 1070 teeti-s·
872 1037 932 1069 suh
956 1039 1112 1069 tentoriis
1138 1039 1261 1073 vivant,
1295 1047 1380 1079 quae
1404 1038 1578 1078 carpentis
1601 1047 1726 1069 moven-

210 1087 276 1122 tur,
303 1088 339 1115 ut
363 1083 542 1115 Sallustius
566 1084 604 1114 in
630 1083 760 1130 quibus
785 1082 951 1125 plaustra
976 1082 1081 1114 sedes
1107 1085 1201 1114 sunt.
1245 1081 1335 1113 Cum
1352 1085 1385 1113 in
1405 1081 1504 1114 nullo
1521 1081 1626 1114 modo
1643 1079 1731 1113 ferri

212 1128 339 1169 possit,
368 1132 475 1160 acute
500 1127 618 1169 Pauly
642 1121 830 1170 perspexit
854 1127 970 1159 latere
996 1127 1034 1158 in
1060 1128 1182 1159 ‹zo-111
1207 1127 1230 1159 i.
1259 1137 1290 1158 e.
1316 1126 1422 1158 librcr
1434 1127 1554 1159 tertio.
1594 1126 1728 1168 Porph.

213 1173 258 1203 ad
284 1173 390 1204 eund.
415 1173 438 1204 l.
469 1174 681 1214 Campestres
707 1173 797 1214 quod
820 1174 853 1204 in
877 1173 1003 1213 eampis
1026 1173 1098 1204 sine
1122 1174 1221 1204 tec-cis
1244 1172 1353 1204 vivant
1378 1172 1461 1203 dicti
1480 1175 1567 1209 sunt,
1594 1172 1635 1203 de
1661 1174 1731 1213 qui-

211 1217 270 1249 bus
286 1222 320 1250 et
336 1217 503 1250 Salustius
518 1222 567 1250 sie
585 1219 652 1249 ait:
674 1217 833 1259 Scythae
850 1217 1024 1249 nomades
1042 1219 1171 1248 tenent
1185 1217 1313 1258 quibus
1330 1216 1494 1258 plaustra
1511 1216 1617 1248 sedes
1635 1218 1729 1248 sunt.

325 1312 411 1352 *52
440 1312 532 1366 [Kr.
555 1317 611 1350 48.
652 1315 690 1350 G.
714 1312 790 1365 43].
859 1311 1035 1364 Namque
1075 1313 1249 1351 omnium
1284 1312 1528 1351 ferocissumi
1567 1311 1616 1350 ad
1652 1311 1728 1363 hoc

209 1387 365 1432 tempus
395 1380 538 1419 Achaei
567 1384 683 1432 atque
713 1380 832 1419 Tauri
857 1383 959 1425 sunt,
990 1380 1106 1432 quod,
1138 1384 1326 1431 quantum
1358 1379 1520 1423 conicio,
1551 1378 1728 1418 locorum
1764 1406 1766 1408 -

210 1452 379 1498 egestate
410 1452 522 1498 rapto
552 1448 680 1487 vivere
710 1448 844 1487 coacti.

324 1526 442 1559 Schol.
472 1526 619 1562 ad,1uv.
645 1526 711 1559 XV
738 1525 812 1558 115.
854 1526 948 1558 Vere
967 1525 1126 1558 Kritzius
1145 1526 1293 1565 monuit,
1321 1536 1400 1557 cum
1426 1524 1525 1557 nulla
1550 1535 1608 1556 res
1633 1524 1729 1557 bello

211 1574 318 1614 gesta
342 1572 542 1603 Taurorum
569 1574 604 1603 et
628 1571 858 1603 Achaeorum
882 1571 1265 1603 conmemorandorum
1298 1580 1423 1602 ansam
1455 1570 1633 1612 praebere
1666 1580 1729 1612 po-

210 1617 350 1657 tuisset,
377 1616 472 1648 hune
497 1616 618 1648 locum
642 1617 680 1647 in
705 1616 949 1658 descriptione
974 1616 1081 1648 Ponti
1105 1615 1221 1647 fuisse
1246 1615 1478 1647 statuendum
1505 1624 1596 1647 esse.

322 1695 549 1737 Fragmenta
581 1695 626 1726 ad
656 1694 791 1726 bellum
822 1694 1099 1726 Macedonicum
1129 1693 1352 1736 pertinentia
1384 1696 1468 1726 ante
1501 1703 1562 1733 ea,
1601 1693 1729 1735 quibus

211 1740 255 1771 de
288 1739 385 1771 bello
422 1740 670 1771 Mithridatico
713 1740 854 1781 agitur,
893 1739 997 1782 posui
1039 1739 1132 1781 quod
1161 1738 1381 1771 Macedonia
1411 1738 1558 1770 Italiam
1597 1741 1634 1770 et
1664 1738 1728 1770 Hi-

210 1785 377 1826 spaniam
394 1785 539 1826 propior
564 1787 629 1823 est,
657 1794 764 1826 quam
781 1784 870 1815 Asia
893 1784 1019 1815 minor.
1070 1784 1173 1823 Quae
1200 1783 1245 1815 ad
1268 1783 1404 1815 bellum
1421 1782 1649 1815 maritumum
1674 1793 1727 1814 re-

210 1829 384 1867 ferunda,
401 1829 461 1861 hic
484 1840 596 1871 pono,
618 1829 786 1870 quoniam
803 1829 880 1861 veri
898 1829 1015 1861 simile
1031 1829 1193 1868 videtur,
1211 1828 1300 1860 illud
1317 1828 1406 1860 data
1430 1828 1623 1860 occasione
1649 1838 1727 1859 eum

209 1874 308 1906 bello
333 1874 579 1906 Mithridatico
606 1874 837 1906 coniunctum
862 1874 986 1913 fuisse,
1014 1884 1094 1905 cum
1110 1876 1257 1915 propter
1272 1873 1341 1905 hoc
1358 1883 1481 1905 rursus
1497 1872 1577 1914 plus
1594 1883 1727 1914 operae

209 1919 265 1950 illi
291 1919 336 1950 ab
361 1919 534 1951 Romanis
560 1919 731 1950 tributum
757 1929 836 1950 esse
863 1921 1005 1950 constet
1030 1918 1087 1959 (de
1107 1918 1218 1959 Creta
1236 1918 1301 1950 cfr.
1321 1917 1411 1960 App.
1432 1917 1503 1949 Sic.
1522 1916 1544 1949 6
1559 1928 1594 1959 p.
1612 1916 1657 1949 46
1673 1927 1726 1959 sq.

208 1962 355 2005 Bekk.).

322 2053 374 2093 53
410 2051 488 2107 [Kr.
520 2058 575 2092 31.
609 2055 648 2091 G.
671 2053 748 2105 91].
807 2053 914 2092 Inter
945 2065 1085 2091 recens
1115 2053 1281 2091 domitos
1301 2053 1458 2093 Isauros
1485 2028 1756 2120 I‘iSi‹;lasque.vv

321 2131 425 2163 Arus.
479 2130 596 2164 ,2372
622 2135 712 2162 inter
735 2133 818 2163 illud
838 2141 903 2173 pro
929 2142 1000 2163 cum
1024 2132 1107 2164 illud
1129 2135 1251 2173 ayitur.
1293 2131 1454 2164 Kritzius
1480 2142 1524 2164 ea
1548 2131 1663 2165 verba
1681 2132 1728 2166 ad

209 2175 346 2208 bellum
370 2142 657 2208 Mithpridaticum
682 2176 834 2216 rettulit,
860 2177 988 2208 ductus
1011 2176 1069 2208 his
1093 2175 1215 2208 verbis
1239 2176 1399 2227 Appiani
1415 2177 1450 2209 b.
1475 2177 1525 2209 M.
1544 2176 1587 2209 75
1589 2188 1640 2228 p.
1658 2175 1726 2210 383

210 2223 319 2252 extu:
346 2218 397 2262 τῷ
415 2213 455 2252 ὃ
471 2213 574 2261 αυτῷ
591 2215 713 2263 χρόνῳ
739 2220 910 2271 Φρυγίαν
935 2212 1114 2271 Ευμαχος
1137 2215 1392 2276 Μιθριδατου
1416 2217 1622 2265 στρατηγὸς
1646 2215 1726 2255 ἐπι-

207 2260 365 2314 τρέχων
374 2255 523 2297 ἔκτεινε
542 2253 735 2317 Ῥωμαίων
765 2260 926 2303 πολλοὺς
957 2261 1050 2308 μετὰ
1076 2264 1226 2298 παίδων
1254 2263 1319 2299 καὶ
1345 2266 1536 2309 γυναικῶν
1561 2265 1727 2305 Πισίδας

207 2320 247 2342 τε
267 2306 332 2342 καὶ
355 2302 546 2351 Ισαύρους
570 2305 735 2353 ὑπήγετο
760 2308 826 2343 καὶ
849 2310 1040 2343 Κιλικιᾞαν
1084 2311 1173 2343 Cum
1198 2311 1395 2343 secundum
1411 2311 1516 2344 Arus.
1542 2311 1726 2345 sententia

208 2354 336 2387 fuerit:
372 2365 451 2386 cum
476 2365 604 2387 recens
630 2355 756 2387 domiti
780 2359 902 2388 essent
925 2356 1043 2388 Isauri
1077 2356 1314 2398 Pisidaeque,
1348 2356 1434 2388 mihi
1464 2357 1542 2389 veri
1573 2356 1726 2389 similius

207 2399 351 2432 videtur
365 2399 459 2431 haec
478 2399 576 2431 dieta
594 2400 719 2439 fuisse,
748 2411 827 2432 cum
846 2400 880 2433 S.
899 2401 936 2432 in
954 2401 1131 2443 principlo
1156 2404 1295 2443 plratas
1313 2411 1435 2433 rursus
1460 2401 1598 2433 viribus
1616 2404 1734 2444 atque.

208 2444 336 2486 opibus
355 2448 481 2476 auctos
498 2444 728 2486 inpudentius
744 2455 850 2487 quam
865 2449 975 2477 antea
989 2446 1170 2477 Romanos
1188 2456 1321 2478 vexare
1338 2446 1501 2488 coepisse
1516 2449 1724 2488 exponeret.

323 2541 374 2579 54
409 2539 488 2593 [Kr.
510 2544 565 2578 65.
598 2542 636 2578 G.
659 2539 735 2592 65].
790 2540 857 2592 [M.
881 2539 1088 2593 Antonius]
1114 2540 1342 2592 peldundae
1363 2541 1551 2592 pecuniae
1573 2541 1726 2591 genitus

210 2611 248 2646 et
276 2619 419 2647 vacuos
447 2620 468 2646 a
500 2608 605 2647 euris
633 2608 706 2646 nisi
737 2607 980 2646 instantibus.

320 2685 485 2718 Pseudo-
496 2685 578 2717 Asc.
604 2686 642 2717 in
668 2685 744 2717 Cic.
770 2685 809 2717 in
831 2686 977 2717 Verr.1
1001 2684 1045 2717 60
1067 2696 1101 2727 p.
1131 2684 1195 2716 176
1220 2686 1275 2717 ed.
1302 2685 1383 2717 Or.:
1410 2686 1478 2717 Hie
1501 2690 1553 2717 est
1577 2685 1628 2718 M.
1653 2686 1724 2718 An—

208 2733 319 2762 tonius
344 2731 614 2763 dissolutissimus
637 2735 777 2763 curator
799 2734 901 2763 totius
925 2740 1010 2762 orae
1033 2733 1235 2767 maritimae,
1265 2731 1385 2762 Cretae
1409 2734 1566 2774 mortuus,
1593 2731 1635 2762 de
1660 2735 1724 2773 quo

207 2777 279 2815 ipse
306 2774 398 2814 (Cic.
425 2775 463 2806 in
486 2776 589 2807 Verr.
613 2775 649 2807 II
673 2774 728 2815 23,
753 2774 828 2815 97)
836 2776 945 2807 dicet:
971 2778 1015 2806 ‘et
1034 2779 1114 2817 post
1140 2775 1192 2806 M.
1220 2775 1361 2807 Antonii
1382 2775 1541 2816 infinitum
1564 2776 1647 2807 illud
1668 2779 1726 2807 im-

206 2821 337 2860 per-ium
359 2823 566 2858 senserant,
599 2824 633 2852 et
664 2831 758 2863 quem
782 2820 948 2852 Salustius
972 2821 1020 2851 ait
1050 2819 1259 2862 perdundae
1290 2820 1470 2862 pecuniae
1503 2820 1663 2862 genitum
1689 2822 1726 2852 et

208 2874 363 2895 vacuum
389 2875 410 2896 a
429 2865 523 2896 curis
548 2864 619 2896 nisi
642 2865 876 2897 instantibus.
925 2864 1028 2896 Arus.
1056 2875 1090 2907 p.
1116 2863 1199 2896 232:
1228 2865 1363 2897 Genitus
1387 2866 1436 2896 illi
1457 2866 1511 2896 rei
1529 2864 1723 2905 faciendae.

210 2907 335 2939 Salust.
362 2909 454 2941 Hist.
480 2909 553 2941 III:
578 2910 784 2952 perdendae
808 2909 986 2952 pecuniae
1013 2909 1169 2952 genitus.
