1812 3268
199 212 280 254 392
888 222 1023 248 mnnx

202 324 281 357 leat
296 323 446 356 Lentuli
464 339 503 345 —-
524 320 657 360 scelus,
678 331 786 363 quam
801 323 925 355 vostra
942 321 1104 364 dignitas
1121 320 1148 353 Ο
1166 321 1223 362 51,
1241 321 1273 354 7.
1315 332 1373 354 res
1397 321 1477 364 plus
1493 321 1595 355 valet
1612 332 1721 365 quam

203 370 316 403 verba
333 369 368 399 H
384 368 419 399 II
435 365 489 406 96,
501 365 535 398 6.
569 376 627 397 res
640 366 806 398 Romana
823 366 1025 408 plurumum
1042 367 1183 408 inperio
1201 366 1318 399 valuit
1335 366 1371 399 S.
1391 366 1549 409 Sulpicio
1566 368 1614 400 M.
1622 368 1720 400 Mar·

204 414 298 446 cello
316 423 406 445 coss.
425 411 461 443 H
477 411 494 443 1
510 409 542 442 8.
582 410 682 442 'bello
700 411 784 453 quid
800 411 927 443 valeat
942 412 965 444 J
986 410 1066 452 102¹,
1088 411 1140 443 11.
1181 422 1247 454 per
1269 422 1313 443 ea
1338 414 1503 454 tempora
1526 412 1720 454 Micipsam

205 468 332 500 parum
351 457 472 488 animo
489 456 650 489 valuisse
666 457 690 488 J
710 455 769 494 11,
787 456 819 488 5.
860 456 1030 509 quoniam
1047 456 1203 499 amplius
1222 457 1332 489 armis
1348 456 1529 489 valuisset
1543 457 1568 489 J
1587 456 1666 499 111,
1689 455 1719 491 l.

205 503 379 535 advorsus
404 511 509 553 quem
531 511 612 552 neq.
637 500 741 543 leges
764 511 883 543 neque
907 502 1052 544 inperia
1074 519 1117 524 --
1140 501 1309 534 valerent
1323 502 1347 533 J
1364 502 1426 542 77,
1448 500 1478 534 1.
1519 501 1591 534 8110
1614 501 1720 535 modo

204 557 322 588 neque
340 545 520 579 valentin
537 546 726 578 univorsos
743 546 779 578 H
794 546 850 578 111
867 545 922 587 61,
941 545 996 600 ²⁰,·

249 591 424 623 Valeriani
439 591 475 622 H
491 590 547 623 III
564 589 619 623 36.
1131 603 1141 614 ⁰

248 636 414 668 Valerius
445 636 487 668 L.
505 635 674 668 Valerius
691 635 850 668 Flaccus
869 636 895 668 C
914 636 968 669 45.
994 635 1050 676 46,
1067 635 1101 669 3.

248 681 390 712 validus.
423 681 551 723 quibus
569 691 699 734 corpus
717 682 821 713 annis
837 681 1033 721 infirmum,
1058 682 1245 724 ingenium
1263 681 1446 724 sapientia
1461 681 1623 714 validum
1641 684 1722 714 erat

206 725 232 758 G
251 724 335 766 6,6.
374 725 488 758 11111110
506 736 672 759 maxume
689 727 838 768 ingenio
855 726 999 759 validus
1014 707 1039 758 J
1055 725 1145 766 6,1.
1169 727 1206 758 H
1221 727 1239 759 1
1255 726 1535 760 92.1101111110111
1561 727 1606 759 ob
1630 737 1723 761 mor·
1744 737 1746 739 ’

203 771 269 803 1108
288 771 405 803 animo
423 781 549 813 parum
565 771 686 803 valido
703 772 726 803 J
742 770 802 811 65,
822 771 854 804 3.
897 782 978 804 cum
1001 751 1135 804 validis
1160 772 1262 804 fasce
1281 772 1452 804 certabat
1467 771 1502 804 H
1518 772 1554 803 II
1573 771 1624 804 11.
1655 782 1719 804 va-

203 815 316 848 lidam
333 816 458 848 urbem
475 816 510 847 H
527 817 544 848 1
561 816 616 848 75.
638 828 684 844 =
706 820 746 848 ut
764 817 878 858 quisq.
897 817 1031 848 iniuria
1047 817 1194 848 validior
1210 817 1245 848 H
1261 817 1278 848 Ι
1298 816 1349 848 10.
1390 817 1549 848 iniuriae
1565 816 1720 849 validio-

204 871 284 892 rum
300 861 335 892 H
352 861 370 892 Ι
386 860 407 892 9
423 863 507 893 conl.
526 861 580 893 111
595 860 650 902 61,
663 861 693 892 7.
712 874 757 889 =
774 872 923 903 quorum
941 861 1092 903 ingenia
1108 861 1330 893 validissuma.
1347 864 1451 893 erant
1467 861 1491 894 J
1502 860 1578 902 103,
1586 861 1619 893 2.
1641 871 1723 912 ego

205 916 277 938 non
294 905 551 938 validissumus
568 906 728 948 praebeo
748 906 950 948 exemplum
969 907 1003 939 H
1019 906 1069 938 IV
1085 905 1141 946 61,
1158 907 1190 937 4.

249 951 361 982 vallis.
392 950 429 982 in
446 950 545 983 valle
562 951 723 993 virgulta
741 961 967 992 nemorosaq.
987 951 1051 982 Hi
1067 951 1123 982 42.

209 1028 212 1030 ,
250 996 386 1027 vanum.
418 1006 498 1027 cum
518 995 582 1028 alii
599 1006 708 1038 super
725 996 860 1028 vallum
876 995 1211 1038 praecipitarentur
1226 996 1250 1028 J
1267 995 1309 1028 58
1320 1020 1328 1035 ,
1346 995 1379 1028 6.
1414 996 1504 1028 alios
1521 1006 1630 1038 super
1646 996 1723 1030 val-

204 1040 279 1072 lum
296 1040 418 1072 locare
435 1040 459 1072 J
479 1039 551 1080 100,
571 1041 604 1072 4.
645 1041 742 1073 vallo
761 1044 833 1083 atq.
853 1042 954 1074 fossa
972 1041 1116 1073 moenia
1133 1041 1372 1073 circumvenit
1388 1041 1411 1073 J
1428 1040 1482 1081 23,
1493 1041 1514 1072 2
1530 1044 1616 1074 conl.
1635 1040 1690 1082 76,
1701 1042 1722 1073 2

206 1084 316 1127 (vallo
335 1085 497 1127 fossaq.).
540 1103 583 1108 -—
602 1103 638 1108 —
662 1103 699 1108 —-
723 1084 877 1129 [castra]
898 1086 1037 1119 munire
1055 1086 1079 1118 J
1095 1086 1151 1126 45,
1169 1086 1202 1118 2.

249 1131 394 1163 vanitas
424 1131 509 1162 huic
526 1130 663 1162 homini
680 1142 752 1163 non
769 1132 885 1164 minor
901 1141 934 1163 v.
946 1132 1078 1171 inerat,
1097 1141 1205 1172 quam
1223 1127 1380 1163 'audacia
1399 1131 1425 1164 C
1443 1129 1498 1171 23,
1507 1131 1540 1162 2.
1575 1131 1724 1173 cognita

205 1175 370 1208 vanitate
391 1178 464 1217 atq.
483 1176 658 1218 inperitia
674 1176 790 1219 legati
806 1177 829 1208 J
846 1175 951 1216 38,1.

250 1229 366 1251 vanus.
397 1231 477 1262 neq.
498 1231 565 1263 ego
583 1231 647 1263 per
664 1221 877 1263 ignaviam
868 1224 929 1253 aut
944 1231 1041 1254 vana
1058 1221 1209 1263 ingenia
1226 1221 1368 1253 incerta
1385 1232 1450 1263 pro
1469 1221 1578 1253 certis
1596 1224 1724 1264 capta-

206 1275 281 1297 rem
299 1265 326 1297 C
345 1264 400 1304 ‘20,
418 1266 449 1297 2.
490 1266 610 1297 Mauri
634 1276 765 1298 vanum
785 1277 898 1308 genus
916 1267 951 1298 H
967 1266 985 1298 1
1000 1264 1054 1297 63.
1099 1276 1186 1307 quos
1210 1266 1273 1297 ille
1298 1276 1370 1298 non
1396 1277 1459 1308 pro
1482 1266 1589 1299 vanis
1612 1266 1724 1298 hosti-

205 1310 286 1350 bus,
304 1311 358 1342 uti
375 1311 495 1342 meriti
514 1314 630 1350 erant,
649 1329 690 1333 —-
708 1311 838 1343 habuit
853 1312 877 1343 J
896 1310 1015 1351 103,5.
1047 1321 1180 1344 vanum
1196 1311 1265 1343 hoc
1285 1311 1475 1343 consilium
1495 1315 1550 1343 est
1567 1311 1658 1351 052,
1671 1310 1724 1348 16,

205 1354 338 1387 vellem
355 1355 448 1387 haec
467 1366 560 1397 quae
578 1356 709 1397 scripsi
725 1366 822 1388 vana
840 1356 961 1388 forent
979 1356 1098 1398 potius
1116 1367 1223 1397 quam
1241 1356 1389 1388 miseria
1398 1356 1609 1389 meaverbis
1618 1355 1725 1389 fidem

206 1400 349 1432 faceret
366 1400 390 1432 J
406 1400 462 1440 24,
480 1399 511 1432 9.
531 1412 577 1429 Ξ
593 1401 836 1442 perincertum
855 1401 1020 1433 stolidior
1037 1411 1084 1432 an
1100 1401 1220 1432 vanior
1235 1401 1271 1432 H
1286 1401 1337 1433 IV
1354 1399 1407 1433 35.

251 1445 496 1485 Vargunteius,
513 1446 547 1476 1..
564 1445 591 1476 C
613 1444 664 1486 17,
685 1444 716 1477 3.
742 1444 797 1486 28,
818 1445 847 1478 1.
873 1445 928 1486 47,
950 1445 980 1478 1.

251 1490 410 1521 Varinius
428 1490 462 1521 H
478 1490 534 1522 111
550 1489 605 1522 67.

249 1535 379 1566 varius.
404 1534 443 1566 in
466 1545 600 1577 magna
623 1535 774 1567 civitate
799 1535 913 1567 multa
938 1538 975 1567 et
998 1535 1104 1568 varia
1127 1535 1278 1577 ingenia
1303 1538 1387 1567 sunt
1412 1535 1439 1567 C
1463 1534 1527 1576 51,
1547 1535 1602 1568 35.
1643 1546 1725 1568 cum

207 1581 282 1610 tam
299 1579 434 1611 multae
452 1580 615 1622 variaeq.
636 1580 709 1612 sint
727 1583 825 1612 artes
841 1581 865 1612 J
881 1581 919 1620 2,
939 1581 971 1611 4.
1016 1581 1196 1612 exercitus
1223 1581 1431 1622 conpositus
1450 1591 1494 1612 ex
1509 1581 1623 1612 variis
1639 1591 1726 1623 gen-

206 1624 303 1655 tibus
319 1624 343 1655 J
363 1623 420 1664 18,
439 1623 471 1656 3.
515 1626 656 1656 animus
681 1625 800 1656 audax
824 1625 995 1657 subdolus
1019 1626 1142 1657 varius
1162 1624 1188 1656 C
1207 1624 1227 1656 5
1242 1649 1250 1664 ,
1268 1625 1301 1656 4.
1343 1625 1467 1657 varius
1491 1625 1725 1668 incertusque

208 1668 307 1709 (conl.
326 1669 349 1700 J
366 1668 420 1708 51,
443 1669 474 1710 1)
493 1670 661 1711 agitabat
676 1670 700 1702 J
717 1670 772 1709 74,
795 1669 823 1701 1.
866 1680 1015 1712 corpore
1033 1670 1173 1711 pariter
1190 1672 1264 1711 atq.
1284 1670 1405 1702 animo
1421 1670 1545 1702 varius
1562 1670 1587 1702 J
1605 1669 1680 1710 113,
1689 1670 1722 1704 3.

205 1713 325 1745 facies
342 1713 452 1746 totius
470 1715 596 1756 negoti
611 1714 716 1746 varia
734 1715 876 1747 incerta
893 1715 917 1747 J
935 1713 994 1755 51,
1018 1714 1045 1746 1.
1081 1714 1216 1747 bellum
1233 1715 1334 1747 varizi
1351 1715 1503 1747 victoria
1521 1715 1590 1746 fuit
1605 1716 1629 1748 J
1645 1715 1680 1756 5,
1693 1715 1722 1748 1.

205 1758 243 1789 111
259 1758 357 1791 bello
374 1760 478 1791 vario
495 1759 518 1790 J
535 1758 588 1799 43,
609 1758 640 1791 3.
682 1762 765 1801 post
789 1759 903 1791 multa
928 1763 965 1791 et
987 1760 1092 1792 varia
1117 1759 1321 1792 certamina
1346 1759 1381 1791 H
1397 1760 1449 1792 IV
1465 1758 1527 1799 61,
1545 1760 1579 1791 7.
1618 1761 1724 1792 resti-

205 1806 284 1834 tuto
304 1804 467 1835 exercitu
486 1807 522 1835 et
538 1804 650 1836 variis
668 1805 763 1836 inter
779 1815 835 1836 me
856 1808 929 1846 atq.
938 1804 1129 1836 Lucullum
1147 1805 1297 1855 proeliis
1316 1805 1349 1835 H
1367 1805 1418 1836 IV
1434 1803 1488 1844 61,
1502 1784 1553 1838 15.
1569 1817 1616 1833 =
1633 1805 1726 1838 alius

208 1848 273 1879 alii
294 1848 389 1880 varie
414 1849 716 1881 adsentiebantur
740 1849 767 1881 C
793 1850 854 1889 52,
883 1849 912 1881 1.
960 1850 1063 1882 varie
1087 1860 1153 1892 per
1177 1849 1374 1882 exercitum
1401 1829 1548 1885 laet’itia
1570 1860 1723 1891 maeror,

205 1893 325 1925 luctus
344 1896 417 1935 atq.
437 1894 573 1936 gaudia
592 1895 831 1936 agitabantur
847 1875 875 1926 ’C
893 1893 948 1933 61,
966 1893 999 1926 9.

250 1947 320 1969 vas.
353 1939 618 1981 quinquaginta
635 1940 749 1972 vades
767 1939 919 1972 dederat
936 1957 976 1963 -
995 1939 1152 1972 vadibus
1172 1939 1364 1971 consulens
1380 1939 1405 1972 J
1421 1939 1475 1979 35,
1485 1938 1507 1971 9
1522 1943 1608 1973 conl.
1626 1939 1680 1979 61,
1694 1940 1726 1973 4.

250 1992 311 2015 vas
329 1989 393 2015 aut
410 1984 666 2017 vestimentum
685 1984 839 2016 alicuius
860 1983 1222 2027 concupiveratC5l,
1230 1983 1285 2017 33.
1319 1995 1410 2017 vasa
1429 1983 1576 2017 caelata
1588 1984 1615 2017 O
1628 1983 1680 2025 11,
1691 1984 1724 2017 6.

207 2039 249 2059 00
274 2028 417 2070 inponit
440 2039 531 2061 vasa
556 2047 598 2052 ——-
622 2029 747 2072 lignea
771 2030 795 2061 J
818 2029 880 2071 75,
899 2030 931 2062 4.
979 2032 1129 2061 nectere
1159 2040 1203 2061 ex
1226 2030 1422 2062 viminibus
1445 2040 1537 2062 vasa
1562 2009 1726 2072 agrestia

250 2118 396 2149 vastitas
414 2118 548 2150 Italiae
567 2117 712 2159 (studiis
731 2118 915 2161 civilibus)
933 2118 1041 2151 finem
1060 2119 1203 2151 faceret
1218 2119 1242 2151 J
1259 2119 1293 2160 5,
1311 2120 1342 2151 2.

250 2164 358 2193 vasto.
388 2163 487 2194 urbis
506 2173 614 2205 agros
630 2167 779 2197 vastare
795 2165 819 2196 J
835 2163 891 2205 20,
910 2163 941 2196 8.
969 2165 1023 2203 44,
1042 2164 1073 2196 5.
1100 2164 1154 2204 54,
1173 2163 1206 2196 6.
1231 2163 1286 2204 62,
1309 2164 1337 2196 l.
1363 2163 1425 2205 69,
1448 2163 1477 2196 1.
1503 2163 1558 2205 70,
1575 2165 1608 2197 4.
1649 2165 1728 2207 igni

207 2207 326 2248 magis
344 2217 451 2248 quam
468 2208 607 2249 praeda
626 2219 714 2250 ager
730 2210 947 2241 vastabatur
964 2210 988 2241 J
1004 2209 1112 2250 55,1.
1154 2209 1300 2242 deserta
1323 2210 1402 2252 igni
1418 2212 1565 2242 vastare
1582 2209 1618 2241 H
1634 2210 1653 2242 Ι
1668 2208 1725 2241 86.

206 2254 349 2293 partem
365 2252 470 2284 Num.
488 2253 628 2284 vastari
648 2263 669 2284 a
686 2253 803 2285 Mario
821 2254 845 2286 J
866 2253 945 2294 102,
968 2253 1020 2286 13.
1062 2255 1282 2296 Hispaniam
1306 2272 1348 2277 ——
1375 2254 1421 2286 ad
1438 2254 1727 2287 internecionem

206 2296 433 2328 vastavimus
451 2297 485 2328 H
502 2297 536 2328 II
553 2295 607 2335 96,
626 2296 658 2328 9.
693 2308 751 2329 res
769 2309 801 2340 p.
819 2302 1028 2331 vastaretur
1045 2299 1069 2332 J
1085 2298 1413 2336 31,16.8ν81·1118
1429 2299 1592 2341 polluere
1610 2302 1647 2331 et
1663 2309 1726 2332 va-

208 2343 308 2373 stare
326 2341 448 2373 omnia
465 2342 487 2373 J
504 2341 559 2381 41,
578 2340 610 2373 9.
653 2343 881 2374 0011801011118
898 2347 1056 2375 mentem
1076 2345 1234 2376 excitam
1252 2345 1427 2376 vastabat
1445 2344 1472 2376 C
1494 2344 1544 2385 15,
1563 2344 1597 2377 4.

252 2387 380 2418 vastus.
411 2386 529 2419 hiavit
544 2386 672 2418 humus
690 2387 814 2427 multa,
835 2391 941 2419 vasta
961 2391 996 2420 et
1013 2389 1194 2430 profunda
1210 2390 1246 2421 H
1263 2390 1312 2421 IV
1329 2388 1384 2421 37.
1418 2399 1520 2421 mons
1537 2391 1663 2421 vastus
1680 2389 1726 2421 ab

208 2434 339 2462 natura
358 2433 394 2462 et
411 2431 566 2463 humano
586 2432 685 2463 cultu
702 2432 726 2464 J
742 2431 804 2471 48,
824 2431 855 2464 3.
898 2433 971 2464 alia
996 2434 1116 2465 omnia
1142 2437 1247 2466 vasta
1273 2434 1412 2466 inculta
1435 2435 1459 2466 J
1482 2433 1544 2473 89,
1569 2433 1600 2466 5.
1641 2433 1727 2467 loca

208 2478 314 2507 vasta
330 2476 354 2507 J
371 2476 425 2516 75,
445 2477 477 2508 2.
503 2475 565 2516 78,
584 2476 616 2508 5.
642 2477 678 2508 H
693 2477 743 2508 IV
759 2475 894 2515 61,15.
935 2481 1043 2509 vasta
1067 2479 1180 2509 Italia
1204 2479 1341 2520 rapinis
1360 2479 1448 2520 fuga
1467 2458 1642 2512 caedibus
1658 2479 1694 2510 H
1710 2479 1728 2510 Ι

209 2519 263 2553 36.
298 2524 442 2554 vastam
460 2522 549 2563 fuga
566 2521 693 2553 urbem
709 2522 744 2553 H
760 2522 778 2553 1
794 2521 855 2561 41,
879 2521 930 2554 17.
972 2525 1098 2554 vastus
1124 2524 1266 2555 animus
1291 2523 1541 2564 incredibilia,
1566 2523 1726 2557 inmode—

208 2568 301 2605 rata,
321 2566 429 2597 nimis
448 2566 525 2598 alta
543 2566 716 2608 cupiebat
734 2566 761 2598 C
779 2566 811 2606 5,
830 2546 863 2599 5.

252 2612 359 2642 vates.
390 2614 514 2642 vatum
532 2612 753 2644 carminibus
770 2612 806 2643 H
821 2612 840 2643 I
855 2610 910 2651 48,
929 2611 960 2644 3.

253 2664 303 2687 ve.
337 2656 422 2697 quid
439 2656 560 2688 ultra?
585 2667 726 2698 quaeve
745 2656 903 2688 humana
921 2659 1096 2699 superant
1113 2660 1175 2688 aut
1195 2674 1231 2679 —
1252 2658 1287 2688 H
1303 2658 1320 2689 I
1336 2656 1392 2696 41,
1414 2657 1464 2689 11.

252 2701 410 2733 vecordia
426 2701 464 2732 in
482 2701 581 2733 facie
599 2701 732 2743 voltuq.
751 2702 871 2733 inerat
885 2701 912 2734 O
926 2701 977 2742 15,
990 2701 1023 2733 5.
1059 2702 1243 2734 contentio
1263 2713 1305 2734 eo
1322 2702 1516 2734 vecordiae
1534 2703 1725 2744 processit,

208 2748 248 2776 ut
264 2762 307 2767 —
324 2746 348 2777 J
365 2746 397 2786 5,
415 2746 446 2778 2.
486 2746 677 2778 formidine
696 2746 800 2787 quasi
818 2747 992 2779 vecordia
1009 2747 1189 2799 exagitari
1205 2747 1228 2778 J
1245 2746 1299 2786 72,
1316 2747 1348 2778 2.
1383 2747 1500 2779 Mario
1518 2748 1727 2780 vecordiam

209 2790 399 2822 obiectare
416 2791 440 2823 J
456 2790 510 2831 94,
530 2791 562 2822 4
606 2791 761 2823 tumultu
779 2791 975 2824 formidine
994 2792 1097 2834 quasi
1114 2792 1288 2824 vecordia
1306 2795 1457 2834 ceperat
1473 2793 1496 2825 J
1513 2791 1567 2832 99,
1588 2792 1619 2826 3.

254 2835 414 2875 vectigal.
431 2854 473 2858 —
491 2836 650 2878 pendere
666 2836 690 2868 J
705 2835 758 2875 31,
770 2835 802 2868 9.
835 2836 1036 2879 vectigalia
1052 2847 1168 2880 parva
1187 2840 1223 2869 et
1239 2836 1348 2870 bellis
1365 2837 1510 2870 incerta
1527 2817 1567 2870 Η
1577 2838 1612 2870 ΙΙ
1626 2836 1683 2878 41,
1693 2837 1724 2870 7.

208 2889 280 2926 non
299 2880 418 2922 agitur
435 2880 479 2913 de
496 2880 741 2925 vectigalibus
759 2880 786 2912 C
805 2880 859 2922 52,
878 2879 910 2914 6.
