1826 3282
499 261 800 291 msrroamnvu
830 262 912 291 ΜΒ.
943 261 976 290 11
1012 255 1186 294 13—15.
1553 245 1605 288 35

79 364 171 401 erat,
197 361 268 394 nisi
293 361 418 394 Sullae
443 362 634 396 voluntate
658 363 842 395 tribunum
866 374 938 396 non
962 364 1246 396 intercessurum
1264 362 1390 395 fuisse.
1430 361 1479 394 At
1502 361 1605 394 Sulla

77 407 238 448 speciem
268 417 356 449 prae
381 418 419 439 se
446 408 592 440 ferebat
623 419 663 440 se
695 408 848 440 consilio
881 419 952 440 non
977 409 1179 440 destitisse:
1206 407 1350 440 scilicet
1375 407 1469 449 quod
1493 410 1605 438 antea

76 462 142 493 per
166 452 348 484 tribunum
374 453 501 484 facere
525 453 728 495 prohibitus
754 454 885 485 fuisset
901 454 938 485 id
963 453 1148 485 lubentem
1173 456 1304 495 postea
1327 452 1534 494 pertulisse.
1559 469 1605 474 ——

77 496 167 527 Cum
192 507 278 529 vero
303 497 406 529 illum
430 497 549 529 locum
565 497 651 529 libri
669 498 819 529 secundi
834 498 947 529 fuisse
967 498 1064 530 Gelli
1081 498 1290 530 testimonio
1310 500 1466 537 constet,
1484 507 1603 529 nonne

75 541 154 573 veri
179 541 411 573 simillumum
437 545 502 582 est,
530 542 742 574 Sallustium
768 543 819 574 ibi
846 553 927 574 cam
952 553 1027 574 rem
1053 553 1355 583 conmemorasse,
1381 542 1445 574 ubi
1469 542 1514 574 de
1534 542 1603 574 Gn.

76 586 250 628 Pompeio
277 586 322 618 ad
346 586 484 618 bellum
509 586 758 619 Sertorianum
782 588 893 619 misso
920 588 1130 620 enarravit?

182 663 241 703 '13
274 663 354 716 [Kr.
383 668 436 702 18.
467 667 506 703 G.
528 664 604 716 27].
657 665 791 716 Neque
815 666 984 716 virgines
1007 670 1173 716 nuptum
1202 679 1223 705 a
1254 666 1486 717 parentibus
1516 667 1603 704 mit-

76 730 271 775 tebantur,
305 735 363 770 set
388 732 493 783 ipsae
522 731 612 771 belli
644 734 979 783 promptissumos
1001 733 1245 784 delegebant.

189 803 292 836 Arus.
319 815 354 847 p.
380 803 448 836 256
473 815 553 836 cum
579 804 770 837 lemmate:
795 810 971 847 promptus
994 807 1082 838 illius
1098 808 1160 838 rei.
1203 806 1273 838 Sal.
1293 807 1387 839 lest.
1407 806 1461 838 11:
1489 805 1602 838 codd.

75 849 270 890 dfflyebant.
302 866 347 872 —
385 849 475 881 Cum
508 849 704 881 Sallustius
735 850 918 882 locutione
952 851 996 882 de
1028 851 1258 883 matrimonio
1291 851 1475 893 iungendo
1509 850 1605 893 apud

75 893 256 926 Romanos
282 897 457 926 consueta
482 895 534 926 uti
559 894 736 934 debuerit,
762 895 852 927 haut
875 896 1044 927 inmerito
1069 896 1224 928 Ursinus
1248 896 1286 927 in
1302 896 1518 928 mittebantur
1542 896 1603 927 ob-

76 938 236 970 fendisse
263 939 444 981 putandus
470 942 536 971 est.
591 940 717 981 Neque
747 943 873 971 tamen
906 940 1088 983 conprobo
1121 951 1213 982 quae
1239 942 1316 983 ipse
1343 941 1501 973 conjecit
1521 951 1605 982 pro⁴

74 983 291 1015 mittebantur
321 983 379 1017 vel
409 984 648 1023 tradebantur,
683 988 740 1016 set
774 985 962 1017 audaciori
993 985 1138 1017 medela
1174 986 1437 1017 restituendum
1470 996 1603 1017 censeo

75 1028 355 1066 conlocabuntur,
389 1029 484 1070 quod
515 1039 595 1060 cum
627 1029 849 1071 explicatum
882 1033 979 1062 esset
1011 1032 1045 1062 in
1077 1031 1191 1063 domos
1223 1033 1352 1062 alienas
1376 1031 1601 1067 mittebantur,

75 1083 201 1105 verum
228 1073 376 1106 verbum
400 1073 481 1106 loco
507 1084 572 1106 suo
599 1074 755 1106 eiectum
780 1075 923 1107 videtur
949 1085 1041 1107 esse.

189 1163 279 1201 *44
310 1162 397 1215 [ΚΓ.
427 1167 479 1202 19.
511 1166 549 1202 G.
572 1163 655 1215 28].
717 1164 825 1214 Serv.
861 1165 908 1203 ad
943 1164 1056 1216 Verg.
1091 1165 1185 1204 Aen.
1221 1165 1254 1204 X
1286 1166 1388 1204 271:
1426 1166 1602 1214 ‘referto’

75 1235 206 1269 autem
228 1241 308 1279 pro
336 1227 542 1279 ‘referat’,·
572 1233 646 1270 alii
670 1233 736 1271 hic
763 1233 1010 1280 distinquum
1028 1238 1071 1271 ut
1093 1235 1164 1272 sil:
1186 1233 1344 1280 reserat
1365 1235 1480 1272 modo
1502 1246 1604 1272 unus

75 1299 238 1346 quisque
263 1298 382 1346 faeta
408 1304 570 1348 patrum
600 1305 638 1337 et
665 1301 819 1338 laudes.
874 1300 926 1338 Et
947 1305 1102 1339 secutus
1128 1300 1360 1339 Sallustium
1385 1302 1458 1339 boe
1488 1302 1603 1349 dixit,

75 1367 145 1413 qui
172 1366 230 1404 ait
256 1365 521 1420 Hispanorum
550 1366 667 1405 fuisse
696 1365 900 1419 [morem]‚
933 1371 975 1406 ut
1000 1368 1040 1406 in
1061 1366 1163 1406 bella
1195 1358 1378 1406 euntibus
1397 1368 1603 1407 iuvenibus

75 1436 284 1482 parentum
314 1432 412 1471 facta
445 1438 761 1472 memorarentur
789 1446 810 1472 a
840 1434 1044 1473 matribus.
1089 1458 1134 1462 —
1177 1434 1274 1474 Cum
1312 1448 1358 1474 ex
1391 1435 1466 1474 hoc
1499 1436 1624 1487 frag-'

75 1506 207 1551 mento
237 1499 332 1539 haut
354 1491 650 1551 inprobabiliter
678 1502 906 1546 conieiatur,
945 1502 992 1541 13
1015 1502 1063 1542 de
1085 1503 1266 1553 Hispanis
1292 1502 1437 1542 dictum
1470 1503 1600 1548 fnisse,

74 1568 130 1605 sic
160 1579 207 1605 ex
238 1566 303 1606 illo
327 1567 403 1607 hoc
433 1581 479 1607 ex
510 1569 685 1607 secundo
724 1568 825 1607 libro
867 1569 1144 1621 depromptum
1176 1582 1273 1609 esse.
1334 1570 1474 1609 Utrum
1505 1571 1601 1609 haee

5 1627 13 1636 “
74 1634 192 1673 verba
224 1639 313 1676 ante
340 1647 389 1674 an
419 1640 506 1687 post
534 1635 628 1675 illud
659 1637 784 1687 posita
809 1636 973 1682 fuerint,
1005 1638 1208 1677 diiudicari
1237 1639 1382 1688 nequit.

189 1735 273 1775 *15
310 1735 400 1788 [Kr.
423 1742 479 1775 22.
511 1739 550 1774 G.
576 1736 660 1788 74].
725 1736 819 1782 Quis
860 1751 880 1776 a
912 1738 1087 1778 Sertorio
1123 1739 1295 1790 triplices
1329 1740 1492 1778 insidiae
1531 1752 1602 1791 per

77 1803 238 1842 idoneos
267 1802 390 1842 saltus
421 1804 570 1854 positae
603 1809 735 1849 erant,
772 1806 896 1855 prima
934 1806 1000 1857 qui
1038 1805 1139 1845 sorte
1177 1809 1218 1845 in
1248 1818 1391 1845 manus
1413 1807 1622 1860 venientis*
1655 1798 1658 1802 ⁴

76 1871 314 1921 exciperent.
328 1914 341 1923 ἱ

188 1943 289 1976 Serv.
317 1943 364 1976 ad
388 1944 497 1987 Verg.
526 1944 654 1977 Gesn
678 1943 739 1976 98:
773 1945 822 1976 Et
845 1944 1023 1977 Salumias
1049 1947 1106 1988 qai
1128 1948 1177 1978 ait
1202 1947 1280 1988 quis
1307 1957 1329 1978 a
1354 1946 1514 1979 Sertorio
1540 1947 1600 1978 tri-

75 1987 191 2030 plices
214 1988 370 2021 insidiae
395 1999 461 2032 per
486 1989 636 2021 idoneos
661 1989 778 2021 saltus
803 1991 945 2032 positae
973 1995 1095 2030 erant,
1121 1991 1256 2033 prima,
1283 1996 1316 2023 et
1339 1992 1603 2024 subandiendum

74 2034 211 2076 reliquit
237 2034 408 2071 ‘ins-idid,
442 2035 533 2076 quod
549 2037 688 2077 penitus
712 2035 826 2067 dicere
851 2046 915 2067 non
937 2046 1123 2077 possmnus.
1173 2036 1273 2068 Idem
1299 2037 1342 2068 de
1369 2037 1496 2068 eodem
1520 2037 1601 2068 loco

77 2078 123 2110 ad
146 2078 238 2110 Aen.
264 2079 317 2110 XI
341 2077 424 2111 896:
458 2079 545 2111 Item
570 2079 769 2111 Sallustius:
801 2080 997 2122 Primaque
1023 2081 1117 2112 forte
1144 2079 1208 2121 (al.
1234 2082 1352 2123 prima
1377 2082 1438 2123 qui
1463 2082 1600 2121 fronte;

34 2149 38 2151 .
74 2124 165 2155 Dan.
190 2123 375 2165 primoque
402 2127 505 2156 sonte
531 2124 645 2164 forte3
678 2127 722 2156 al.
747 2125 865 2167 prima
890 2126 950 2167 qui
976 2126 1089 2165 forte3
1116 2126 1230 2168 primo
1257 2127 1318 2168 qui
1344 2126 1386 2167 f.)
1411 2127 1601 2159 venientes

76 2167 272 2210 exciperet,
298 2179 368 2200 eum
393 2170 435 2201 de
460 2170 591 2201 insidiis
615 2171 825 2212 loqueretur,
853 2181 936 2213 quas
961 2172 1090 2203 numeri
1112 2175 1237 2202 tantum
1260 2174 1404 2213 pluralis
1428 2182 1502 2203 esse
1526 2173 1602 2212 plu-s·

76 2223 173 2256 quam
195 2214 403 2255 manifestum
428 2218 489 2245 est.
538 2215 594 2246 De
613 2214 740 2246 eodem
764 2214 846 2247 loco
873 2215 1015 2247 Charis.
1035 2226 1068 2257 p.
1087 2214 1148 2248 96:
1175 2216 1434 2250 Inimicitiaeet
1458 2217 1601 2248 insidiae

73 2259 254 2299 pluraliter
277 2259 345 2290 dici
367 2258 508 2295 debent,-
537 2260 601 2291 sed
624 2259 802 2291 Sallustius
834 2261 875 2292 de
907 2262 1038 2293 insidiis
1063 2261 1180 2302 prima
1204 2263 1310 2304 inquit
1335 2267 1369 2293 et
1392 2262 1518 2294 Accius
1542 2262 1603 2293 ini-

75 2305 229 2334 micitiam
253 2304 346 2335 dicit.
378 2321 422 2326 —
452 2305 532 2336 Non
556 2303 703 2336 dubium
729 2305 814 2346 quin
845 2305 940 2337 haec
965 2306 1008 2338 de
1034 2306 1172 2348 proelio
1199 2307 1245 2338 ad
1270 2307 1477 2339 Lauronem
1502 2306 1601 2338 facto

75 2348 192 2388 dicta,
224 2358 293 2380 nec
323 2348 442 2390 magis
474 2348 560 2390 quin
591 2349 629 2380 in
659 2349 756 2381 libro
782 2351 941 2383 secundo
966 2350 1065 2382 lecta
1090 2351 1236 2383 fuerint.
1286 2352 1342 2383 De
1369 2362 1437 2393 quo
1463 2351 1601 2394 proelio

76 2403 156 2424 cum
183 2403 227 2424 ex
244 2393 349 2425 Livio
367 2393 549 2425 rettulerit
565 2394 691 2426 Front.
719 2398 823 2426 strat.
842 2396 879 2427 II
896 2395 928 2435 5,
947 2394 988 2428 31
1017 2395 1098 2437 (cfr.
1118 2397 1243 2428 Drum.
1263 2397 1315 2428 IV
1331 2408 1365 2439 p.
1386 2395 1452 2428 363
1476 2407 1511 2427 n.
1530 2396 1600 2435 44),

77 2448 154 2479 quox
177 2437 282 2469 modo
313 2437 444 2470 ultima
472 2438 586 2471 verba
610 2439 803 2471 scribenda
829 2440 918 2479 sint,
952 2440 1083 2472 incerti
1113 2440 1319 2474 haeremus.
1369 2442 1486 2483 Atque
1512 2440 1602 2472 illud

77 2482 220 2524 quidem
245 2481 355 2514 facile
381 2483 617 2524 concedetur,
653 2494 760 2525 quam
784 2484 863 2517 veri
894 2485 1012 2517 simile
1044 2496 1115 2518 non
1141 2486 1208 2525 sit,
1241 2486 1455 2518 Sallustium
1489 2486 1600 2517 etiam

76 2527 270 2569 relativum
295 2538 380 2570 quae
407 2528 453 2559 ad
477 2527 580 2559 illum
604 2528 828 2570 singularem
845 2530 1135 2562 subaudiendum
1152 2531 1348 2570 rettulisse,
1376 2541 1456 2563 cum
1481 2540 1599 2572 gram-

76 2572 230 2605 maticos
255 2572 292 2604 id
315 2575 502 2606 notaturos
527 2573 639 2605 fuisse
664 2573 703 2605 iu
728 2577 855 2616 aperto
881 2575 940 2607 sit.
982 2576 1096 2607 Recte
1116 2586 1203 2618 ergo
1229 2579 1439 2607 conrectum
1465 2578 1521 2606 est
1546 2578 1604 2615 qui

78 2635 120 2640 —
145 2619 356 2660 eateiperenc.
407 2617 470 2649 Set
495 2628 583 2660 quos
607 2618 680 2658 illi,
708 2619 767 2660 qui
792 2620 830 2651 in
854 2620 971 2662 prima
1003 2624 1108 2663 parte
1140 2621 1250 2663 positi
1276 2624 1398 2658 erant,
1431 2620 1532 2652 leves
1566 2622 1602 2650 ct

80 2662 125 2694 ad
149 2662 248 2695 furta
277 2662 456 2695 bello'rum
489 2663 668 2705 aptissimi
692 2664 850 2706 Hispani
882 2665 1071 2707 (Front.),
1103 2666 1272 2707 excipere
1304 2665 1512 2697 debebant?
1558 2665 1601 2695 In

77 2706 247 2749 palantes
283 2707 390 2739 effusi
427 2711 511 2739 sunt
536 2711 586 2740 -et
626 2708 932 2742 convolnerarunt
969 2710 1280 2751 eonfndcruntque
1311 2709 1402 2741 nihil
1433 2709 1508 2741 tale
1542 2719 1601 2740 ex-

78 2755 282 2794 pectanteS.
332 2753 423 2784 Tum
449 2753 509 2794 qui
546 2754 583 2785 in
608 2754 726 2785 medio
752 2752 914 2795 (interius
930 2753 1078 2794 Front.)
1105 2754 1288 2786 conlocati
1320 2757 1425 2786 erant
1454 2753 1600 2792 scutati,
1648 2775 1652 2778 -

78 2797 178 2838 prius
218 2807 325 2839 quam
356 2797 479 2829 resisti
509 2797 584 2829 illis
619 2798 713 2831 levis
750 2802 958 2831 armaturae
998 2799 1174 2830 milltibus
1204 2798 1472 2830 incurrentibus
1512 2798 1601 2830 inei-

77 2845 242 2883 peretur,
275 2853 294 2874 e
326 2842 422 2875 silva
454 2847 650 2885 eruperunt
680 2847 717 2876 et
748 2844 942 2876 redeuntes
972 2844 1010 2874 in
1035 2843 1196 2875 ordinem
1221 2846 1499 2875 constraverunt
1522 2853 1601 2875 vor-

78 2889 283 2928 teruntque.
332 2887 498 2930 Denique
523 2888 749 2931 fugientibus
773 2889 914 2929 equites
934 2888 1073 2919 inmissi
1091 2891 1185 2926 sunt,
1212 2887 1272 2929 qui
1296 2888 1334 2919 in
1359 2888 1602 2920 remotissimo

80 2932 398 2964 steterant.·Nisi
428 2933 541 2975 igitur
569 2934 607 2964 in
638 2944 675 2965 re
708 2933 792 2966 Livi
823 2935 860 2965 et
884 2932 1035 2964 Sallusti
1071 2931 1301 2964 narrationes
1332 2932 1617 2980 discrepavere,-

1273 2987 1331 3028 3³1⁶
