<?xml version="1.0" encoding="UTF-8"?>
<!DOCTYPE html PUBLIC "-//W3C//DTD XHTML 1.0 Transitional//EN"
    "http://www.w3.org/TR/xhtml1/DTD/xhtml1-transitional.dtd">
<html xmlns="http://www.w3.org/1999/xhtml" xml:lang="en" lang="en">
 <head>
  <title>
</title>
<meta http-equiv="Content-Type" content="text/html;charset=utf-8" />
  <meta name='ocr-system' content='tesseract 3.04.00' />
  <meta name='ocr-capabilities' content='ocr_page ocr_carea ocr_par ocr_line ocrx_word'/>
</head>
<body>
  <div class='ocr_page' id='page_1' title='image "./quaesupersunt02salluoft_0388.png"; bbox 0 0 1812 3268; ppageno 0'>
   <div class='ocr_carea' id='block_1_1' title="bbox 200 218 1020 261">
    <p class='ocr_par' dir='ltr' id='par_1_1' title="bbox 200 218 1020 261">
     <span class='ocr_line' id='line_1_1' title="bbox 200 218 1020 261; baseline -0.007 -2"><span class='ocrx_word' id='word_1_1' title='bbox 200 218 280 261; x_wconf 88' lang='lat'>380</span> <span class='ocrx_word' id='word_1_2' title='bbox 886 228 1020 255; x_wconf 79' lang='lat' dir='ltr'>INDEX</span> 
     </span>
    </p>
   </div>
   <div class='ocr_carea' id='block_1_2' title="bbox 197 325 1717 640">
    <p class='ocr_par' dir='ltr' id='par_1_2' title="bbox 198 325 1716 459">
     <span class='ocr_line' id='line_1_2' title="bbox 199 325 1715 374; baseline -0.005 -9"><span class='ocrx_word' id='word_1_3' title='bbox 199 335 262 365; x_wconf 87' lang='lat' dir='ltr'>aut</span> <span class='ocrx_word' id='word_1_4' title='bbox 284 332 402 374; x_wconf 83' lang='lat' dir='ltr'>magis</span> <span class='ocrx_word' id='word_1_5' title='bbox 426 340 532 372; x_wconf 90' lang='lat' dir='ltr'>quam</span> <span class='ocrx_word' id='word_1_6' title='bbox 558 332 669 361; x_wconf 85' lang='lat' dir='ltr'>antea</span> <span class='ocrx_word' id='word_1_7' title='bbox 694 327 850 360; x_wconf 85' lang='lat' dir='ltr'>demisso</span> <span class='ocrx_word' id='word_1_8' title='bbox 874 328 994 360; x_wconf 84' lang='lat' dir='ltr'>animo</span> <span class='ocrx_word' id='word_1_9' title='bbox 1018 327 1089 359; x_wconf 81' lang='lat' dir='ltr'>fuit</span> <span class='ocrx_word' id='word_1_10' title='bbox 1110 327 1139 361; x_wconf 98' lang='lat' dir='ltr'>J</span> <span class='ocrx_word' id='word_1_11' title='bbox 1157 325 1219 366; x_wconf 87' lang='lat'>98,</span> <span class='ocrx_word' id='word_1_12' title='bbox 1241 326 1269 358; x_wconf 92' lang='lat'>1.</span> <span class='ocrx_word' id='word_1_13' title='bbox 1311 326 1429 369; x_wconf 85' lang='lat' dir='ltr'>magis</span> <span class='ocrx_word' id='word_1_14' title='bbox 1448 326 1643 359; x_wconf 79' lang='lat' dir='ltr'><strong>atrocitate</strong></span> <span class='ocrx_word' id='word_1_15' title='bbox 1661 325 1715 359; x_wconf 85' lang='lat' dir='ltr'>rei</span> 
     </span>
     <span class='ocr_line' id='line_1_3' title="bbox 199 371 1716 419; baseline -0.003 -11"><span class='ocrx_word' id='word_1_16' title='bbox 199 388 306 419; x_wconf 86' lang='lat' dir='ltr'>quam</span> <span class='ocrx_word' id='word_1_17' title='bbox 330 376 399 408; x_wconf 93' lang='lat' dir='ltr'>fide</span> <span class='ocrx_word' id='word_1_18' title='bbox 424 375 526 406; x_wconf 91' lang='lat' dir='ltr'>nunti</span> <span class='ocrx_word' id='word_1_19' title='bbox 550 376 731 406; x_wconf 88' lang='lat' dir='ltr'>terrentur</span> <span class='ocrx_word' id='word_1_20' title='bbox 753 373 777 405; x_wconf 92' lang='lat' dir='ltr'>J</span> <span class='ocrx_word' id='word_1_21' title='bbox 804 372 884 414; x_wconf 86' lang='lat'>101,</span> <span class='ocrx_word' id='word_1_22' title='bbox 911 373 942 404; x_wconf 93' lang='lat'>7.</span> <span class='ocrx_word' id='word_1_23' title='bbox 989 375 1088 405; x_wconf 90' lang='lat' dir='ltr'>metu</span> <span class='ocrx_word' id='word_1_24' title='bbox 1111 372 1292 414; x_wconf 82' lang='lat' dir='ltr'>gravioris</span> <span class='ocrx_word' id='word_1_25' title='bbox 1316 371 1443 404; x_wconf 87' lang='lat' dir='ltr'>serviti</span> <span class='ocrx_word' id='word_1_26' title='bbox 1468 382 1490 404; x_wconf 85' lang='lat' dir='ltr'>a</span> <span class='ocrx_word' id='word_1_27' title='bbox 1512 371 1716 414; x_wconf 84' lang='lat' dir='ltr'>repetunda</span> 
     </span>
     <span class='ocr_line' id='line_1_4' title="bbox 198 417 782 459; baseline -0.009 -5"><span class='ocrx_word' id='word_1_28' title='bbox 198 422 369 454; x_wconf 86' lang='lat' dir='ltr'>libertate</span> <span class='ocrx_word' id='word_1_29' title='bbox 387 419 575 452; x_wconf 82' lang='lat' dir='ltr'>terremini</span> <span class='ocrx_word' id='word_1_30' title='bbox 593 419 627 450; x_wconf 92' lang='lat' dir='ltr'>H</span> <span class='ocrx_word' id='word_1_31' title='bbox 644 419 661 450; x_wconf 95' lang='lat'>1</span> <span class='ocrx_word' id='word_1_32' title='bbox 677 418 731 459; x_wconf 95' lang='lat'>41,</span> <span class='ocrx_word' id='word_1_33' title='bbox 750 417 782 450; x_wconf 88' lang='grc'>6.</span> 
     </span>
    </p>

    <p class='ocr_par' dir='ltr' id='par_1_3' title="bbox 242 462 1087 505">
     <span class='ocr_line' id='line_1_5' title="bbox 242 462 1087 505; baseline -0.004 -8"><span class='ocrx_word' id='word_1_34' title='bbox 242 465 416 497; x_wconf 83' lang='lat' dir='ltr'>terribilis.</span> <span class='ocrx_word' id='word_1_35' title='bbox 449 464 558 496; x_wconf 90' lang='lat' dir='ltr'>foeda</span> <span class='ocrx_word' id='word_1_36' title='bbox 577 466 650 505; x_wconf 88' lang='lat' dir='ltr'>atq.</span> <span class='ocrx_word' id='word_1_37' title='bbox 668 466 693 495; x_wconf 90' lang='lat' dir='ltr'>t.</span> <span class='ocrx_word' id='word_1_38' title='bbox 714 463 830 495; x_wconf 88' lang='lat' dir='ltr'>facies</span> <span class='ocrx_word' id='word_1_39' title='bbox 847 463 920 495; x_wconf 88' lang='lat' dir='ltr'>loci</span> <span class='ocrx_word' id='word_1_40' title='bbox 938 462 965 495; x_wconf 82' lang='lat' dir='ltr'>C</span> <span class='ocrx_word' id='word_1_41' title='bbox 982 462 1036 503; x_wconf 89' lang='lat'>55,</span> <span class='ocrx_word' id='word_1_42' title='bbox 1056 462 1087 494; x_wconf 88' lang='lat'>4.</span> 
     </span>
    </p>

    <p class='ocr_par' dir='ltr' id='par_1_4' title="bbox 197 506 1717 640">
     <span class='ocr_line' id='line_1_6' title="bbox 242 506 1717 549; baseline -0.003 -7"><span class='ocrx_word' id='word_1_43' title='bbox 242 513 353 542; x_wconf 86' lang='lat' dir='ltr'>terror</span> <span class='ocrx_word' id='word_1_44' title='bbox 369 509 535 542; x_wconf 80' lang='lat' dir='ltr'>hostibus</span> <span class='ocrx_word' id='word_1_45' title='bbox 554 519 597 540; x_wconf 86' lang='lat' dir='ltr'>ex</span> <span class='ocrx_word' id='word_1_46' title='bbox 613 508 747 540; x_wconf 86' lang='lat' dir='ltr'>fiducia</span> <span class='ocrx_word' id='word_1_47' title='bbox 764 509 820 540; x_wconf 87' lang='lat' dir='ltr'>sui</span> <span class='ocrx_word' id='word_1_48' title='bbox 837 508 1032 540; x_wconf 86' lang='lat' dir='ltr'>incessitH</span> <span class='ocrx_word' id='word_1_49' title='bbox 1049 508 1085 540; x_wconf 91' lang='grc' dir='ltr'>ΙΙ</span> <span class='ocrx_word' id='word_1_50' title='bbox 1101 506 1156 539; x_wconf 92' lang='lat'>60.</span> <span class='ocrx_word' id='word_1_51' title='bbox 1189 507 1227 538; x_wconf 93' lang='lat' dir='ltr'>in</span> <span class='ocrx_word' id='word_1_52' title='bbox 1243 507 1376 549; x_wconf 86' lang='lat' dir='ltr'>oppido</span> <span class='ocrx_word' id='word_1_53' title='bbox 1392 525 1433 531; x_wconf 88' lang='lat'>——</span> <span class='ocrx_word' id='word_1_54' title='bbox 1453 507 1583 549; x_wconf 85' lang='lat' dir='ltr'>ingens</span> <span class='ocrx_word' id='word_1_55' title='bbox 1599 510 1717 539; x_wconf 89' lang='lat' dir='ltr'>terror</span> 
     </span>
     <span class='ocr_line' id='line_1_7' title="bbox 199 551 1716 593; baseline -0.003 -6"><span class='ocrx_word' id='word_1_56' title='bbox 199 558 278 588; x_wconf 87' lang='lat' dir='ltr'>erat</span> <span class='ocrx_word' id='word_1_57' title='bbox 295 555 330 586; x_wconf 89' lang='lat' dir='ltr'>H</span> <span class='ocrx_word' id='word_1_58' title='bbox 347 555 401 586; x_wconf 91' lang='lat' dir='ltr'>III</span> <span class='ocrx_word' id='word_1_59' title='bbox 419 554 471 586; x_wconf 88' lang='lat'>27.</span> <span class='ocrx_word' id='word_1_60' title='bbox 501 554 734 585; x_wconf 78' lang='lat' dir='ltr'><strong>Numantinis</strong></span> <span class='ocrx_word' id='word_1_61' title='bbox 751 564 916 585; x_wconf 87' lang='lat' dir='ltr'>maxumo</span> <span class='ocrx_word' id='word_1_62' title='bbox 933 554 1064 585; x_wconf 89' lang='lat' dir='ltr'>terrori</span> <span class='ocrx_word' id='word_1_63' title='bbox 1082 563 1162 585; x_wconf 84' lang='lat' dir='ltr'>esse</span> <span class='ocrx_word' id='word_1_64' title='bbox 1179 552 1202 584; x_wconf 94' lang='lat' dir='ltr'>J</span> <span class='ocrx_word' id='word_1_65' title='bbox 1219 552 1251 593; x_wconf 98' lang='lat'>7,</span> <span class='ocrx_word' id='word_1_66' title='bbox 1270 552 1291 583; x_wconf 90' lang='lat'>4</span> <span class='ocrx_word' id='word_1_67' title='bbox 1315 553 1400 584; x_wconf 83' lang='lat' dir='ltr'>conl.</span> <span class='ocrx_word' id='word_1_68' title='bbox 1420 551 1474 593; x_wconf 90' lang='lat'>31,</span> <span class='ocrx_word' id='word_1_69' title='bbox 1487 551 1519 585; x_wconf 90' lang='lat'>3.</span> <span class='ocrx_word' id='word_1_70' title='bbox 1551 551 1716 584; x_wconf 77' lang='lat' dir='ltr'>hostibus</span> 
     </span>
     <span class='ocr_line' id='line_1_8' title="bbox 197 595 1713 640; baseline 0 -9"><span class='ocrx_word' id='word_1_71' title='bbox 197 604 371 632; x_wconf 89' lang='lat' dir='ltr'>terrorem</span> <span class='ocrx_word' id='word_1_72' title='bbox 383 609 517 640; x_wconf 87' lang='lat' dir='ltr'>augere</span> <span class='ocrx_word' id='word_1_73' title='bbox 527 599 549 630; x_wconf 94' lang='lat' dir='ltr'>J</span> <span class='ocrx_word' id='word_1_74' title='bbox 558 598 611 639; x_wconf 89' lang='lat'>20,</span> <span class='ocrx_word' id='word_1_75' title='bbox 623 597 655 630; x_wconf 90' lang='grc'>8.</span> <span class='ocrx_word' id='word_1_76' title='bbox 685 602 824 630; x_wconf 89' lang='lat' dir='ltr'>terrore</span> <span class='ocrx_word' id='word_1_77' title='bbox 840 598 1022 630; x_wconf 81' lang='lat' dir='ltr'>exercitus</span> <span class='ocrx_word' id='word_1_78' title='bbox 1031 598 1077 630; x_wconf 90' lang='lat' dir='ltr'>ab</span> <span class='ocrx_word' id='word_1_79' title='bbox 1087 608 1174 639; x_wconf 85' lang='lat' dir='ltr'>rege</span> <span class='ocrx_word' id='word_1_80' title='bbox 1182 597 1362 640; x_wconf 85' lang='lat' dir='ltr'>pecuniae</span> <span class='ocrx_word' id='word_1_81' title='bbox 1373 596 1672 639; x_wconf 85' lang='lat' dir='ltr'>capiundaeJ37,</span> <span class='ocrx_word' id='word_1_82' title='bbox 1681 595 1713 631; x_wconf 74' lang='grc'>3,</span> 
     </span>
    </p>
   </div>
   <div class='ocr_carea' id='block_1_3' title="bbox 195 641 1759 1442">
    <p class='ocr_par' dir='ltr' id='par_1_5' title="bbox 198 641 1714 685">
     <span class='ocr_line' id='line_1_9' title="bbox 198 641 1714 685; baseline -0.001 -9"><span class='ocrx_word' id='word_1_83' title='bbox 198 655 278 676; x_wconf 91' lang='lat' dir='ltr'>cum</span> <span class='ocrx_word' id='word_1_84' title='bbox 303 655 347 676; x_wconf 86' lang='lat' dir='ltr'>ex</span> <span class='ocrx_word' id='word_1_85' title='bbox 364 655 427 676; x_wconf 91' lang='lat' dir='ltr'>suo</span> <span class='ocrx_word' id='word_1_86' title='bbox 446 644 561 685; x_wconf 88' lang='lat' dir='ltr'><strong>quisq.</strong></span> <span class='ocrx_word' id='word_1_87' title='bbox 577 647 714 676; x_wconf 89' lang='lat' dir='ltr'>terrore</span> <span class='ocrx_word' id='word_1_88' title='bbox 734 643 998 675; x_wconf 79' lang='lat' dir='ltr'>contenderent</span> <span class='ocrx_word' id='word_1_89' title='bbox 1014 643 1048 674; x_wconf 92' lang='lat' dir='ltr'>H</span> <span class='ocrx_word' id='word_1_90' title='bbox 1066 643 1083 674; x_wconf 95' lang='lat' dir='ltr'>I</span> <span class='ocrx_word' id='word_1_91' title='bbox 1099 641 1154 674; x_wconf 93' lang='lat'>67.</span> <span class='ocrx_word' id='word_1_92' title='bbox 1194 646 1234 674; x_wconf 93' lang='lat' dir='ltr'>ut</span> <span class='ocrx_word' id='word_1_93' title='bbox 1251 643 1289 674; x_wconf 89' lang='lat' dir='ltr'>in</span> <span class='ocrx_word' id='word_1_94' title='bbox 1307 645 1444 674; x_wconf 87' lang='lat' dir='ltr'>terrore</span> <span class='ocrx_word' id='word_1_95' title='bbox 1463 642 1556 674; x_wconf 88' lang='lat' dir='ltr'>solet</span> <span class='ocrx_word' id='word_1_96' title='bbox 1572 642 1607 674; x_wconf 89' lang='lat' dir='ltr'>H</span> <span class='ocrx_word' id='word_1_97' title='bbox 1625 642 1641 673; x_wconf 96' lang='lat' dir='ltr'>I</span> <span class='ocrx_word' id='word_1_98' title='bbox 1658 641 1714 674; x_wconf 92' lang='lat'>74.</span> 
     </span>
    </p>

    <p class='ocr_par' dir='ltr' id='par_1_6' title="bbox 200 685 1714 775">
     <span class='ocr_line' id='line_1_10' title="bbox 242 685 1714 729; baseline -0.002 -8"><span class='ocrx_word' id='word_1_99' title='bbox 242 690 366 721; x_wconf 80' lang='lat' dir='ltr'>tertius</span> <span class='ocrx_word' id='word_1_100' title='bbox 385 689 411 721; x_wconf 86' lang='lat' dir='ltr'>C</span> <span class='ocrx_word' id='word_1_101' title='bbox 429 689 485 729; x_wconf 90' lang='lat'>47,</span> <span class='ocrx_word' id='word_1_102' title='bbox 504 690 535 721; x_wconf 93' lang='lat'>2.</span> <span class='ocrx_word' id='word_1_103' title='bbox 561 690 584 721; x_wconf 88' lang='lat' dir='ltr'>J</span> <span class='ocrx_word' id='word_1_104' title='bbox 605 688 655 729; x_wconf 89' lang='lat'>14,</span> <span class='ocrx_word' id='word_1_105' title='bbox 679 688 728 721; x_wconf 89' lang='lat'>14.</span> <span class='ocrx_word' id='word_1_106' title='bbox 758 688 809 729; x_wconf 89' lang='grc'>17,</span> <span class='ocrx_word' id='word_1_107' title='bbox 828 687 859 721; x_wconf 87' lang='lat'>3.</span> <span class='ocrx_word' id='word_1_108' title='bbox 885 687 940 728; x_wconf 89' lang='lat'>38,</span> <span class='ocrx_word' id='word_1_109' title='bbox 958 687 991 720; x_wconf 87' lang='lat'>6.</span> <span class='ocrx_word' id='word_1_110' title='bbox 1017 686 1071 728; x_wconf 87' lang='lat'>66,</span> <span class='ocrx_word' id='word_1_111' title='bbox 1090 688 1122 720; x_wconf 90' lang='lat'>2.</span> <span class='ocrx_word' id='word_1_112' title='bbox 1148 685 1202 728; x_wconf 88' lang='grc'>68,</span> <span class='ocrx_word' id='word_1_113' title='bbox 1222 687 1254 719; x_wconf 94' lang='grc'>2.</span> <span class='ocrx_word' id='word_1_114' title='bbox 1279 686 1334 728; x_wconf 88' lang='grc'>91,</span> <span class='ocrx_word' id='word_1_115' title='bbox 1353 686 1385 720; x_wconf 89' lang='lat'>3.</span> <span class='ocrx_word' id='word_1_116' title='bbox 1411 686 1466 727; x_wconf 92' lang='lat'>97,</span> <span class='ocrx_word' id='word_1_117' title='bbox 1477 686 1509 719; x_wconf 89' lang='lat'>3.</span> <span class='ocrx_word' id='word_1_118' title='bbox 1535 687 1570 718; x_wconf 89' lang='lat' dir='ltr'>H</span> <span class='ocrx_word' id='word_1_119' title='bbox 1587 686 1642 719; x_wconf 92' lang='lat' dir='ltr'>III</span> <span class='ocrx_word' id='word_1_120' title='bbox 1662 686 1714 719; x_wconf 90' lang='lat'>12.</span> 
     </span>
     <span class='ocr_line' id='line_1_11' title="bbox 200 733 530 775; baseline 0 -9"><span class='ocrx_word' id='word_1_121' title='bbox 200 734 240 767; x_wconf 90' lang='lat'>15</span> <span class='ocrx_word' id='word_1_122' title='bbox 258 733 384 775; x_wconf 84' lang='lat' dir='ltr'>(luna).</span> <span class='ocrx_word' id='word_1_123' title='bbox 408 735 459 766; x_wconf 92' lang='lat' dir='ltr'>1V</span> <span class='ocrx_word' id='word_1_124' title='bbox 474 733 530 766; x_wconf 90' lang='grc'>41.</span> 
     </span>
    </p>

    <p class='ocr_par' dir='ltr' id='par_1_7' title="bbox 195 775 1759 955">
     <span class='ocr_line' id='line_1_12' title="bbox 241 775 1716 821; baseline -0.002 -10"><span class='ocrx_word' id='word_1_125' title='bbox 241 781 487 811; x_wconf 81' lang='lat' dir='ltr'>testamentum.</span> <span class='ocrx_word' id='word_1_126' title='bbox 518 781 741 811; x_wconf 81' lang='lat' dir='ltr'>testamento</span> <span class='ocrx_word' id='word_1_127' title='bbox 759 779 899 821; x_wconf 86' lang='lat' dir='ltr'>pariter</span> <span class='ocrx_word' id='word_1_128' title='bbox 916 789 996 810; x_wconf 92' lang='lat' dir='ltr'>cum</span> <span class='ocrx_word' id='word_1_129' title='bbox 1014 777 1098 809; x_wconf 81' lang='lat' dir='ltr'>filiis</span> <span class='ocrx_word' id='word_1_130' title='bbox 1115 777 1287 809; x_wconf 81' lang='lat' dir='ltr'>heredem</span> <span class='ocrx_word' id='word_1_131' title='bbox 1305 775 1530 817; x_wconf 88' lang='lat' dir='ltr'>instituitJ9,</span> <span class='ocrx_word' id='word_1_132' title='bbox 1542 776 1574 809; x_wconf 89' lang='lat'>3.</span> <span class='ocrx_word' id='word_1_133' title='bbox 1610 787 1716 818; x_wconf 91' lang='lat' dir='ltr'>quem</span> 
     </span>
     <span class='ocr_line' id='line_1_13' title="bbox 196 821 1759 865; baseline -0.001 -9"><span class='ocrx_word' id='word_1_134' title='bbox 196 825 281 857; x_wconf 90' lang='lat' dir='ltr'>Mic.</span> <span class='ocrx_word' id='word_1_135' title='bbox 305 827 526 856; x_wconf 88' lang='lat' dir='ltr'>testamento</span> <span class='ocrx_word' id='word_1_136' title='bbox 548 824 748 856; x_wconf 89' lang='lat' dir='ltr'>secundum</span> <span class='ocrx_word' id='word_1_137' title='bbox 770 823 942 856; x_wconf 83' lang='lat' dir='ltr'>heredem</span> <span class='ocrx_word' id='word_1_138' title='bbox 967 823 1167 865; x_wconf 80' lang='lat' dir='ltr'>scripserat</span> <span class='ocrx_word' id='word_1_139' title='bbox 1189 823 1211 854; x_wconf 94' lang='lat' dir='ltr'>J</span> <span class='ocrx_word' id='word_1_140' title='bbox 1235 821 1296 862; x_wconf 87' lang='lat'>65,</span> <span class='ocrx_word' id='word_1_141' title='bbox 1325 821 1353 854; x_wconf 92' lang='lat' dir='ltr'>l.</span> <span class='ocrx_word' id='word_1_142' title='bbox 1400 822 1592 864; x_wconf 87' lang='lat' dir='ltr'>provincia</span> <span class='ocrx_word' id='word_1_143' title='bbox 1618 822 1716 864; x_wconf 84' lang='lat' dir='ltr'>regis</span> <span class='ocrx_word' id='word_1_144' title='bbox 1751 856 1759 862; x_wconf 26' lang='lat'><em>⁵</em></span> 
     </span>
     <span class='ocr_line' id='line_1_14' title="bbox 195 866 1716 913; baseline -0.002 -12"><span class='ocrx_word' id='word_1_145' title='bbox 195 870 346 913; x_wconf 83' lang='lat' dir='ltr'>Apionis</span> <span class='ocrx_word' id='word_1_146' title='bbox 370 872 590 902; x_wconf 85' lang='lat' dir='ltr'>testamento</span> <span class='ocrx_word' id='word_1_147' title='bbox 613 869 718 901; x_wconf 84' lang='lat' dir='ltr'>nobis</span> <span class='ocrx_word' id='word_1_148' title='bbox 744 869 832 901; x_wconf 88' lang='lat' dir='ltr'>data</span> <span class='ocrx_word' id='word_1_149' title='bbox 855 869 890 900; x_wconf 88' lang='lat' dir='ltr'>H</span> <span class='ocrx_word' id='word_1_150' title='bbox 914 869 949 900; x_wconf 94' lang='lat' dir='ltr'>II</span> <span class='ocrx_word' id='word_1_151' title='bbox 973 867 1027 900; x_wconf 89' lang='lat'>39.</span> <span class='ocrx_word' id='word_1_152' title='bbox 1070 867 1239 899; x_wconf 85' lang='lat' dir='ltr'>simulato</span> <span class='ocrx_word' id='word_1_153' title='bbox 1258 867 1357 908; x_wconf 92' lang='lat' dir='ltr'>inpio</span> <span class='ocrx_word' id='word_1_154' title='bbox 1374 869 1594 899; x_wconf 88' lang='lat' dir='ltr'>testamento</span> <span class='ocrx_word' id='word_1_155' title='bbox 1612 866 1648 898; x_wconf 98' lang='lat' dir='ltr'>H</span> <span class='ocrx_word' id='word_1_156' title='bbox 1664 867 1716 898; x_wconf 92' lang='lat' dir='ltr'>IV</span> 
     </span>
     <span class='ocr_line' id='line_1_15' title="bbox 196 914 309 955; baseline 0 -8"><span class='ocrx_word' id='word_1_157' title='bbox 196 914 258 955; x_wconf 89' lang='lat'>61,</span> <span class='ocrx_word' id='word_1_158' title='bbox 278 914 309 947; x_wconf 91' lang='grc'><strong>8.</strong></span> 
     </span>
    </p>

    <p class='ocr_par' dir='ltr' id='par_1_8' title="bbox 196 955 1716 1091">
     <span class='ocr_line' id='line_1_16' title="bbox 239 955 1715 1001; baseline -0.003 -9"><span class='ocrx_word' id='word_1_159' title='bbox 239 961 350 992; x_wconf 74' lang='lat' dir='ltr'>tentis.</span> <span class='ocrx_word' id='word_1_160' title='bbox 383 971 427 992; x_wconf 82' lang='lat' dir='ltr'>ex</span> <span class='ocrx_word' id='word_1_161' title='bbox 443 959 517 991; x_wconf 91' lang='lat' dir='ltr'>illis</span> <span class='ocrx_word' id='word_1_162' title='bbox 533 960 640 991; x_wconf 84' lang='lat' dir='ltr'>testis</span> <span class='ocrx_word' id='word_1_163' title='bbox 665 959 908 1001; x_wconf 84' lang='lat' dir='ltr'>signatoresq.</span> <span class='ocrx_word' id='word_1_164' title='bbox 937 958 1050 990; x_wconf 87' lang='lat' dir='ltr'>falsos</span> <span class='ocrx_word' id='word_1_165' title='bbox 1068 956 1295 989; x_wconf 86' lang='lat' dir='ltr'>commodare</span> <span class='ocrx_word' id='word_1_166' title='bbox 1315 956 1341 988; x_wconf 83' lang='lat' dir='ltr'>C</span> <span class='ocrx_word' id='word_1_167' title='bbox 1364 955 1421 996; x_wconf 88' lang='grc'>16,</span> <span class='ocrx_word' id='word_1_168' title='bbox 1443 955 1473 990; x_wconf 88' lang='grc'>1.</span> <span class='ocrx_word' id='word_1_169' title='bbox 1513 956 1637 989; x_wconf 89' lang='lat' dir='ltr'>Iovem</span> <span class='ocrx_word' id='word_1_170' title='bbox 1654 956 1715 988; x_wconf 93' lang='lat' dir='ltr'>ob-</span> 
     </span>
     <span class='ocr_line' id='line_1_17' title="bbox 196 1000 1716 1046; baseline -0.003 -9"><span class='ocrx_word' id='word_1_171' title='bbox 196 1008 354 1038; x_wconf 84' lang='lat' dir='ltr'>testatus</span> <span class='ocrx_word' id='word_1_172' title='bbox 367 1008 407 1037; x_wconf 86' lang='lat' dir='ltr'>ut</span> <span class='ocrx_word' id='word_1_173' title='bbox 424 1004 575 1037; x_wconf 86' lang='lat' dir='ltr'>sceleris</span> <span class='ocrx_word' id='word_1_174' title='bbox 594 1007 666 1046; x_wconf 84' lang='lat' dir='ltr'>atq.</span> <span class='ocrx_word' id='word_1_175' title='bbox 686 1003 861 1046; x_wconf 88' lang='lat' dir='ltr'>perfidiae</span> <span class='ocrx_word' id='word_1_176' title='bbox 873 1003 1012 1036; x_wconf 87' lang='lat' dir='ltr'>Bocchi</span> <span class='ocrx_word' id='word_1_177' title='bbox 1029 1002 1135 1035; x_wconf 85' lang='lat' dir='ltr'>testis</span> <span class='ocrx_word' id='word_1_178' title='bbox 1154 1002 1300 1034; x_wconf 85' lang='lat' dir='ltr'>adesset</span> <span class='ocrx_word' id='word_1_179' title='bbox 1317 1001 1340 1033; x_wconf 88' lang='lat' dir='ltr'><strong>J</strong></span> <span class='ocrx_word' id='word_1_180' title='bbox 1352 1000 1425 1041; x_wconf 89' lang='lat'>107,</span> <span class='ocrx_word' id='word_1_181' title='bbox 1438 1001 1470 1033; x_wconf 90' lang='grc'><strong>2.</strong></span> <span class='ocrx_word' id='word_1_182' title='bbox 1504 1001 1606 1033; x_wconf 84' lang='lat' dir='ltr'>illum</span> <span class='ocrx_word' id='word_1_183' title='bbox 1622 1001 1716 1033; x_wconf 89' lang='lat' dir='ltr'>nihil</span> 
     </span>
     <span class='ocr_line' id='line_1_18' title="bbox 197 1047 1105 1091; baseline -0.003 -9"><span class='ocrx_word' id='word_1_184' title='bbox 197 1061 376 1090; x_wconf 87' lang='lat' dir='ltr'>ausurum,</span> <span class='ocrx_word' id='word_1_185' title='bbox 397 1060 478 1082; x_wconf 90' lang='lat' dir='ltr'>cum</span> <span class='ocrx_word' id='word_1_186' title='bbox 495 1050 574 1091; x_wconf 90' lang='lat' dir='ltr'>ipse</span> <span class='ocrx_word' id='word_1_187' title='bbox 596 1065 630 1071; x_wconf 86' lang='lat'>——</span> <span class='ocrx_word' id='word_1_188' title='bbox 652 1049 756 1081; x_wconf 86' lang='lat' dir='ltr'>testis</span> <span class='ocrx_word' id='word_1_189' title='bbox 775 1049 921 1080; x_wconf 79' lang='lat' dir='ltr'>adesset</span> <span class='ocrx_word' id='word_1_190' title='bbox 938 1048 961 1080; x_wconf 90' lang='lat' dir='ltr'><strong>J</strong></span> <span class='ocrx_word' id='word_1_191' title='bbox 982 1047 1054 1088; x_wconf 89' lang='lat'>107,</span> <span class='ocrx_word' id='word_1_192' title='bbox 1073 1048 1105 1079; x_wconf 88' lang='lat'>4.</span> 
     </span>
    </p>

    <p class='ocr_par' dir='ltr' id='par_1_9' title="bbox 196 1090 1716 1225">
     <span class='ocr_line' id='line_1_19' title="bbox 239 1090 1714 1136; baseline -0.002 -9"><span class='ocrx_word' id='word_1_193' title='bbox 239 1097 358 1127; x_wconf 82' lang='lat' dir='ltr'>testor.</span> <span class='ocrx_word' id='word_1_194' title='bbox 395 1095 483 1127; x_wconf 87' lang='lat' dir='ltr'>deos</span> <span class='ocrx_word' id='word_1_195' title='bbox 506 1095 704 1136; x_wconf 88' lang='lat' dir='ltr'>hominesq.</span> <span class='ocrx_word' id='word_1_196' title='bbox 730 1097 925 1133; x_wconf 79' lang='lat' dir='ltr'>testamur,</span> <span class='ocrx_word' id='word_1_197' title='bbox 950 1103 1015 1125; x_wconf 91' lang='lat' dir='ltr'>nos</span> <span class='ocrx_word' id='word_1_198' title='bbox 1039 1109 1082 1114; x_wconf 82' lang='lat'>—</span> <span class='ocrx_word' id='word_1_199' title='bbox 1100 1093 1243 1134; x_wconf 84' lang='lat' dir='ltr'>cepisse</span> <span class='ocrx_word' id='word_1_200' title='bbox 1262 1091 1289 1124; x_wconf 81' lang='lat' dir='ltr'>C</span> <span class='ocrx_word' id='word_1_201' title='bbox 1308 1090 1367 1132; x_wconf 87' lang='lat'>33,</span> <span class='ocrx_word' id='word_1_202' title='bbox 1390 1091 1420 1123; x_wconf 92' lang='lat'>1.</span> <span class='ocrx_word' id='word_1_203' title='bbox 1461 1092 1593 1123; x_wconf 87' lang='lat' dir='ltr'>testari</span> <span class='ocrx_word' id='word_1_204' title='bbox 1616 1091 1714 1131; x_wconf 82' lang='lat' dir='ltr'>deos,</span> 
     </span>
     <span class='ocr_line' id='line_1_20' title="bbox 196 1136 1716 1183; baseline -0.003 -10"><span class='ocrx_word' id='word_1_205' title='bbox 196 1152 261 1183; x_wconf 90' lang='lat' dir='ltr'>per</span> <span class='ocrx_word' id='word_1_206' title='bbox 283 1151 371 1183; x_wconf 85' lang='lat' dir='ltr'>quos</span> <span class='ocrx_word' id='word_1_207' title='bbox 395 1140 593 1173; x_wconf 87' lang='lat' dir='ltr'>iuravisset</span> <span class='ocrx_word' id='word_1_208' title='bbox 610 1139 633 1172; x_wconf 89' lang='lat' dir='ltr'><strong>J</strong></span> <span class='ocrx_word' id='word_1_209' title='bbox 651 1138 710 1179; x_wconf 83' lang='lat'>70,</span> <span class='ocrx_word' id='word_1_210' title='bbox 730 1139 763 1174; x_wconf 85' lang='lat'>5.</span> <span class='ocrx_word' id='word_1_211' title='bbox 813 1149 857 1171; x_wconf 86' lang='lat' dir='ltr'>ea</span> <span class='ocrx_word' id='word_1_212' title='bbox 882 1149 974 1180; x_wconf 87' lang='lat' dir='ltr'>quae</span> <span class='ocrx_word' id='word_1_213' title='bbox 1001 1138 1171 1170; x_wconf 86' lang='lat' dir='ltr'>accidere</span> <span class='ocrx_word' id='word_1_214' title='bbox 1195 1139 1371 1169; x_wconf 89' lang='lat' dir='ltr'>testatum</span> <span class='ocrx_word' id='word_1_215' title='bbox 1396 1138 1506 1169; x_wconf 84' lang='lat' dir='ltr'>antea</span> <span class='ocrx_word' id='word_1_216' title='bbox 1529 1136 1716 1168; x_wconf 82' lang='lat' dir='ltr'>Cretensis</span> 
     </span>
     <span class='ocr_line' id='line_1_21' title="bbox 196 1184 844 1225; baseline -0.005 -7"><span class='ocrx_word' id='word_1_217' title='bbox 196 1186 231 1218; x_wconf 89' lang='lat' dir='ltr'>H</span> <span class='ocrx_word' id='word_1_218' title='bbox 248 1187 299 1218; x_wconf 92' lang='lat' dir='ltr'>IV</span> <span class='ocrx_word' id='word_1_219' title='bbox 315 1185 369 1225; x_wconf 86' lang='lat'>61,</span> <span class='ocrx_word' id='word_1_220' title='bbox 392 1184 443 1217; x_wconf 89' lang='lat'>10.</span> <span class='ocrx_word' id='word_1_221' title='bbox 841 1205 844 1209; x_wconf 80' lang='lat'><em>,</em></span> 
     </span>
    </p>

    <p class='ocr_par' dir='ltr' id='par_1_10' title="bbox 239 1227 1085 1267">
     <span class='ocr_line' id='line_1_22' title="bbox 239 1227 1085 1267; baseline -0.005 -4"><span class='ocrx_word' id='word_1_222' title='bbox 239 1232 384 1263; x_wconf 77' lang='lat' dir='ltr'>testudo.</span> <span class='ocrx_word' id='word_1_223' title='bbox 418 1230 602 1263; x_wconf 88' lang='lat' dir='ltr'>testudine</span> <span class='ocrx_word' id='word_1_224' title='bbox 621 1232 705 1261; x_wconf 86' lang='lat' dir='ltr'>acta</span> <span class='ocrx_word' id='word_1_225' title='bbox 723 1228 921 1261; x_wconf 84' lang='lat' dir='ltr'>succedere</span> <span class='ocrx_word' id='word_1_226' title='bbox 939 1229 963 1260; x_wconf 93' lang='lat' dir='ltr'>J</span> <span class='ocrx_word' id='word_1_227' title='bbox 979 1227 1034 1267; x_wconf 90' lang='lat'>94,</span> <span class='ocrx_word' id='word_1_228' title='bbox 1053 1227 1085 1260; x_wconf 88' lang='lat'>3.</span> 
     </span>
    </p>

    <p class='ocr_par' dir='ltr' id='par_1_11' title="bbox 239 1271 1242 1317">
     <span class='ocr_line' id='line_1_23' title="bbox 239 1271 1242 1317; baseline -0.005 -9"><span class='ocrx_word' id='word_1_229' title='bbox 239 1276 422 1308; x_wconf 78' lang='lat' dir='ltr'>tetrarcha.</span> <span class='ocrx_word' id='word_1_230' title='bbox 453 1285 560 1317; x_wconf 84' lang='lat' dir='ltr'>reges</span> <span class='ocrx_word' id='word_1_231' title='bbox 578 1274 787 1307; x_wconf 83' lang='lat' dir='ltr'>tetrarchae</span> <span class='ocrx_word' id='word_1_232' title='bbox 807 1273 833 1305; x_wconf 88' lang='lat' dir='ltr'>C</span> <span class='ocrx_word' id='word_1_233' title='bbox 852 1272 906 1313; x_wconf 88' lang='lat'>20,</span> <span class='ocrx_word' id='word_1_234' title='bbox 926 1273 945 1304; x_wconf 89' lang='grc'>7</span> <span class='ocrx_word' id='word_1_235' title='bbox 963 1275 1049 1306; x_wconf 82' lang='lat' dir='ltr'>conl.</span> <span class='ocrx_word' id='word_1_236' title='bbox 1069 1273 1104 1304; x_wconf 90' lang='lat' dir='ltr'>H</span> <span class='ocrx_word' id='word_1_237' title='bbox 1120 1273 1170 1304; x_wconf 93' lang='lat' dir='ltr'>IV</span> <span class='ocrx_word' id='word_1_238' title='bbox 1187 1271 1242 1304; x_wconf 92' lang='lat'>49.</span> 
     </span>
    </p>

    <p class='ocr_par' dir='ltr' id='par_1_12' title="bbox 239 1315 1494 1361">
     <span class='ocr_line' id='line_1_24' title="bbox 239 1315 1494 1361; baseline -0.004 -8"><span class='ocrx_word' id='word_1_239' title='bbox 239 1320 435 1353; x_wconf 75' lang='lat' dir='ltr'>tetrarchia.</span> <span class='ocrx_word' id='word_1_240' title='bbox 467 1320 667 1352; x_wconf 88' lang='lat' dir='ltr'>diiunctum</span> <span class='ocrx_word' id='word_1_241' title='bbox 684 1319 806 1361; x_wconf 89' lang='lat' dir='ltr'>undiq.</span> <span class='ocrx_word' id='word_1_242' title='bbox 826 1318 949 1361; x_wconf 80' lang='lat' dir='ltr'>regnis</span> <span class='ocrx_word' id='word_1_243' title='bbox 968 1321 1004 1350; x_wconf 89' lang='lat' dir='ltr'>et</span> <span class='ocrx_word' id='word_1_244' title='bbox 1020 1317 1230 1350; x_wconf 84' lang='lat' dir='ltr'>tetrarchiis</span> <span class='ocrx_word' id='word_1_245' title='bbox 1248 1317 1283 1348; x_wconf 96' lang='lat' dir='ltr'>H</span> <span class='ocrx_word' id='word_1_246' title='bbox 1300 1317 1349 1349; x_wconf 91' lang='lat' dir='ltr'>IV</span> <span class='ocrx_word' id='word_1_247' title='bbox 1365 1315 1420 1357; x_wconf 90' lang='lat'>61,</span> <span class='ocrx_word' id='word_1_248' title='bbox 1442 1315 1494 1349; x_wconf 91' lang='grc'><strong>10.</strong></span> 
     </span>
    </p>

    <p class='ocr_par' dir='ltr' id='par_1_13' title="bbox 239 1360 1484 1405">
     <span class='ocr_line' id='line_1_25' title="bbox 239 1360 1484 1405; baseline -0.005 -7"><span class='ocrx_word' id='word_1_249' title='bbox 239 1367 346 1398; x_wconf 81' lang='lat' dir='ltr'>Thala</span> <span class='ocrx_word' id='word_1_250' title='bbox 362 1366 385 1398; x_wconf 92' lang='lat' dir='ltr'>J</span> <span class='ocrx_word' id='word_1_251' title='bbox 403 1365 456 1397; x_wconf 91' lang='lat'>75.</span> <span class='ocrx_word' id='word_1_252' title='bbox 481 1364 537 1405; x_wconf 90' lang='lat'>89,</span> <span class='ocrx_word' id='word_1_253' title='bbox 555 1363 588 1396; x_wconf 90' lang='lat'>6.</span> <span class='ocrx_word' id='word_1_254' title='bbox 1478 1360 1484 1365; x_wconf 84' lang='grc'><strong>“</strong></span> 
     </span>
    </p>

    <p class='ocr_par' dir='ltr' id='par_1_14' title="bbox 239 1410 537 1442">
     <span class='ocr_line' id='line_1_26' title="bbox 239 1410 537 1442; baseline -0.003 0"><span class='ocrx_word' id='word_1_255' title='bbox 239 1412 386 1442; x_wconf 77' lang='lat' dir='ltr'>Tharros</span> <span class='ocrx_word' id='word_1_256' title='bbox 402 1411 437 1442; x_wconf 89' lang='lat' dir='ltr'>H</span> <span class='ocrx_word' id='word_1_257' title='bbox 453 1411 488 1442; x_wconf 90' lang='lat' dir='ltr'>H</span> <span class='ocrx_word' id='word_1_258' title='bbox 505 1410 537 1441; x_wconf 90' lang='lat'>7.</span> 
     </span>
    </p>
   </div>
   <div class='ocr_carea' id='block_1_4' title="bbox 239 1453 1713 1541">
    <p class='ocr_par' dir='ltr' id='par_1_15' title="bbox 239 1453 1713 1541">
     <span class='ocr_line' id='line_1_27' title="bbox 239 1453 790 1496; baseline -0.002 -10"><span class='ocrx_word' id='word_1_259' title='bbox 239 1455 459 1495; x_wconf 75' lang='lat' dir='ltr'>Themiscyrii</span> <span class='ocrx_word' id='word_1_260' title='bbox 479 1454 599 1496; x_wconf 88' lang='lat' dir='ltr'>campi</span> <span class='ocrx_word' id='word_1_261' title='bbox 615 1454 651 1485; x_wconf 92' lang='lat' dir='ltr'>H</span> <span class='ocrx_word' id='word_1_262' title='bbox 668 1455 720 1486; x_wconf 95' lang='lat' dir='ltr'>III</span> <span class='ocrx_word' id='word_1_263' title='bbox 737 1453 790 1485; x_wconf 90' lang='lat'>49.</span> 
     </span>
     <span class='ocr_line' id='line_1_28' title="bbox 240 1496 1713 1541; baseline -0.002 -9"><span class='ocrx_word' id='word_1_264' title='bbox 240 1501 444 1532; x_wconf 76' lang='lat' dir='ltr'>thensaurus</span> <span class='ocrx_word' id='word_1_265' title='bbox 469 1499 556 1541; x_wconf 82' lang='lat' dir='ltr'>(cfr.</span> <span class='ocrx_word' id='word_1_266' title='bbox 575 1510 646 1531; x_wconf 82' lang='lat' dir='ltr'>var.</span> <span class='ocrx_word' id='word_1_267' title='bbox 664 1510 731 1531; x_wconf 77' lang='lat' dir='ltr'>scr.</span> <span class='ocrx_word' id='word_1_268' title='bbox 751 1499 775 1530; x_wconf 98' lang='lat' dir='ltr'>J</span> <span class='ocrx_word' id='word_1_269' title='bbox 796 1497 852 1537; x_wconf 90' lang='grc'>10,</span> <span class='ocrx_word' id='word_1_270' title='bbox 873 1498 905 1529; x_wconf 90' lang='lat'>4.</span> <span class='ocrx_word' id='word_1_271' title='bbox 932 1497 992 1538; x_wconf 89' lang='lat'>37,</span> <span class='ocrx_word' id='word_1_272' title='bbox 1012 1498 1045 1529; x_wconf 92' lang='lat'>4.</span> <span class='ocrx_word' id='word_1_273' title='bbox 1071 1497 1133 1536; x_wconf 85' lang='lat'>75,</span> <span class='ocrx_word' id='word_1_274' title='bbox 1155 1496 1198 1537; x_wconf 89' lang='lat'>1).</span> <span class='ocrx_word' id='word_1_275' title='bbox 1233 1507 1318 1528; x_wconf 92' lang='lat' dir='ltr'>num</span> <span class='ocrx_word' id='word_1_276' title='bbox 1343 1496 1481 1528; x_wconf 88' lang='lat' dir='ltr'>somnio</span> <span class='ocrx_word' id='word_1_277' title='bbox 1504 1496 1713 1534; x_wconf 83' lang='lat' dir='ltr'>ostendere-</span> 
     </span>
    </p>
   </div>
   <div class='ocr_carea' id='block_1_5' title="bbox 191 1541 1716 2934">
    <p class='ocr_par' dir='ltr' id='par_1_16' title="bbox 192 1541 1716 1758">
     <span class='ocr_line' id='line_1_29' title="bbox 194 1541 1714 1584; baseline -0.003 -7"><span class='ocrx_word' id='word_1_278' title='bbox 194 1548 253 1577; x_wconf 89' lang='lat' dir='ltr'>tur</span> <span class='ocrx_word' id='word_1_279' title='bbox 275 1545 494 1577; x_wconf 84' lang='lat' dir='ltr'>thensaurus</span> <span class='ocrx_word' id='word_1_280' title='bbox 521 1545 554 1575; x_wconf 91' lang='lat' dir='ltr'>H</span> <span class='ocrx_word' id='word_1_281' title='bbox 572 1545 624 1576; x_wconf 93' lang='grc' dir='ltr'>ΙΙΙ</span> <span class='ocrx_word' id='word_1_282' title='bbox 646 1543 699 1575; x_wconf 91' lang='lat'>78.</span> <span class='ocrx_word' id='word_1_283' title='bbox 742 1554 813 1575; x_wconf 94' lang='lat' dir='ltr'>non</span> <span class='ocrx_word' id='word_1_284' title='bbox 838 1543 1019 1575; x_wconf 81' lang='lat' dir='ltr'>exercitus</span> <span class='ocrx_word' id='word_1_285' title='bbox 1043 1552 1125 1584; x_wconf 89' lang='lat' dir='ltr'>neq.</span> <span class='ocrx_word' id='word_1_286' title='bbox 1152 1541 1341 1573; x_wconf 86' lang='lat' dir='ltr'>thensauri</span> <span class='ocrx_word' id='word_1_287' title='bbox 1364 1541 1588 1573; x_wconf 80' lang='lat' dir='ltr'>munimenta</span> <span class='ocrx_word' id='word_1_288' title='bbox 1611 1542 1714 1584; x_wconf 81' lang='lat' dir='ltr'>regni</span> 
     </span>
     <span class='ocr_line' id='line_1_30' title="bbox 194 1585 1715 1630; baseline -0.003 -7"><span class='ocrx_word' id='word_1_289' title='bbox 194 1594 279 1623; x_wconf 91' lang='lat' dir='ltr'>sunt</span> <span class='ocrx_word' id='word_1_290' title='bbox 294 1590 318 1622; x_wconf 90' lang='lat' dir='ltr'><strong>J</strong></span> <span class='ocrx_word' id='word_1_291' title='bbox 337 1589 391 1630; x_wconf 88' lang='lat'>10,</span> <span class='ocrx_word' id='word_1_292' title='bbox 409 1590 441 1622; x_wconf 91' lang='lat'>4.</span> <span class='ocrx_word' id='word_1_293' title='bbox 483 1589 596 1622; x_wconf 88' lang='lat' dir='ltr'>dividi</span> <span class='ocrx_word' id='word_1_294' title='bbox 613 1589 831 1620; x_wconf 84' lang='lat' dir='ltr'>thensauros</span> <span class='ocrx_word' id='word_1_295' title='bbox 847 1589 870 1620; x_wconf 87' lang='lat' dir='ltr'><strong>J</strong></span> <span class='ocrx_word' id='word_1_296' title='bbox 891 1587 947 1628; x_wconf 88' lang='grc'>12,</span> <span class='ocrx_word' id='word_1_297' title='bbox 971 1587 999 1618; x_wconf 95' lang='grc'>1.</span> <span class='ocrx_word' id='word_1_298' title='bbox 1041 1587 1124 1619; x_wconf 85' lang='lat' dir='ltr'>loca</span> <span class='ocrx_word' id='word_1_299' title='bbox 1148 1597 1323 1629; x_wconf 81' lang='lat' dir='ltr'>proxuma</span> <span class='ocrx_word' id='word_1_300' title='bbox 1342 1585 1547 1618; x_wconf 86' lang='lat' dir='ltr'>thensauris</span> <span class='ocrx_word' id='word_1_301' title='bbox 1563 1586 1587 1618; x_wconf 92' lang='lat' dir='ltr'><strong>J</strong></span> <span class='ocrx_word' id='word_1_302' title='bbox 1607 1586 1664 1627; x_wconf 91' lang='lat'>12,</span> <span class='ocrx_word' id='word_1_303' title='bbox 1683 1586 1715 1619; x_wconf 94' lang='grc'>2.</span> 
     </span>
     <span class='ocr_line' id='line_1_31' title="bbox 192 1630 1714 1678; baseline -0.003 -10"><span class='ocrx_word' id='word_1_304' title='bbox 192 1636 256 1668; x_wconf 92' lang='lat' dir='ltr'>ubi</span> <span class='ocrx_word' id='word_1_305' title='bbox 279 1636 378 1678; x_wconf 84' lang='lat' dir='ltr'>regis</span> <span class='ocrx_word' id='word_1_306' title='bbox 401 1634 589 1667; x_wconf 88' lang='lat' dir='ltr'>thensauri</span> <span class='ocrx_word' id='word_1_307' title='bbox 614 1632 719 1665; x_wconf 84' lang='lat' dir='ltr'>erant</span> <span class='ocrx_word' id='word_1_308' title='bbox 735 1634 758 1665; x_wconf 93' lang='lat' dir='ltr'><strong>J</strong></span> <span class='ocrx_word' id='word_1_309' title='bbox 775 1632 836 1671; x_wconf 87' lang='grc'>37,</span> <span class='ocrx_word' id='word_1_310' title='bbox 857 1632 889 1665; x_wconf 88' lang='lat'>3.</span> <span class='ocrx_word' id='word_1_311' title='bbox 930 1633 974 1664; x_wconf 93' lang='lat' dir='ltr'>ob</span> <span class='ocrx_word' id='word_1_312' title='bbox 1001 1632 1218 1664; x_wconf 89' lang='lat' dir='ltr'>thensauros</span> <span class='ocrx_word' id='word_1_313' title='bbox 1244 1631 1368 1673; x_wconf 88' lang='lat' dir='ltr'>oppidi</span> <span class='ocrx_word' id='word_1_314' title='bbox 1387 1631 1552 1673; x_wconf 87' lang='lat' dir='ltr'>potiundi</span> <span class='ocrx_word' id='word_1_315' title='bbox 1568 1631 1591 1663; x_wconf 89' lang='lat' dir='ltr'><strong>J</strong></span> <span class='ocrx_word' id='word_1_316' title='bbox 1608 1630 1663 1672; x_wconf 88' lang='lat'>37,</span> <span class='ocrx_word' id='word_1_317' title='bbox 1681 1631 1714 1663; x_wconf 89' lang='lat'>4.</span> 
     </span>
     <span class='ocr_line' id='line_1_32' title="bbox 193 1675 1716 1722; baseline -0.003 -10"><span class='ocrx_word' id='word_1_318' title='bbox 193 1681 258 1712; x_wconf 86' lang='lat' dir='ltr'>ubi</span> <span class='ocrx_word' id='word_1_319' title='bbox 280 1680 411 1722; x_wconf 87' lang='lat' dir='ltr'>pleriq.</span> <span class='ocrx_word' id='word_1_320' title='bbox 437 1679 627 1711; x_wconf 87' lang='lat' dir='ltr'>thensauri</span> <span class='ocrx_word' id='word_1_321' title='bbox 653 1682 758 1710; x_wconf 89' lang='lat' dir='ltr'>erant</span> <span class='ocrx_word' id='word_1_322' title='bbox 780 1678 804 1709; x_wconf 90' lang='lat' dir='ltr'>J</span> <span class='ocrx_word' id='word_1_323' title='bbox 827 1678 888 1718; x_wconf 88' lang='lat'>75,</span> <span class='ocrx_word' id='word_1_324' title='bbox 913 1677 925 1707; x_wconf 92' lang='lat' dir='ltr'>l</span> <span class='ocrx_word' id='word_1_325' title='bbox 952 1679 1036 1709; x_wconf 83' lang='lat' dir='ltr'>conl.</span> <span class='ocrx_word' id='word_1_326' title='bbox 1061 1675 1122 1717; x_wconf 90' lang='lat'>92,</span> <span class='ocrx_word' id='word_1_327' title='bbox 1147 1675 1179 1708; x_wconf 90' lang='grc'><strong>6.</strong></span> <span class='ocrx_word' id='word_1_328' title='bbox 1228 1675 1414 1708; x_wconf 83' lang='lat' dir='ltr'>custodias</span> <span class='ocrx_word' id='word_1_329' title='bbox 1438 1676 1716 1708; x_wconf 86' lang='lat' dir='ltr'>thensaurorum</span> 
     </span>
     <span class='ocr_line' id='line_1_33' title="bbox 193 1722 1015 1758; baseline -0.005 0"><span class='ocrx_word' id='word_1_330' title='bbox 193 1727 229 1757; x_wconf 91' lang='lat' dir='ltr'><strong>H</strong></span> <span class='ocrx_word' id='word_1_331' title='bbox 245 1726 299 1757; x_wconf 93' lang='lat' dir='ltr'>III</span> <span class='ocrx_word' id='word_1_332' title='bbox 317 1725 371 1758; x_wconf 90' lang='lat'>35.</span> <span class='ocrx_word' id='word_1_333' title='bbox 414 1725 532 1757; x_wconf 87' lang='lat' dir='ltr'>tenuit</span> <span class='ocrx_word' id='word_1_334' title='bbox 549 1725 590 1756; x_wconf 89' lang='lat' dir='ltr'>L.</span> <span class='ocrx_word' id='word_1_335' title='bbox 612 1723 826 1755; x_wconf 81' lang='lat' dir='ltr'>thensauros</span> <span class='ocrx_word' id='word_1_336' title='bbox 843 1723 878 1754; x_wconf 91' lang='lat' dir='ltr'>H</span> <span class='ocrx_word' id='word_1_337' title='bbox 894 1723 944 1754; x_wconf 91' lang='lat' dir='ltr'>IV</span> <span class='ocrx_word' id='word_1_338' title='bbox 961 1722 1015 1754; x_wconf 84' lang='grc'><strong>47.</strong></span> 
     </span>
    </p>

    <p class='ocr_par' dir='ltr' id='par_1_17' title="bbox 238 1769 492 1803">
     <span class='ocr_line' id='line_1_34' title="bbox 238 1769 492 1803; baseline -0.004 -1"><span class='ocrx_word' id='word_1_339' title='bbox 238 1771 381 1802; x_wconf 79' lang='lat' dir='ltr'>Theraei</span> <span class='ocrx_word' id='word_1_340' title='bbox 396 1771 420 1803; x_wconf 91' lang='lat' dir='ltr'>J</span> <span class='ocrx_word' id='word_1_341' title='bbox 442 1769 492 1802; x_wconf 90' lang='lat'>19.</span> 
     </span>
    </p>

    <p class='ocr_par' dir='ltr' id='par_1_18' title="bbox 237 1814 514 1847">
     <span class='ocr_line' id='line_1_35' title="bbox 237 1814 514 1847; baseline -0.007 0"><span class='ocrx_word' id='word_1_342' title='bbox 237 1815 443 1847; x_wconf 82' lang='lat' dir='ltr'>ThirmidaJ</span> <span class='ocrx_word' id='word_1_343' title='bbox 463 1814 514 1846; x_wconf 93' lang='lat'>12.</span> 
     </span>
    </p>

    <p class='ocr_par' dir='ltr' id='par_1_19' title="bbox 238 1858 734 1899">
     <span class='ocr_line' id='line_1_36' title="bbox 238 1858 734 1899; baseline -0.006 -7"><span class='ocrx_word' id='word_1_344' title='bbox 238 1861 435 1899; x_wconf 73' lang='lat' dir='ltr'>Thoranius,</span> <span class='ocrx_word' id='word_1_345' title='bbox 453 1860 488 1892; x_wconf 82' lang='lat' dir='ltr'>G.</span> <span class='ocrx_word' id='word_1_346' title='bbox 504 1860 539 1891; x_wconf 93' lang='lat' dir='ltr'>H</span> <span class='ocrx_word' id='word_1_347' title='bbox 557 1859 611 1891; x_wconf 92' lang='lat' dir='ltr'>III</span> <span class='ocrx_word' id='word_1_348' title='bbox 627 1858 683 1898; x_wconf 87' lang='grc'>67,</span> <span class='ocrx_word' id='word_1_349' title='bbox 702 1859 734 1890; x_wconf 89' lang='grc'>2.</span> 
     </span>
    </p>

    <p class='ocr_par' dir='ltr' id='par_1_20' title="bbox 237 1900 1136 1942">
     <span class='ocr_line' id='line_1_37' title="bbox 237 1900 1136 1942; baseline -0.004 -5"><span class='ocrx_word' id='word_1_350' title='bbox 237 1907 358 1937; x_wconf 81' lang='lat' dir='ltr'>Thrax.</span> <span class='ocrx_word' id='word_1_351' title='bbox 390 1916 470 1938; x_wconf 88' lang='lat' dir='ltr'>cum</span> <span class='ocrx_word' id='word_1_352' title='bbox 488 1904 628 1936; x_wconf 88' lang='lat' dir='ltr'>duabus</span> <span class='ocrx_word' id='word_1_353' title='bbox 645 1903 771 1935; x_wconf 88' lang='lat' dir='ltr'>turmis</span> <span class='ocrx_word' id='word_1_354' title='bbox 789 1903 971 1935; x_wconf 85' lang='lat' dir='ltr'>Thracum</span> <span class='ocrx_word' id='word_1_355' title='bbox 989 1902 1012 1934; x_wconf 91' lang='lat' dir='ltr'>J</span> <span class='ocrx_word' id='word_1_356' title='bbox 1029 1900 1084 1942; x_wconf 87' lang='lat'>38,</span> <span class='ocrx_word' id='word_1_357' title='bbox 1103 1900 1136 1933; x_wconf 88' lang='lat'>6.</span> 
     </span>
    </p>

    <p class='ocr_par' dir='ltr' id='par_1_21' title="bbox 238 1948 643 1991">
     <span class='ocr_line' id='line_1_38' title="bbox 238 1948 643 1991; baseline 0 -9"><span class='ocrx_word' id='word_1_358' title='bbox 238 1951 403 1991; x_wconf 76' lang='lat' dir='ltr'>Tigranes</span> <span class='ocrx_word' id='word_1_359' title='bbox 419 1951 455 1982; x_wconf 90' lang='lat' dir='ltr'>H</span> <span class='ocrx_word' id='word_1_360' title='bbox 471 1951 521 1982; x_wconf 94' lang='lat' dir='ltr'>IV</span> <span class='ocrx_word' id='word_1_361' title='bbox 537 1948 592 1990; x_wconf 82' lang='lat'>61,</span> <span class='ocrx_word' id='word_1_362' title='bbox 612 1948 643 1982; x_wconf 85' lang='lat'>3.</span> 
     </span>
    </p>

    <p class='ocr_par' dir='ltr' id='par_1_22' title="bbox 238 1995 542 2036">
     <span class='ocr_line' id='line_1_39' title="bbox 238 1995 542 2036; baseline -0.003 -9"><span class='ocrx_word' id='word_1_363' title='bbox 238 1996 352 2036; x_wconf 82' lang='lat' dir='ltr'>Tigris</span> <span class='ocrx_word' id='word_1_364' title='bbox 370 1996 405 2027; x_wconf 87' lang='lat' dir='ltr'>H</span> <span class='ocrx_word' id='word_1_365' title='bbox 421 1995 473 2027; x_wconf 86' lang='lat' dir='ltr'>IV·</span> <span class='ocrx_word' id='word_1_366' title='bbox 487 1995 542 2026; x_wconf 89' lang='lat'>52.</span> 
     </span>
    </p>

    <p class='ocr_par' dir='ltr' id='par_1_23' title="bbox 192 2035 1716 2575">
     <span class='ocr_line' id='line_1_40' title="bbox 237 2035 1715 2081; baseline -0.002 -9"><span class='ocrx_word' id='word_1_367' title='bbox 237 2042 360 2072; x_wconf 86' lang='lat' dir='ltr'>timeo.·</span> <span class='ocrx_word' id='word_1_368' title='bbox 380 2041 433 2072; x_wconf 92' lang='lat' dir='ltr'>eis</span> <span class='ocrx_word' id='word_1_369' title='bbox 451 2049 654 2072; x_wconf 87' lang='lat' dir='ltr'>maxumum</span> <span class='ocrx_word' id='word_1_370' title='bbox 673 2038 875 2081; x_wconf 88' lang='lat' dir='ltr'>periculum</span> <span class='ocrx_word' id='word_1_371' title='bbox 893 2040 967 2079; x_wconf 89' lang='lat' dir='ltr'>est,</span> <span class='ocrx_word' id='word_1_372' title='bbox 995 2037 1054 2079; x_wconf 91' lang='lat' dir='ltr'>qui</span> <span class='ocrx_word' id='word_1_373' title='bbox 1072 2047 1239 2069; x_wconf 85' lang='lat' dir='ltr'>maxume</span> <span class='ocrx_word' id='word_1_374' title='bbox 1256 2037 1388 2068; x_wconf 87' lang='lat' dir='ltr'>timent</span> <span class='ocrx_word' id='word_1_375' title='bbox 1409 2035 1436 2068; x_wconf 88' lang='lat' dir='ltr'>C</span> <span class='ocrx_word' id='word_1_376' title='bbox 1455 2035 1509 2076; x_wconf 88' lang='lat'>58,</span> <span class='ocrx_word' id='word_1_377' title='bbox 1532 2036 1582 2068; x_wconf 90' lang='lat'>17.</span> <span class='ocrx_word' id='word_1_378' title='bbox 1617 2036 1715 2069; x_wconf 85' lang='lat' dir='ltr'>cele-</span> 
     </span>
     <span class='ocr_line' id='line_1_41' title="bbox 193 2080 1712 2123; baseline -0.002 -6"><span class='ocrx_word' id='word_1_379' title='bbox 193 2086 365 2118; x_wconf 90' lang='lat' dir='ltr'>britatem</span> <span class='ocrx_word' id='word_1_380' title='bbox 383 2085 539 2117; x_wconf 85' lang='lat' dir='ltr'>nominis</span> <span class='ocrx_word' id='word_1_381' title='bbox 555 2088 580 2116; x_wconf 89' lang='lat' dir='ltr'>t.</span> <span class='ocrx_word' id='word_1_382' title='bbox 599 2085 634 2115; x_wconf 90' lang='lat' dir='ltr'>H</span> <span class='ocrx_word' id='word_1_383' title='bbox 651 2085 683 2116; x_wconf 92' lang='lat' dir='ltr'>V</span> <span class='ocrx_word' id='word_1_384' title='bbox 699 2084 749 2116; x_wconf 90' lang='lat'>14.</span> <span class='ocrx_word' id='word_1_385' title='bbox 785 2094 828 2115; x_wconf 84' lang='lat' dir='ltr'>ex</span> <span class='ocrx_word' id='word_1_386' title='bbox 845 2083 942 2115; x_wconf 88' lang='lat' dir='ltr'>mala</span> <span class='ocrx_word' id='word_1_387' title='bbox 961 2082 1186 2115; x_wconf 88' lang='lat' dir='ltr'>conscientia</span> <span class='ocrx_word' id='word_1_388' title='bbox 1204 2082 1316 2123; x_wconf 82' lang='lat' dir='ltr'>digna</span> <span class='ocrx_word' id='word_1_389' title='bbox 1333 2082 1355 2114; x_wconf 89' lang='lat' dir='ltr'>J</span> <span class='ocrx_word' id='word_1_390' title='bbox 1373 2080 1429 2121; x_wconf 88' lang='lat'>62,</span> <span class='ocrx_word' id='word_1_391' title='bbox 1447 2080 1468 2113; x_wconf 91' lang='grc'>8</span> <span class='ocrx_word' id='word_1_392' title='bbox 1487 2082 1585 2121; x_wconf 79' lang='lat' dir='ltr'>(conl.</span> <span class='ocrx_word' id='word_1_393' title='bbox 1600 2081 1655 2123; x_wconf 83' lang='lat'>27,</span> <span class='ocrx_word' id='word_1_394' title='bbox 1666 2081 1712 2121; x_wconf 85' lang='lat'>3).</span> 
     </span>
     <span class='ocr_line' id='line_1_42' title="bbox 195 2125 1716 2170; baseline -0.002 -8"><span class='ocrx_word' id='word_1_395' title='bbox 195 2131 403 2162; x_wconf 85' lang='lat' dir='ltr'>etiamnunc</span> <span class='ocrx_word' id='word_1_396' title='bbox 421 2130 558 2161; x_wconf 90' lang='lat' dir='ltr'>timetis</span> <span class='ocrx_word' id='word_1_397' title='bbox 578 2140 657 2168; x_wconf 89' lang='lat' dir='ltr'>eos,</span> <span class='ocrx_word' id='word_1_398' title='bbox 685 2129 814 2170; x_wconf 90' lang='lat' dir='ltr'>quibus</span> <span class='ocrx_word' id='word_1_399' title='bbox 840 2129 946 2161; x_wconf 88' lang='lat' dir='ltr'>decet</span> <span class='ocrx_word' id='word_1_400' title='bbox 962 2127 1091 2160; x_wconf 89' lang='lat' dir='ltr'>terrori</span> <span class='ocrx_word' id='word_1_401' title='bbox 1110 2137 1191 2159; x_wconf 88' lang='lat' dir='ltr'>esse</span> <span class='ocrx_word' id='word_1_402' title='bbox 1208 2127 1230 2159; x_wconf 91' lang='lat' dir='ltr'>J</span> <span class='ocrx_word' id='word_1_403' title='bbox 1249 2125 1303 2164; x_wconf 88' lang='grc'>31,</span> <span class='ocrx_word' id='word_1_404' title='bbox 1322 2126 1356 2158; x_wconf 89' lang='grc'>3.</span> <span class='ocrx_word' id='word_1_405' title='bbox 1397 2126 1575 2159; x_wconf 83' lang='lat' dir='ltr'>invidiam</span> <span class='ocrx_word' id='word_1_406' title='bbox 1594 2137 1638 2159; x_wconf 87' lang='lat' dir='ltr'>ac</span> <span class='ocrx_word' id='word_1_407' title='bbox 1655 2127 1716 2159; x_wconf 91' lang='lat' dir='ltr'>de-</span> 
     </span>
     <span class='ocr_line' id='line_1_43' title="bbox 193 2171 1714 2216; baseline -0.003 -10"><span class='ocrx_word' id='word_1_408' title='bbox 193 2175 278 2207; x_wconf 91' lang='lat' dir='ltr'>inde</span> <span class='ocrx_word' id='word_1_409' title='bbox 296 2174 498 2216; x_wconf 79' lang='lat' dir='ltr'>perieulum</span> <span class='ocrx_word' id='word_1_410' title='bbox 515 2184 626 2206; x_wconf 86' lang='lat' dir='ltr'>——ens</span> <span class='ocrx_word' id='word_1_411' title='bbox 642 2174 666 2205; x_wconf 90' lang='lat' dir='ltr'>J</span> <span class='ocrx_word' id='word_1_412' title='bbox 683 2173 780 2213; x_wconf 88' lang='lat'>39,2.</span> <span class='ocrx_word' id='word_1_413' title='bbox 805 2174 940 2206; x_wconf 69' lang='lat' dir='ltr'>—ebat</span> <span class='ocrx_word' id='word_1_414' title='bbox 954 2174 1047 2204; x_wconf 88' lang='lat' dir='ltr'>iram</span> <span class='ocrx_word' id='word_1_415' title='bbox 1064 2175 1226 2212; x_wconf 79' lang='lat' dir='ltr'>senatus,</span> <span class='ocrx_word' id='word_1_416' title='bbox 1244 2173 1282 2203; x_wconf 92' lang='lat' dir='ltr'>ni</span> <span class='ocrx_word' id='word_1_417' title='bbox 1299 2190 1340 2194; x_wconf 92' lang='lat'>—</span> <span class='ocrx_word' id='word_1_418' title='bbox 1357 2171 1442 2211; x_wconf 87' lang='lat' dir='ltr'>J25,</span> <span class='ocrx_word' id='word_1_419' title='bbox 1454 2171 1485 2203; x_wconf 90' lang='lat'>7.</span> <span class='ocrx_word' id='word_1_420' title='bbox 1520 2182 1584 2214; x_wconf 91' lang='lat' dir='ltr'>pro</span> <span class='ocrx_word' id='word_1_421' title='bbox 1603 2171 1714 2203; x_wconf 83' lang='lat' dir='ltr'>factis</span> 
     </span>
     <span class='ocr_line' id='line_1_44' title="bbox 193 2215 1714 2261; baseline -0.001 -10"><span class='ocrx_word' id='word_1_422' title='bbox 193 2219 368 2251; x_wconf 88' lang='lat' dir='ltr'>iudicium</span> <span class='ocrx_word' id='word_1_423' title='bbox 383 2222 534 2251; x_wconf 90' lang='lat' dir='ltr'>——entes</span> <span class='ocrx_word' id='word_1_424' title='bbox 554 2218 580 2250; x_wconf 85' lang='lat' dir='ltr'>C</span> <span class='ocrx_word' id='word_1_425' title='bbox 602 2218 661 2259; x_wconf 90' lang='lat'>14,</span> <span class='ocrx_word' id='word_1_426' title='bbox 681 2218 711 2250; x_wconf 89' lang='lat'>3.</span> <span class='ocrx_word' id='word_1_427' title='bbox 754 2218 874 2261; x_wconf 87' lang='lat' dir='ltr'>legem</span> <span class='ocrx_word' id='word_1_428' title='bbox 892 2219 1040 2257; x_wconf 88' lang='lat' dir='ltr'>timere,</span> <span class='ocrx_word' id='word_1_429' title='bbox 1058 2217 1122 2249; x_wconf 91' lang='lat' dir='ltr'>ubi</span> <span class='ocrx_word' id='word_1_430' title='bbox 1139 2235 1178 2239; x_wconf 96' lang='lat'><strong>—</strong></span> <span class='ocrx_word' id='word_1_431' title='bbox 1198 2216 1408 2258; x_wconf 84' lang='lat' dir='ltr'>neglexeris</span> <span class='ocrx_word' id='word_1_432' title='bbox 1427 2215 1453 2247; x_wconf 88' lang='lat' dir='ltr'>C</span> <span class='ocrx_word' id='word_1_433' title='bbox 1472 2215 1526 2255; x_wconf 91' lang='lat'>51,</span> <span class='ocrx_word' id='word_1_434' title='bbox 1545 2216 1600 2249; x_wconf 90' lang='lat'>24.</span> <span class='ocrx_word' id='word_1_435' title='bbox 1641 2217 1714 2250; x_wconf 83' lang='lat' dir='ltr'>Nu-</span> 
     </span>
     <span class='ocr_line' id='line_1_45' title="bbox 193 2261 1716 2305; baseline -0.001 -10"><span class='ocrx_word' id='word_1_436' title='bbox 193 2264 314 2296; x_wconf 85' lang='lat' dir='ltr'>midae</span> <span class='ocrx_word' id='word_1_437' title='bbox 333 2263 517 2304; x_wconf 82' lang='lat' dir='ltr'>(Marium)</span> <span class='ocrx_word' id='word_1_438' title='bbox 543 2263 660 2305; x_wconf 80' lang='lat' dir='ltr'>magis</span> <span class='ocrx_word' id='word_1_439' title='bbox 686 2273 792 2304; x_wconf 89' lang='lat' dir='ltr'>quam</span> <span class='ocrx_word' id='word_1_440' title='bbox 816 2264 1006 2295; x_wconf 87' lang='lat' dir='ltr'>mortalem</span> <span class='ocrx_word' id='word_1_441' title='bbox 1029 2263 1158 2294; x_wconf 88' lang='lat' dir='ltr'>timere</span> <span class='ocrx_word' id='word_1_442' title='bbox 1182 2262 1205 2294; x_wconf 93' lang='lat' dir='ltr'>J</span> <span class='ocrx_word' id='word_1_443' title='bbox 1222 2261 1283 2302; x_wconf 89' lang='lat'>92,</span> <span class='ocrx_word' id='word_1_444' title='bbox 1302 2261 1334 2293; x_wconf 91' lang='lat'>2.</span> <span class='ocrx_word' id='word_1_445' title='bbox 1375 2264 1402 2293; x_wconf 87' lang='lat' dir='ltr'>t.</span> <span class='ocrx_word' id='word_1_446' title='bbox 1421 2261 1591 2303; x_wconf 85' lang='lat' dir='ltr'>populu-m</span> <span class='ocrx_word' id='word_1_447' title='bbox 1609 2261 1673 2294; x_wconf 86' lang='lat' dir='ltr'>Ro.</span> <span class='ocrx_word' id='word_1_448' title='bbox 1691 2261 1716 2294; x_wconf 90' lang='lat' dir='ltr'>J</span> 
     </span>
     <span class='ocr_line' id='line_1_46' title="bbox 195 2305 1715 2350; baseline -0.003 -9"><span class='ocrx_word' id='word_1_449' title='bbox 195 2309 247 2350; x_wconf 86' lang='lat'>13,</span> <span class='ocrx_word' id='word_1_450' title='bbox 267 2309 299 2340; x_wconf 89' lang='lat'>5.</span> <span class='ocrx_word' id='word_1_451' title='bbox 341 2308 403 2340; x_wconf 91' lang='lat' dir='ltr'>ubi</span> <span class='ocrx_word' id='word_1_452' title='bbox 420 2312 570 2340; x_wconf 86' lang='lat' dir='ltr'>senatus</span> <span class='ocrx_word' id='word_1_453' title='bbox 589 2307 714 2339; x_wconf 90' lang='lat' dir='ltr'>delicti</span> <span class='ocrx_word' id='word_1_454' title='bbox 733 2309 960 2339; x_wconf 81' lang='lat' dir='ltr'>conscientia.</span> <span class='ocrx_word' id='word_1_455' title='bbox 978 2307 1149 2350; x_wconf 88' lang='lat' dir='ltr'>populum</span> <span class='ocrx_word' id='word_1_456' title='bbox 1166 2307 1270 2338; x_wconf 89' lang='lat' dir='ltr'>timet</span> <span class='ocrx_word' id='word_1_457' title='bbox 1285 2307 1308 2338; x_wconf 93' lang='lat' dir='ltr'>J</span> <span class='ocrx_word' id='word_1_458' title='bbox 1325 2306 1378 2346; x_wconf 93' lang='lat'>27,</span> <span class='ocrx_word' id='word_1_459' title='bbox 1398 2305 1431 2338; x_wconf 88' lang='lat'>3.</span> <span class='ocrx_word' id='word_1_460' title='bbox 1465 2307 1715 2348; x_wconf 79' lang='lat' dir='ltr'>praesentiam</span> 
     </span>
     <span class='ocr_line' id='line_1_47' title="bbox 194 2349 1712 2395; baseline -0.003 -9"><span class='ocrx_word' id='word_1_461' title='bbox 194 2355 272 2386; x_wconf 89' lang='lat' dir='ltr'>eius</span> <span class='ocrx_word' id='word_1_462' title='bbox 290 2363 399 2385; x_wconf 89' lang='lat' dir='ltr'>—ens</span> <span class='ocrx_word' id='word_1_463' title='bbox 418 2353 444 2385; x_wconf 89' lang='lat' dir='ltr'>C</span> <span class='ocrx_word' id='word_1_464' title='bbox 461 2353 514 2393; x_wconf 88' lang='lat'>31,</span> <span class='ocrx_word' id='word_1_465' title='bbox 526 2352 557 2385; x_wconf 89' lang='lat'>6.</span> <span class='ocrx_word' id='word_1_466' title='bbox 591 2353 796 2395; x_wconf 85' lang='lat' dir='ltr'>privignum</span> <span class='ocrx_word' id='word_1_467' title='bbox 815 2353 977 2384; x_wconf 84' lang='lat' dir='ltr'>adultum</span> <span class='ocrx_word' id='word_1_468' title='bbox 996 2353 1022 2384; x_wconf 84' lang='lat' dir='ltr'>C</span> <span class='ocrx_word' id='word_1_469' title='bbox 1045 2352 1138 2391; x_wconf 90' lang='lat'>15,2.</span> <span class='ocrx_word' id='word_1_470' title='bbox 1173 2351 1413 2394; x_wconf 85' lang='lat' dir='ltr'>proditionem</span> <span class='ocrx_word' id='word_1_471' title='bbox 1429 2351 1565 2383; x_wconf 76' lang='lat' dir='ltr'>—ebat</span> <span class='ocrx_word' id='word_1_472' title='bbox 1581 2349 1668 2391; x_wconf 83' lang='lat' dir='ltr'>J76,</span> <span class='ocrx_word' id='word_1_473' title='bbox 1683 2350 1712 2383; x_wconf 91' lang='grc'>1.</span> 
     </span>
     <span class='ocr_line' id='line_1_48' title="bbox 192 2395 1713 2441; baseline -0.002 -10"><span class='ocrx_word' id='word_1_474' title='bbox 192 2410 250 2431; x_wconf 88' lang='lat' dir='ltr'>res</span> <span class='ocrx_word' id='word_1_475' title='bbox 268 2399 350 2441; x_wconf 86' lang='lat' dir='ltr'>ipsa</span> <span class='ocrx_word' id='word_1_476' title='bbox 368 2409 501 2440; x_wconf 84' lang='lat' dir='ltr'>aspera</span> <span class='ocrx_word' id='word_1_477' title='bbox 518 2401 583 2438; x_wconf 88' lang='lat' dir='ltr'>est,</span> <span class='ocrx_word' id='word_1_478' title='bbox 604 2401 659 2430; x_wconf 87' lang='lat' dir='ltr'>set</span> <span class='ocrx_word' id='word_1_479' title='bbox 675 2407 740 2429; x_wconf 86' lang='lat' dir='ltr'>vos</span> <span class='ocrx_word' id='word_1_480' title='bbox 758 2407 830 2429; x_wconf 90' lang='lat' dir='ltr'>non</span> <span class='ocrx_word' id='word_1_481' title='bbox 847 2397 983 2429; x_wconf 87' lang='lat' dir='ltr'>timetis</span> <span class='ocrx_word' id='word_1_482' title='bbox 1003 2408 1083 2429; x_wconf 87' lang='lat' dir='ltr'>eam</span> <span class='ocrx_word' id='word_1_483' title='bbox 1103 2396 1129 2428; x_wconf 85' lang='lat' dir='ltr'>C</span> <span class='ocrx_word' id='word_1_484' title='bbox 1141 2396 1260 2436; x_wconf 86' lang='lat'>52,28.</span> <span class='ocrx_word' id='word_1_485' title='bbox 1294 2407 1338 2428; x_wconf 91' lang='lat' dir='ltr'>ne</span> <span class='ocrx_word' id='word_1_486' title='bbox 1358 2396 1443 2437; x_wconf 91' lang='lat' dir='ltr'>quid</span> <span class='ocrx_word' id='word_1_487' title='bbox 1462 2397 1507 2428; x_wconf 87' lang='lat' dir='ltr'>ab</span> <span class='ocrx_word' id='word_1_488' title='bbox 1525 2407 1564 2428; x_wconf 87' lang='lat' dir='ltr'>se</span> <span class='ocrx_word' id='word_1_489' title='bbox 1581 2395 1713 2428; x_wconf 89' lang='lat' dir='ltr'>hostile</span> 
     </span>
     <span class='ocr_line' id='line_1_49' title="bbox 193 2440 1714 2483; baseline -0.002 -7"><span class='ocrx_word' id='word_1_490' title='bbox 193 2444 378 2476; x_wconf 86' lang='lat' dir='ltr'>timeretJ</span> <span class='ocrx_word' id='word_1_491' title='bbox 395 2442 450 2483; x_wconf 91' lang='lat'>88,</span> <span class='ocrx_word' id='word_1_492' title='bbox 468 2443 499 2476; x_wconf 91' lang='lat'>5.</span> <span class='ocrx_word' id='word_1_493' title='bbox 540 2443 692 2481; x_wconf 85' lang='lat' dir='ltr'>timens,</span> <span class='ocrx_word' id='word_1_494' title='bbox 718 2452 763 2473; x_wconf 89' lang='lat' dir='ltr'>ne</span> <span class='ocrx_word' id='word_1_495' title='bbox 788 2442 820 2473; x_wconf 88' lang='lat' dir='ltr'>si</span> <span class='ocrx_word' id='word_1_496' title='bbox 837 2442 973 2478; x_wconf 85' lang='lat' dir='ltr'>Romae</span> <span class='ocrx_word' id='word_1_497' title='bbox 999 2442 1071 2473; x_wconf 86' lang='lat' dir='ltr'>sint</span> <span class='ocrx_word' id='word_1_498' title='bbox 1097 2459 1132 2463; x_wconf 90' lang='lat'>—</span> <span class='ocrx_word' id='word_1_499' title='bbox 1162 2441 1363 2483; x_wconf 85' lang='lat' dir='ltr'>eripiantur</span> <span class='ocrx_word' id='word_1_500' title='bbox 1382 2441 1408 2473; x_wconf 90' lang='lat' dir='ltr'>C</span> <span class='ocrx_word' id='word_1_501' title='bbox 1426 2440 1488 2481; x_wconf 88' lang='grc'>52,</span> <span class='ocrx_word' id='word_1_502' title='bbox 1511 2441 1560 2472; x_wconf 89' lang='lat'>15.</span> <span class='ocrx_word' id='word_1_503' title='bbox 1603 2441 1659 2472; x_wconf 89' lang='lat' dir='ltr'>sin</span> <span class='ocrx_word' id='word_1_504' title='bbox 1676 2441 1714 2473; x_wconf 90' lang='lat' dir='ltr'>in</span> 
     </span>
     <span class='ocr_line' id='line_1_50' title="bbox 193 2486 1713 2528; baseline -0.003 -7"><span class='ocrx_word' id='word_1_505' title='bbox 193 2492 296 2521; x_wconf 83' lang='lat' dir='ltr'>tanto</span> <span class='ocrx_word' id='word_1_506' title='bbox 321 2489 478 2521; x_wconf 90' lang='lat' dir='ltr'>omnium</span> <span class='ocrx_word' id='word_1_507' title='bbox 502 2491 601 2520; x_wconf 90' lang='lat' dir='ltr'>metu</span> <span class='ocrx_word' id='word_1_508' title='bbox 625 2487 722 2520; x_wconf 84' lang='lat' dir='ltr'>solus</span> <span class='ocrx_word' id='word_1_509' title='bbox 746 2497 817 2518; x_wconf 89' lang='lat' dir='ltr'>non</span> <span class='ocrx_word' id='word_1_510' title='bbox 842 2487 963 2526; x_wconf 88' lang='lat' dir='ltr'>timet,</span> <span class='ocrx_word' id='word_1_511' title='bbox 991 2497 1031 2518; x_wconf 91' lang='lat' dir='ltr'>eo</span> <span class='ocrx_word' id='word_1_512' title='bbox 1056 2487 1175 2528; x_wconf 83' lang='lat' dir='ltr'>magis</span> <span class='ocrx_word' id='word_1_513' title='bbox 1199 2486 1314 2518; x_wconf 88' lang='lat' dir='ltr'>refert</span> <span class='ocrx_word' id='word_1_514' title='bbox 1337 2497 1393 2518; x_wconf 91' lang='lat' dir='ltr'>me</span> <span class='ocrx_word' id='word_1_515' title='bbox 1410 2486 1498 2517; x_wconf 88' lang='lat' dir='ltr'>mihi</span> <span class='ocrx_word' id='word_1_516' title='bbox 1517 2490 1590 2528; x_wconf 88' lang='lat' dir='ltr'>atq.</span> <span class='ocrx_word' id='word_1_517' title='bbox 1607 2486 1713 2518; x_wconf 87' lang='lat' dir='ltr'>vobis</span> 
     </span>
     <span class='ocr_line' id='line_1_51' title="bbox 193 2530 1126 2575; baseline -0.005 -9"><span class='ocrx_word' id='word_1_518' title='bbox 193 2535 321 2566; x_wconf 89' lang='lat' dir='ltr'>timere</span> <span class='ocrx_word' id='word_1_519' title='bbox 341 2533 367 2565; x_wconf 89' lang='lat' dir='ltr'>C</span> <span class='ocrx_word' id='word_1_520' title='bbox 385 2534 440 2573; x_wconf 89' lang='lat'>52,</span> <span class='ocrx_word' id='word_1_521' title='bbox 463 2532 514 2564; x_wconf 88' lang='lat'>16.</span> <span class='ocrx_word' id='word_1_522' title='bbox 555 2543 638 2575; x_wconf 88' lang='lat' dir='ltr'>pars</span> <span class='ocrx_word' id='word_1_523' title='bbox 656 2533 783 2564; x_wconf 87' lang='lat' dir='ltr'>timere</span> <span class='ocrx_word' id='word_1_524' title='bbox 802 2531 964 2563; x_wconf 89' lang='lat' dir='ltr'>libertati</span> <span class='ocrx_word' id='word_1_525' title='bbox 980 2531 1003 2562; x_wconf 92' lang='lat' dir='ltr'>J</span> <span class='ocrx_word' id='word_1_526' title='bbox 1020 2530 1075 2570; x_wconf 90' lang='lat'>39,</span> <span class='ocrx_word' id='word_1_527' title='bbox 1098 2530 1126 2562; x_wconf 94' lang='lat' dir='ltr'>l.</span> 
     </span>
    </p>

    <p class='ocr_par' dir='ltr' id='par_1_24' title="bbox 191 2575 1713 2845">
     <span class='ocr_line' id='line_1_52' title="bbox 237 2575 1711 2617; baseline -0.002 -7"><span class='ocrx_word' id='word_1_528' title='bbox 237 2580 382 2611; x_wconf 59' lang='lat' dir='ltr'>timidum</span> <span class='ocrx_word' id='word_1_529' title='bbox 416 2578 480 2610; x_wconf 89' lang='lat' dir='ltr'>alii</span> <span class='ocrx_word' id='word_1_530' title='bbox 505 2577 595 2610; x_wconf 87' lang='lat' dir='ltr'>alios</span> <span class='ocrx_word' id='word_1_531' title='bbox 620 2577 765 2609; x_wconf 89' lang='lat' dir='ltr'>timidos</span> <span class='ocrx_word' id='word_1_532' title='bbox 790 2579 924 2608; x_wconf 87' lang='lat' dir='ltr'>vocant</span> <span class='ocrx_word' id='word_1_533' title='bbox 948 2575 974 2607; x_wconf 89' lang='lat' dir='ltr'>C</span> <span class='ocrx_word' id='word_1_534' title='bbox 998 2575 1060 2614; x_wconf 90' lang='lat'>53,</span> <span class='ocrx_word' id='word_1_535' title='bbox 1083 2575 1111 2606; x_wconf 90' lang='lat'>1.</span> <span class='ocrx_word' id='word_1_536' title='bbox 1154 2585 1272 2616; x_wconf 88' lang='lat' dir='ltr'>neque</span> <span class='ocrx_word' id='word_1_537' title='bbox 1299 2586 1343 2606; x_wconf 85' lang='lat' dir='ltr'>ex</span> <span class='ocrx_word' id='word_1_538' title='bbox 1359 2575 1494 2617; x_wconf 79' lang='lat' dir='ltr'>ignayo</span> <span class='ocrx_word' id='word_1_539' title='bbox 1514 2578 1711 2615; x_wconf 87' lang='lat' dir='ltr'>strenuum,</span> 
     </span>
     <span class='ocr_line' id='line_1_53' title="bbox 192 2618 1712 2666; baseline -0.003 -10"><span class='ocrx_word' id='word_1_540' title='bbox 192 2635 310 2666; x_wconf 90' lang='lat' dir='ltr'>neque</span> <span class='ocrx_word' id='word_1_541' title='bbox 330 2624 461 2655; x_wconf 84' lang='lat' dir='ltr'>fortem</span> <span class='ocrx_word' id='word_1_542' title='bbox 481 2634 524 2655; x_wconf 86' lang='lat' dir='ltr'>ex</span> <span class='ocrx_word' id='word_1_543' title='bbox 541 2622 668 2654; x_wconf 89' lang='lat' dir='ltr'>timido</span> <span class='ocrx_word' id='word_1_544' title='bbox 693 2621 893 2653; x_wconf 84' lang='lat' dir='ltr'>exercitum</span> <span class='ocrx_word' id='word_1_545' title='bbox 910 2619 990 2652; x_wconf 88' lang='lat' dir='ltr'>fieri</span> <span class='ocrx_word' id='word_1_546' title='bbox 1009 2619 1035 2651; x_wconf 89' lang='lat' dir='ltr'>C</span> <span class='ocrx_word' id='word_1_547' title='bbox 1054 2618 1115 2659; x_wconf 87' lang='grc'>58,</span> <span class='ocrx_word' id='word_1_548' title='bbox 1136 2619 1164 2652; x_wconf 92' lang='grc'>1.</span> <span class='ocrx_word' id='word_1_549' title='bbox 1205 2620 1408 2651; x_wconf 85' lang='lat' dir='ltr'>necessitas</span> <span class='ocrx_word' id='word_1_550' title='bbox 1434 2621 1544 2651; x_wconf 85' lang='lat' dir='ltr'>etiam</span> <span class='ocrx_word' id='word_1_551' title='bbox 1568 2620 1712 2652; x_wconf 89' lang='lat' dir='ltr'>timidos</span> 
     </span>
     <span class='ocr_line' id='line_1_54' title="bbox 192 2663 1713 2708; baseline -0.003 -7"><span class='ocrx_word' id='word_1_552' title='bbox 192 2669 297 2701; x_wconf 87' lang='lat' dir='ltr'>fortis</span> <span class='ocrx_word' id='word_1_553' title='bbox 316 2669 410 2700; x_wconf 85' lang='lat' dir='ltr'>facit</span> <span class='ocrx_word' id='word_1_554' title='bbox 428 2668 454 2700; x_wconf 85' lang='lat' dir='ltr'>O</span> <span class='ocrx_word' id='word_1_555' title='bbox 472 2667 527 2708; x_wconf 87' lang='lat'>58,</span> <span class='ocrx_word' id='word_1_556' title='bbox 550 2667 600 2700; x_wconf 90' lang='lat'>19.</span> <span class='ocrx_word' id='word_1_557' title='bbox 644 2668 675 2699; x_wconf 92' lang='lat' dir='ltr'>si</span> <span class='ocrx_word' id='word_1_558' title='bbox 692 2666 826 2699; x_wconf 90' lang='lat' dir='ltr'>timidis</span> <span class='ocrx_word' id='word_1_559' title='bbox 843 2666 957 2699; x_wconf 87' lang='lat' dir='ltr'>verba</span> <span class='ocrx_word' id='word_1_560' title='bbox 973 2666 1145 2697; x_wconf 87' lang='lat' dir='ltr'>virtutem</span> <span class='ocrx_word' id='word_1_561' title='bbox 1163 2664 1340 2695; x_wconf 85' lang='lat' dir='ltr'>adderent</span> <span class='ocrx_word' id='word_1_562' title='bbox 1355 2664 1378 2696; x_wconf 91' lang='lat' dir='ltr'>J</span> <span class='ocrx_word' id='word_1_563' title='bbox 1395 2663 1449 2703; x_wconf 89' lang='lat'>85,</span> <span class='ocrx_word' id='word_1_564' title='bbox 1461 2663 1515 2696; x_wconf 88' lang='lat'>50.</span> <span class='ocrx_word' id='word_1_565' title='bbox 1549 2664 1606 2696; x_wconf 87' lang='lat' dir='ltr'>illi</span> <span class='ocrx_word' id='word_1_566' title='bbox 1622 2665 1713 2697; x_wconf 89' lang='lat' dir='ltr'>haut</span> 
     </span>
     <span class='ocr_line' id='line_1_55' title="bbox 192 2708 1711 2751; baseline -0.003 -5"><span class='ocrx_word' id='word_1_567' title='bbox 192 2714 311 2746; x_wconf 89' lang='lat' dir='ltr'>timidi</span> <span class='ocrx_word' id='word_1_568' title='bbox 334 2714 511 2745; x_wconf 86' lang='lat' dir='ltr'>resistunt</span> <span class='ocrx_word' id='word_1_569' title='bbox 530 2712 556 2744; x_wconf 89' lang='lat' dir='ltr'>C</span> <span class='ocrx_word' id='word_1_570' title='bbox 575 2711 636 2751; x_wconf 87' lang='lat'>60,</span> <span class='ocrx_word' id='word_1_571' title='bbox 656 2711 687 2745; x_wconf 84' lang='lat'>3.</span> <span class='ocrx_word' id='word_1_572' title='bbox 729 2711 877 2743; x_wconf 87' lang='lat' dir='ltr'>timidos</span> <span class='ocrx_word' id='word_1_573' title='bbox 901 2709 1095 2742; x_wconf 67' lang='lat' dir='ltr'>insolentia</span> <span class='ocrx_word' id='word_1_574' title='bbox 1118 2708 1259 2740; x_wconf 85' lang='lat' dir='ltr'>itineris</span> <span class='ocrx_word' id='word_1_575' title='bbox 1284 2708 1408 2740; x_wconf 87' lang='lat' dir='ltr'>levare</span> <span class='ocrx_word' id='word_1_576' title='bbox 1434 2719 1542 2741; x_wconf 86' lang='lat' dir='ltr'>manu</span> <span class='ocrx_word' id='word_1_577' title='bbox 1558 2709 1582 2741; x_wconf 94' lang='lat' dir='ltr'>J</span> <span class='ocrx_word' id='word_1_578' title='bbox 1598 2709 1658 2750; x_wconf 90' lang='lat'>94,</span> <span class='ocrx_word' id='word_1_579' title='bbox 1678 2709 1711 2741; x_wconf 93' lang='lat'>2.</span> 
     </span>
     <span class='ocr_line' id='line_1_56' title="bbox 193 2752 1712 2798; baseline -0.005 -8"><span class='ocrx_word' id='word_1_580' title='bbox 193 2759 340 2790; x_wconf 88' lang='lat' dir='ltr'>timidus</span> <span class='ocrx_word' id='word_1_581' title='bbox 359 2769 402 2790; x_wconf 83' lang='lat' dir='ltr'>ac</span> <span class='ocrx_word' id='word_1_582' title='bbox 419 2759 521 2791; x_wconf 84' lang='lat' dir='ltr'>vitae</span> <span class='ocrx_word' id='word_1_583' title='bbox 540 2757 708 2789; x_wconf 80' lang='lat' dir='ltr'>diffidens</span> <span class='ocrx_word' id='word_1_584' title='bbox 725 2775 768 2780; x_wconf 86' lang='lat'>—-</span> <span class='ocrx_word' id='word_1_585' title='bbox 783 2755 1014 2798; x_wconf 84' lang='lat' dir='ltr'>praetoribus</span> <span class='ocrx_word' id='word_1_586' title='bbox 1032 2765 1070 2786; x_wconf 86' lang='lat' dir='ltr'>se</span> <span class='ocrx_word' id='word_1_587' title='bbox 1089 2753 1188 2785; x_wconf 82' lang='lat' dir='ltr'>dedit</span> <span class='ocrx_word' id='word_1_588' title='bbox 1206 2752 1232 2785; x_wconf 91' lang='lat' dir='ltr'>C</span> <span class='ocrx_word' id='word_1_589' title='bbox 1250 2753 1306 2793; x_wconf 89' lang='lat'>45,</span> <span class='ocrx_word' id='word_1_590' title='bbox 1325 2753 1358 2785; x_wconf 86' lang='lat'>4.</span> <span class='ocrx_word' id='word_1_591' title='bbox 1382 2754 1477 2786; x_wconf 74' lang='lat' dir='ltr'>simil.</span> <span class='ocrx_word' id='word_1_592' title='bbox 1503 2754 1526 2786; x_wconf 90' lang='lat' dir='ltr'>J</span> <span class='ocrx_word' id='word_1_593' title='bbox 1544 2753 1599 2795; x_wconf 85' lang='lat'>32,</span> <span class='ocrx_word' id='word_1_594' title='bbox 1618 2754 1649 2787; x_wconf 88' lang='lat'>5.</span> <span class='ocrx_word' id='word_1_595' title='bbox 1666 2767 1712 2782; x_wconf 86' lang='lat'><strong><em>=</em></strong></span> 
     </span>
     <span class='ocr_line' id='line_1_57' title="bbox 191 2798 1080 2845; baseline -0.004 -10"><span class='ocrx_word' id='word_1_596' title='bbox 191 2804 307 2835; x_wconf 84' lang='lat' dir='ltr'>timide</span> <span class='ocrx_word' id='word_1_597' title='bbox 325 2803 520 2845; x_wconf 82' lang='lat' dir='ltr'>pugionem</span> <span class='ocrx_word' id='word_1_598' title='bbox 539 2803 712 2844; x_wconf 84' lang='lat' dir='ltr'>expedire</span> <span class='ocrx_word' id='word_1_599' title='bbox 733 2804 886 2833; x_wconf 87' lang='lat' dir='ltr'>conatus</span> <span class='ocrx_word' id='word_1_600' title='bbox 903 2801 938 2832; x_wconf 89' lang='lat' dir='ltr'>H</span> <span class='ocrx_word' id='word_1_601' title='bbox 955 2800 1009 2832; x_wconf 93' lang='lat'>111</span> <span class='ocrx_word' id='word_1_602' title='bbox 1027 2798 1080 2831; x_wconf 91' lang='lat'>37.</span> 
     </span>
    </p>

    <p class='ocr_par' dir='ltr' id='par_1_25' title="bbox 194 2843 1712 2934">
     <span class='ocr_line' id='line_1_58' title="bbox 237 2843 1712 2890; baseline -0.002 -11"><span class='ocrx_word' id='word_1_603' title='bbox 237 2849 336 2879; x_wconf 86' lang='lat' dir='ltr'>timor</span> <span class='ocrx_word' id='word_1_604' title='bbox 355 2848 575 2890; x_wconf 83' lang='lat' dir='ltr'>aliquantus,</span> <span class='ocrx_word' id='word_1_605' title='bbox 597 2850 654 2879; x_wconf 85' lang='lat' dir='ltr'>set</span> <span class='ocrx_word' id='word_1_606' title='bbox 671 2856 754 2888; x_wconf 89' lang='lat' dir='ltr'>spes</span> <span class='ocrx_word' id='word_1_607' title='bbox 773 2846 927 2888; x_wconf 85' lang='lat' dir='ltr'>amplior</span> <span class='ocrx_word' id='word_1_608' title='bbox 943 2846 965 2878; x_wconf 93' lang='lat' dir='ltr'>J</span> <span class='ocrx_word' id='word_1_609' title='bbox 985 2844 1066 2884; x_wconf 86' lang='lat'>105,</span> <span class='ocrx_word' id='word_1_610' title='bbox 1085 2843 1118 2876; x_wconf 89' lang='grc'>4.</span> <span class='ocrx_word' id='word_1_611' title='bbox 1158 2843 1267 2876; x_wconf 89' lang='lat' dir='ltr'>timor</span> <span class='ocrx_word' id='word_1_612' title='bbox 1291 2843 1403 2874; x_wconf 83' lang='lat' dir='ltr'>animi</span> <span class='ocrx_word' id='word_1_613' title='bbox 1422 2844 1569 2876; x_wconf 86' lang='lat' dir='ltr'>auribus</span> <span class='ocrx_word' id='word_1_614' title='bbox 1586 2843 1712 2876; x_wconf 85' lang='lat' dir='ltr'>obficit</span> 
     </span>
     <span class='ocr_line' id='line_1_59' title="bbox 194 2887 1710 2934; baseline -0.002 -10"><span class='ocrx_word' id='word_1_615' title='bbox 194 2892 220 2924; x_wconf 90' lang='lat' dir='ltr'>C</span> <span class='ocrx_word' id='word_1_616' title='bbox 239 2892 293 2933; x_wconf 90' lang='lat'>58,</span> <span class='ocrx_word' id='word_1_617' title='bbox 313 2893 344 2924; x_wconf 86' lang='lat'>2.</span> <span class='ocrx_word' id='word_1_618' title='bbox 386 2903 431 2925; x_wconf 91' lang='lat' dir='ltr'>ne</span> <span class='ocrx_word' id='word_1_619' title='bbox 450 2892 531 2924; x_wconf 87' lang='lat' dir='ltr'>illos</span> <span class='ocrx_word' id='word_1_620' title='bbox 550 2892 706 2934; x_wconf 83' lang='lat' dir='ltr'>quidem,</span> <span class='ocrx_word' id='word_1_621' title='bbox 727 2891 787 2933; x_wconf 91' lang='lat' dir='ltr'>qui</span> <span class='ocrx_word' id='word_1_622' title='bbox 803 2890 929 2934; x_wconf 90' lang='lat' dir='ltr'>procul</span> <span class='ocrx_word' id='word_1_623' title='bbox 944 2891 1172 2928; x_wconf 82' lang='lat' dir='ltr'>manserant,</span> <span class='ocrx_word' id='word_1_624' title='bbox 1198 2891 1224 2920; x_wconf 92' lang='lat' dir='ltr'>t.</span> <span class='ocrx_word' id='word_1_625' title='bbox 1244 2887 1355 2920; x_wconf 86' lang='lat' dir='ltr'>animi</span> <span class='ocrx_word' id='word_1_626' title='bbox 1373 2888 1472 2929; x_wconf 81' lang='lat' dir='ltr'>(conl.</span> <span class='ocrx_word' id='word_1_627' title='bbox 1488 2890 1510 2921; x_wconf 91' lang='lat' dir='ltr'>J</span> <span class='ocrx_word' id='word_1_628' title='bbox 1527 2888 1581 2929; x_wconf 88' lang='grc'>20,</span> <span class='ocrx_word' id='word_1_629' title='bbox 1603 2888 1635 2931; x_wconf 91' lang='lat'>1)</span> <span class='ocrx_word' id='word_1_630' title='bbox 1653 2899 1710 2921; x_wconf 87' lang='lat' dir='ltr'>sa-</span> 
     </span>
    </p>
   </div>
  </div>
 </body>
</html>
