1826 3282
221 242 275 282 40
644 255 943 282 HrsromAavM
975 255 1059 281 me.
1092 256 1125 283 11
1154 249 1332 286 27—31.

334 352 449 386 Prisc.
477 354 509 384 V
532 364 566 394 p.
597 351 677 384 154:
711 364 806 385 unam
835 355 1013 395 proprium
1036 356 1181 387 civitatis
1205 357 1371 390 invenitur
1397 355 1567 389 ‘Gaddir'-
1586 374 1632 380 ——
1655 358 1747 400 quod

223 401 355 441 quidum
377 398 571 438 femininum.
593 407 665 428 esse
694 403 917 439 putaverunt,
949 400 1014 431 sed
1041 399 1219 432 Sallustius
1251 405 1400 432 neutrum
1430 411 1503 433 essa
1534 403 1679 434 ostendit
1710 404 1753 434 ἰη·

222 445 257 475 II
281 443 497 475 historiarum
522 444 743 474 accusativum
767 444 965 476 nominativo
981 446 1117 477 similem
1139 455 1289 486 ponens:
1314 448 1353 476 ut
1376 463 1420 468 —-
1444 445 1600 478 habent:
1626 458 1700 478 nam
1715 449 1747 479 si

223 492 310 519 esset
332 488 523 526 femininum
549 486 755 519 ‘Gaddirem’
781 489 927 520 dixisset
951 502 1013 524 —,·
1039 500 1132 531 quae
1159 490 1295 522 eisdem
1321 490 1398 521 fere
1423 490 1544 523 verbis
1569 491 1665 523 idem
1688 502 1743 524 re·
1779 515 1782 517 -

223 532 316 572 petit
340 531 390 561 VI
416 542 449 572 p.
477 529 554 562 234.
598 530 751 573 Singula
777 534 890 564 verba
915 534 946 565 si
971 534 1170 574 diligenter
1193 535 1503 577 perpenderimus,
1531 535 1607 568 eius
1624 536 1756 578 potius

222 576 295 606 loci
322 575 436 606 fuisse
463 575 703 617 videbuntur,
736 577 800 609 ubi
832 578 876 609 de
908 579 1095 611 veteribus
1120 579 1325 621 Hispaniae
1353 580 1525 620 (fortasse
1548 580 1744 622 Baeticae)

222 619 354 651 ineolis
381 621 585 662 expositum
613 624 703 662 erat,
733 632 839 663 quam
864 623 908 655 de
933 634 971 655 re
997 624 1094 656 bello
1120 624 1329 656 Sertoriano
1355 627 1472 666 gesta.

336 697 387 736 27
422 697 501 750 [Kr.
525 703 580 736 33.
613 701 651 737 G.
673 700 754 752 37].
810 701 909 740 Ante
947 714 1062 752 quam
1101 713 1283 752 egressus
1312 703 1508 742 Sertorius
1549 703 1744 743 instruere

221 775 377 814 pugnae
409 777 513 804 suos,
1386 765 1393 771 ⁵
1704 771 1713 776 '

333 843 439 874 Arus.
471 855 505 885 p.
537 843 619 876 ⁶237:
661 847 839 877 instruitur
869 847 950 878 huie·
972 848 1033 878 rei.
1083 846 1207 878 Satust.
1242 847 1333 879 Hist.
1367 847 1415 879 11.
1463 847 1536 879 Aut
1563 849 1747 880 instrueret

224 887 500 931 eonriguntlum,
521 893 584 920 aut
602 890 655 921 sie
673 891 924 922 statuendum:
945 887 1222 933 grammaticum
1242 892 1526 924 constructionis
1544 892 1747 934 exemplum
1796 897 1803 899 ⁴

223 933 420 973 protulisse
446 934 537 965 satis
562 934 778 976 habentem,
807 935 946 967 relicua
973 935 1150 967 omisisse.
1200 937 1255 968 De
1283 939 1354 977 qua
1378 947 1501 979 pugna
1525 937 1620 969 haee
1645 937 1746 970 dieta

223 977 377 1017 suerint,
406 978 540 1010 frustra
567 980 745 1020 quaesivi.

337 1054 388 1093 28
423 1055 503 1107 [Kr.
527 1061 582 1094 34.
615 1060 653 1095 G.
677 1057 754 1109 52].
807 1058 1001 1097 Titurium
1039 1058 1209 1108 legatum
1245 1071 1333 1098 eum
1376 1059 1604 1111 cohortibus
1626 1061 1746 1111 *quin-

224 1122 350 1161 decim
382 1124 418 1161 iu
453 1123 657 1163 Celtiberia
690 1123 856 1164 hiemem
887 1137 1005 1175 agere
1037 1126 1145 1164 iussit
1177 1127 1462 1176 praesidentem
1493 1128 1631 1166 socios.

336 1200 439 1233 Arus.
467 1212 500 1243 p.
527 1202 610 1233 252:
638 1203 820 1234 Praesidet
838 1205 924 1235 illam
941 1214 1020 1235 rem.
1072 1203 1196 1235 Salust.
1218 1205 1348 1236 Hister.
1366 1205 1415 1236 II.
1448 1205 1611 1237 Titurius
1628 1207 1747 1236 utrum

222 1245 375 1286 Pompei
401 1256 447 1277 an
471 1247 611 1278 Metelli
636 1247 783 1289 legatus
809 1248 921 1279 fuerit
945 1249 1125 1288 nescitur,
1159 1249 1309 1280 Sertorii
1341 1249 1504 1291 legatum
1536 1260 1608 1281 non
1633 1250 1748 1282 fuisse

223 1290 316 1321 satis
343 1295 481 1322 eertum
506 1291 661 1324 videtur.

339 1368 390 1407 29
421 1368 500 1421 [Kr.
526 1375 581 1407 35.
611 1373 649 1407 G.
673 1370 749 1422 08]
799 1371 846 1409 Hi
868 1371 1028 1410 saltibus
1051 1373 1250 1422 occupatis
1271 1372 1607 1425 Termestinorum
1631 1383 1749 1423 agros

223 1436 401 1474 invasere
433 1436 696 1488 frumentique
726 1450 774 1476 ex
803 1439 933 1488 iuopia
965 1440 1071 1489 gravi
1102 1435 1355 1478 satiasufacta.

337 1514 427 1546 Non.
454 1526 488 1557 p.
520 1514 599 1547 117:
626 1515 742 1547 Satias
763 1526 829 1558 pro
853 1519 1006 1548 satietas.
1035 1535 1070 1538 -—
1102 1516 1281 1549 Sallustius
1304 1519 1535 1559 lig-storiarum
1559 1518 1612 1550 lib.
1637 1518 1674 1550 11
1703 1535 1749 1541 —-

223 1559 267 1590 In
292 1558 446 1591 saltibus
471 1559 565 1595 libri,
598 1561 685 1592 uncle
710 1562 896 1592 iamdudum
919 1561 957 1592 hi
982 1563 1108 1594 emend.
1134 1579 1180 1584 —
1204 1567 1404 1605 occupatus
1429 1564 1494 1595 duo
1519 1562 1606 1594 libri.
1640 1573 1746 1595 occu-

224 1604 321 1645 patis
338 1606 400 1635 rel.
426 1622 470 1626 -
494 1605 784 1637 Tmextrinorum
803 1606 888 1637 liber
905 1617 1006 1642 uuus,·
1032 1608 1327 1638 termextinorum
1353 1609 1455 1645 alius,·
1480 1610 1604 1639 tamen
1629 1611 1747 1639 exter-

224 1658 352 1679 norum
382 1650 456 1680 cod.
492 1650 547 1681 W.
577 1650 667 1682 Gerl.
710 1654 783 1681 tum
816 1654 1044 1682 externorum
1078 1651 1187 1683 Merc-
1235 1652 1542 1684 Termestinorum
1575 1653 1670 1694 Lips.
1703 1649 1761 1684 ad*

230 1693 309 1725 Tac.
335 1704 412 1724 ann.
439 1694 490 1725 IV
514 1694 575 1734 45,
609 1695 639 1734 l,
675 1705 768 1736 quae
802 1695 994 1736 ingeniosa
1028 1696 1235 1728 emendatio
1268 1696 1435 1728 nonnihil
1466 1697 1679 1728 munimenti
1705 1697 1748 1729 eo

226 1738 380 1780 accipit,
415 1739 509 1779 quod
541 1739 767 1771 Termestam
802 1739 895 1779 (vid.
922 1741 1102 1772 Mannert.
1136 1741 1152 1772 I
1184 1752 1216 1783 p.
1250 1740 1333 1781 386)
1367 1741 1527 1773 Sertorio
1561 1741 1748 1774 amicissu-

224 1793 319 1814 mam
346 1783 458 1814 fuisse
486 1794 529 1815 ex
555 1784 651 1815 Flor.
679 1785 714 1815 II
741 1784 800 1832 102
820 1784 841 1815 Ω
868 1788 1031 1825 eonstatg
1064 1796 1132 1817 nee
1158 1787 1275 1818 minus
1299 1786 1418 1818 hieme
1445 1797 1478 1818 a.
1505 1786 1548 1818 74
1573 1796 1748 1818 summam

224 1828 396 1858 frumenti
430 1828 589 1870 inopiam
621 1829 657 1860 in
690 1829 932 1861 Romanorum
967 1830 1129 1862 exercitu
1165 1831 1279 1863 fuisse
1317 1833 1528 1873 conpertum
1566 1831 1747 1864 habemus

226 1872 365 1912 (Drum.
393 1873 443 1903 IV
468 1884 501 1914 p.
530 1872 623 1915 370).

338 1950 390 1989 30
421 1950 500 2002 [Kr.
524 1956 579 1989 36.
611 1955 649 1989 G.
672 1952 748 2004 6⁴5]
796 1952 853 1991 Ad
884 1953 959 1992 hoc
990 1954 1216 1992 rumoribus
1246 1954 1410 1993 advorsa
1439 1955 1478 1992 in
1505 1955 1745 2005 pravitatem,

222 2018 393 2056 secunda
425 2019 462 2056 iu
496 2030 650 2063 casum,
694 2019 888 2058 fortunam
930 2021 967 2058 in
1005 2021 1261 2059 temeritatem
1301 2020 1531 2059 declinando
1562 2034 1746 2062 conrum-

222 2085 378 2134 pebaut.

333 2163 424 2194 Non.
453 2173 486 2204 p.
513 2162 598 2194 261:
625 2174 747 2201 rumor,
774 2168 808 2195 ut
830 2167 1036 2207 plerumque,
1065 2167 1177 2206 opinio
1201 2170 1262 2197 est.
1311 2165 1490 2198 Sallustius
1514 2168 1748 2199 Historiarum

219 2205 274 2237 lib.
302 2207 349 2237 II.
390 2207 512 2238 Verba
537 2208 757 2249 pertinuisse
784 2209 829 2240 ad
855 2210 1049 2241 mendacia
1075 2210 1120 2241 ab
1146 2210 1329 2242 nobilibus
1357 2212 1530 2243 Romanis
1556 2212 1639 2243 duci
1664 2211 1745 2244 Ser‘-

220 2251 314 2282 torio
339 2251 589 2283 invidentibus
615 2263 745 2294 sparsa
772 2253 886 2293 (Plut.
914 2254 1048 2286 Sertor.
1077 2266 1107 2286 e.
1134 2253 1198 2295 25⁷)
1226 2260 1326 2293 reete
1353 2256 1424 2287 iam
1452 2256 1669 2289 Debrossius
1693 2257 1746 2289 iu-

221 2295 372 2327 dicavit.
423 2297 511 2327 Cum
536 2297 620 2328 libri
645 2298 736 2329 Non.
764 2299 810 2330 ad
832 2299 894 2330 lzoc
920 2299 1135 2338 exhibeant,
1162 2300 1271 2331 miror
1297 2301 1390 2341 quod
1416 2301 1577 2333 Kritzius
1603 2302 1747 2334 adhaec

220 2340 391 2379 retinuit;
418 2345 474 2372 set
495 2342 590 2373 idem
610 2346 710 2374 reete
730 2343 952 2380 observavit,
979 2344 1109 2376 deesse
1137 2345 1318 2376 obiectum
1345 2346 1449 2377 verbi
1473 2347 1744 2388 conrumpebant,

221 2385 315 2426 quod
341 2385 497 2417 fortasse
524 2390 609 2418 ante
636 2389 682 2418 ad
704 2388 766 2419 lzoc
791 2388 948 2429 positum
975 2389 1056 2420 fuit.

335 2480 379 2518 31
420 2479 569 2532 [l{1·.38.
604 2483 642 2518 G.
665 2458 765 2533 8ῑ)].ι
795 2483 875 2521 Nisi
905 2496 978 2534 qua
1011 2484 1158 2523 flumen
1188 2484 1328 2523 Clurda
1361 2485 1492 2524 Tauro
1516 2490 1648 2525 moute
1679 2487 1745 2525 ‹le-

221 2547 360 2586 ssueus.
1432 2565 1437 2570 ·

333 2625 448 2657 Prisc.
477 2625 527 2657 VI
550 2636 584 2667 p.
612 2625 693 2657 202:
720 2629 864 2668 plurima
888 2632 995 2659 tamen
1020 2639 1085 2660 non
1108 2631 1211 2661 solum
1236 2632 1267 2661 z‘n
1285 2630 1412 2670 Africa
1427 2631 1490 2662 sed
1505 2632 1538 2662 in
1556 2632 1631 2662 aliis
1647 2634 1747 2664 etlam

221 2670 578 2710 reyiwzz'busssnomina
607 2672 780 2712 fluviorum
810 2674 842 2703 in
868 2683 889 2703 a
913 2674 1122 2704 inveniuntur
1146 2675 1345 2705 desinentia.
1373 2692 1415 2696 —
1447 2675 1625 2707 Sallustius
1648 2679 1683 2708 in
1707 2677 1745 2709 11

220 2715 456 2746 historiarum:
482 2716 554 2747 nisi
580 2733 622 2737 ‚-
647 2716 821 2748 defluens.
854 2733 897 2739 —·
929 2718 1155 2759 Quamquam
1181 2721 1259 2760 quia
1283 2719 1467 2750 Prisciani
1493 2720 1577 2751 libri
1603 2723 1742 2761 tenent,

222 2778 370 2816 praeter
395 2776 477 2807 Vat.
503 2777 563 2818 qui
582 2766 648 2819 qua
673 2777 833 2817 exhibet,
862 2781 899 2809 et
923 2778 1074 2810 difficile
1094 2783 1149 2811 est
1171 2780 1206 2811 id
1230 2790 1355 2812 verum
1381 2790 1461 2811 esse
1487 2777 1635 2823 n'egare,
1663 2793 1744 2814 eum

223 2830 291 2859 quo
317 2831 411 2851 nexu
436 2821 549 2852 verba
574 2822 674 2854 elicta
700 2823 838 2854 fuerint
863 2823 1061 2865 ignoretur,
1088 2827 1212 2855 tamen
1238 2836 1303 2867 qua
1320 2825 1584 2857 restituendum
1602 2827 1742 2868 putavi,

223 2864 315 2903 quod
341 2875 420 2895 eum
447 2867 668 2897 sententiam
696 2867 741 2898 ad
766 2868 977 2909 negativam
1003 2868 1115 2900 aliam
1140 2869 1295 2901 relatam
1314 2870 1429 2901 fuisse
1448 2870 1638 2913 adpareat,
1665 2872 1744 2903 veri

222 2908 377 2940 similius
409 2910 604 2943 videbatur
637 2911 681 2943 de
713 2913 874 2955 regionis
907 2916 1038 2945 natura
1067 2913 1204 2945 dietum
1229 2914 1360 2955 fuisse,
1396 2924 1489 2957 quae
1521 2915 1583 2947 ubi
1614 2915 1743 2949 fluvius

1820 48 1826 54 ι
1810 0 1826 29 -m
