1838 3288
252 238 331 281 124
502 249 803 278 ms'romARVM
831 250 1004 278 moriar.
1039 251 1209 278 mBRoR.
1239 251 1382 284 RELIQ.
1419 246 1452 282 6.
1477 246 1513 283 7.

248 354 363 387 tivum
387 352 425 384 in
449 350 572 384 verbis
599 350 896 392 conruptissumis
920 350 1038 384 latere
1062 353 1231 393 teneant,
1265 352 1429 395 profecto
1462 353 1585 386 facere
1610 363 1682 386 non
1705 363 1767 397 po-

249 400 370 431 terunt
396 397 479 438 quin
506 394 782 437 grammaticum
806 396 931 436 verba,
959 407 1052 439 quae
1071 400 1248 439 conrupta
1265 398 1481 438 invenisset,
1508 408 1682 440 pervorse
1704 398 1766 432 ad—

249 443 376 474 tulisse
395 443 575 479 statuant,
597 442 706 481 atque
726 440 920 473 audaciore
939 442 1151 474 coniectura
1167 442 1287 474 locum
1300 443 1564 475 emendandum
1577 446 1765 484 censeant,

248 487 285 518 id
311 486 403 527 quod
427 485 516 516 mihi
547 484 618 526 ipsi
649 484 735 516 olim
768 485 905 517 adcidit
929 485 1036 518 Obss.
1061 498 1096 529 p.
1122 485 1182 527 28,
1216 487 1280 519 ubi
1312 487 1453 520 conieci
1483 489 1668 530 Perpenna
1696 499 1767 527 cum

246 534 376 572 paucis.
386 531 566 572 profectus
589 530 643 561 via
667 540 713 562 ea·
737 535 832 562 aestu
857 532 969 563 arida.
1011 531 1075 563 Set
1093 542 1173 564 eam
1190 532 1287 564 viam
1304 542 1449 574 prorsus
1474 543 1570 565 nunc
1594 531 1767 565 deserun-

249 576 331 607 dam
358 575 515 607 arbitror
539 577 649 616 atque
676 585 719 606 ex
742 575 832 617 ipsis
858 576 963 608 Servi
986 577 1108 609 verbis
1133 587 1205 609 non
1231 577 1315 619 quid
1339 588 1475 617 verum,
1502 581 1558 610 set
1583 577 1667 620 quid
1689 578 1768 611 veri

249 620 367 652 simile
386 621 433 652 sit
451 619 658 663 eruendum.
699 619 793 652 Illud
809 620 921 662 igitur
939 623 1077 653 certum
1094 622 1237 654 videtur
1254 622 1389 654 dictum
1413 623 1527 654 fuisse
1545 621 1589 654 de
1609 623 1767 663 actione,

250 675 343 706 quae
367 676 431 707 pro
455 665 611 696 honesta
638 674 681 696 ac
706 665 889 706 probabili
912 665 1084 698 habenda
1108 667 1302 707 videretur,
1331 670 1367 699 et
1392 678 1472 699 cum
1496 668 1534 699 in
1555 678 1622 709 pro
1637 672 1766 709 peetus,

246 714 459 751 prospectus,
484 712 678 751 prospectis
703 709 816 742 facile
842 710 1080 752 intellegatur
1096 711 1213 743 latere
1236 714 1453 754 proscriptis,
1480 713 1524 744 de
1548 712 1684 745 ultione
1708 712 1769 746 vel

248 765 366 797 poena
382 754 595 786 Sallustium
613 754 804 796 scripsisse
822 755 911 787 haut
924 756 1204 797 inprobabiliter
1219 757 1383 798 plerique
1402 767 1588 797 censuere,
1607 760 1647 789 ut
1656 758 1768 800 VVag-

247 810 356 831 nerus
381 800 461 831 Act.
490 809 610 841 gymn.
639 799 690 830 IX
714 811 748 842 p.
777 799 841 831 195
867 800 1040 832 conieci‘n:
1074 811 1185 842 poena
1216 805 1282 833 tam
1309 805 1430 843 paucis
1460 803 1664 844 proscriptis
1687 813 1770 835 vera

249 843 323 886 (vel
346 845 507 886 profecto
532 842 627 884 vera)
654 848 706 875 est
730 846 959 883 aestumanda,
984 845 1110 886 Mahly
1132 846 1221 878 Nov.
1240 846 1332 877 Ann.
1359 847 1528 879 LXXVII
1545 858 1580 889 p.
1598 846 1658 879 78:
1684 848 1769 879 Per-

246 901 378 931 pennae
400 900 514 931 poena
539 889 813 920 rescribendum
838 889 1026 923 iudicavit.
1067 890 1119 922 Ac
1144 891 1360 933 Perpennae
1386 891 1529 933 quidem
1554 892 1769 934 subplicium

247 935 380 966 iustum
405 935 569 976 profecto
597 944 618 965 a
644 935 770 975 quovis
795 934 890 966 bono
915 935 1123 967 habendum
1148 935 1217 967 fuit
1243 934 1381 977 (Drum.
1400 936 1450 968 IV
1467 948 1501 978 p.
1520 935 1586 969 375
1604 936 1684 978 sq.),
1712 940 1770 970 set

249 990 316 1022 quo
342 980 463 1019 modo,
492 979 522 1010 si
548 978 592 1010 de
619 989 661 1010 eo
687 979 823 1010 dictum
847 980 1115 1021 putaverimus,
1142 980 1282 1012 relicua
1307 981 1420 1013 verba
1445 981 1482 1012 in
1508 981 1658 1013 formam
1685 992 1768 1015 con-

246 1025 456 1057 venientem
482 1023 600 1065 redigi
625 1024 783 1065 possint,
819 1034 887 1066 ego
914 1024 1080 1066 equidem
1105 1035 1177 1057 non
1200 1026 1395 1067 perspicio.
1444 1027 1621 1068 VVagneri
1646 1029 1768 1059 autem

249 1070 443 1112 suspitioni
461 1064 719 1111 primum'illud
738 1069 872 1107 obstat,
893 1069 986 1110 quod
1003 1069 1046 1101 de
1066 1069 1192 1102 Sullae
1209 1071 1536 1112 proscriptionibus
1560 1071 1650 1103 illud
1666 1074 1768 1105 recte

247 1115 319 1146 dici
344 1125 415 1146 non
440 1114 573 1156 potuit,
607 1113 722 1146 verba
756 1117 876 1145 autem
902 1114 1051 1146 Sallusti
1075 1125 1147 1147 non
1173 1115 1306 1155 Sullae,
1342 1126 1446 1157 quem
1478 1116 1538 1148 vix
1561 1116 1768 1158 loquentem

246 1170 399 1202 usquam
423 1160 514 1191 fecit
539 1158 714 1200 scriptor,
751 1169 831 1190 esse
865 1159 1040 1202 adparet,
1072 1163 1148 1191 tum
1180 1160 1272 1202 quod
1300 1160 1512 1202 praeposita
1536 1160 1600 1193 illa
1625 1161 1770 1202 syllaba

247 1215 393 1247 prorsus
420 1203 578 1236 abicitur
604 1214 647 1235 ac
672 1203 894 1245 neglegitur.
943 1204 1135 1236 Excidisse
1160 1204 1375 1237 vocabulum
1400 1206 1515 1237 sensit
1539 1206 1673 1247 primus
1691 1206 1767 1238 Bu-

247 1253 341 1281 rette
368 1248 482 1289 (Gerl.
508 1248 626 1291 praef.
646 1259 679 1290 p.
699 1247 886 1290 XXXIII),
914 1252 969 1281 set
995 1249 1078 1290 quid
1103 1249 1216 1282 verba
1239 1249 1321 1281 illa:
1355 1251 1539 1292 Perpenna
1561 1255 1628 1282 tam
1650 1255 1770 1292 paucis

244 1295 431 1336 profectas,
455 1295 672 1335 prosperitas
696 1298 853 1326 vera-est
877 1295 1096 1326 aestumanda
1115 1293 1334 1336 significent,
1361 1305 1418 1327 me
1445 1305 1672 1338 concoquere
1695 1306 1769 1329 non

247 1349 354 1381 posse
379 1339 495 1370 libere
514 1338 646 1370 fateor.
690 1338 821 1370 Omnia
839 1338 951 1381 igitur
968 1339 1266 1381 circumspiciens
1286 1350 1441 1381 poenam
1459 1343 1639 1382 sumptam
1657 1340 1785 1376 aliam.

246 1384 438 1416 honestam
470 1393 678 1425 paucosque
711 1386 851 1415 tantum
876 1384 1098 1425 proscriptos
1125 1394 1205 1416 esse
1237 1384 1311 1416 dici
1341 1395 1413 1417 non
1442 1385 1606 1427 potuisse
1630 1386 1765 1427 inveni,

245 1429 317 1461 nisi
342 1429 386 1461 de
412 1428 533 1468 Sulla,
561 1428 621 1469 qui
652 1438 732 1460 cum
756 1428 909 1470 primum
939 1428 1066 1460 urbem
1099 1429 1282 1471 cepisset,
1315 1429 1506 1462 duodecim
1538 1430 1768 1464 advorsarios

245 1474 470 1516 proscripsit,
490 1483 628 1505 summa
645 1473 892 1505 moderatione
910 1483 995 1505 usus
1013 1472 1151 1514 (Drum.
1171 1474 1208 1506 II
1226 1485 1260 1516 p.
1279 1473 1357 1506 438.
1383 1474 1545 1507 Momms.
1564 1475 1602 1507 11
1619 1486 1653 1518 p.
1672 1474 1765 1517 249),

249 1519 295 1551 ad
321 1528 473 1561 eamque
500 1518 722 1550 sententiam
746 1518 861 1550 verba
887 1518 1081 1555 emendare
1107 1522 1259 1551 conatus
1285 1529 1375 1559 sum,
1401 1522 1458 1551 set
1481 1519 1576 1552 haec
1600 1520 1767 1553 incertis-

247 1574 350 1596 suma
375 1574 456 1596 esse
481 1563 561 1605 ipse
587 1563 818 1605 persentiens
843 1563 1089 1606 fragmentum
1115 1564 1161 1596 ad
1183 1564 1327 1596 incerta
1344 1565 1495 1606 reicere,
1523 1575 1630 1607 quam
1653 1565 1768 1608 primo

245 1609 338 1642 libro
365 1609 561 1651 adsignare
586 1608 709 1640 malui.
749 1644 758 1654 .

361 1677 386 1716 6
419 1675 607 1728 [Kr.143.
637 1678 675 1713 G.
697 1679 710 1714 1
732 1675 808 1728 28].
840 1675 957 1714 Proh.
980 1688 1017 1726 p.
1051 1675 1148 1714 120:
1180 1675 1276 1715 ‘Bis’
1305 1680 1444 1717 tertiae
1469 1682 1560 1716 sunt
1585 1679 1769 1718 declina—

246 1746 378 1791 tionis,
416 1755 509 1782 uam
541 1742 622 1782 ‘bis'
651 1743 816 1791 faciunt
838 1746 1036 1791 omeliam,
1075 1745 1151 1783 ίΙῑὶο
1179 1744 1340 1783 Anubls’
1379 1747 1439 1784 vel
1473 1746 1654 1793 Ueurbis‚
1678 1746 1768 1784 ‘lm-

245 1814 308 1851 ius
341 1810 500 1850 Anubls'
531 1813 591 1849 vel
620 1810 807 1855 Ucurbis,
839 1822 976 1851 nomen
1006 1813 1173 1851 civitatis
1198 1814 1338 1850 lectum
1360 1815 1400 1850 in
1422 1813 1619 1852 Sallustio.
1671 1812 1768 1852 Cum

252 1879 416 1919 Ueurbis
450 1878 535 1917 cod.
569 1878 761 1928 scriptura
801 1878 871 1924 sit,
911 1879 991 1917 veri
1024 1878 1276 1918 simillunium
1314 1884 1390 1924 est,
1429 1880 1533 1918 idem
1567 1880 1766 1931 oppidum,

247 1947 351 1998 quod
385 1948 423 1985 in
452 1946 490 1985 h.
522 1946 628 1996 Hisp.
661 1958 694 1983 c.
731 1947 754 1984 7
789 1945 929 1984 [scabis
959 1947 1183 1985 nominatur
1215 1946 1413 1998 (Mannert.
1446 1947 1462 1985 Ι
1493 1959 1530 1998 p.
1559 1947 1676 1999 313),
1718 1947 1766 1987 ab

247 2014 428 2053 Sallustio
459 2015 497 2052 in
527 2013 618 2052 belli
646 2014 860 2052 Sertoriani
881 2014 1103 2052 narratione
1129 2018 1462 2052 connieinoratum
1490 2015 1619 2053 fuisse.
1669 2015 1767 2054 Nam

249 2083 414 2120 Curubis
444 2080 515 2131 (ita
556 2082 659 2119 enim
689 2080 774 2119 Asc.
817 2084 852 2119 et
881 2080 1039 2119 Putsch.
1081 2082 1308 2132 scripsere),
1349 2081 1453 2132 quod
1494 2086 1551 2121 est
1580 2082 1766 2135 oppidum

247 2149 481 2198 Zeugitanae
521 2147 722 2202 (Mannert3
753 2147 786 2186 X
818 2147 842 2185 2
873 2159 910 2197 p.
944 2146 1060 2200 249),
1096 2150 1384 2187 conmemorari
1413 2161 1491 2187 non
1518 2150 1663 2200 potuit,
1694 2150 1768 2189 nisi

246 2217 285 2254 in
313 2214 416 2255 bello
456 2215 503 2254 ab
534 2215 728 2265 Pompeio>
760 2215 798 2253 in
826 2214 953 2254 Africa
989 2218 1099 2264 gesto
1135 2215 1220 2266 (vid.
1255 2215 1302 2254 fr.
1333 2216 1347 2254 Ι
1377 2216 1466 2268 39),
1505 2217 1553 2255 de
1591 2229 1669 2268 quo
1701 2229 1766 2256 co-

245 2283 354 2333 piose
383 2281 606 2321 Sallustium
642 2282 866 2332 exposuisse
899 2282 1083 2321 credibile
1113 2295 1192 2321 non
1224 2287 1292 2322 est.

361 2373 384 2410 7
418 2371 497 2424 [Kr.
519 2374 544 2409 Ι.
572 2376 615 2409 67
645 2373 718 2409 G.l
744 2371 842 2423 108]
873 2372 1095 2412 Victorinus
1125 2373 1172 2411 ad
1201 2372 1276 2412 Cic.
1299 2373 1413 2412 Rhet.
1445 2386 1483 2424 p.
1514 2373 1538 2412 5
1560 2374 1620 2413 ed.
1647 2373 1768 2417 Orelli

246 2444 452 2492 postquam
485 2439 531 2477 fr.
570 2440 586 2478 I
618 2438 642 2478 8
674 2439 837 2491 protulit
870 2440 925 2478 sic
965 2441 1110 2490 pergit:
1152 2441 1364 2487 Quaeritur
1401 2446 1530 2480 autem
1566 2446 1696 2480 utrum
1725 2444 1766 2481 in

245 2509 354 2549 bellis
383 2509 539 2556 aliquid
563 2509 687 2556 possit
714 2509 947 2556 eloquentia.
1008 2508 1139 2546 Potest
1165 2510 1267 2546 em‘m
1297 2510 1382 2547 siue
1410 2510 1526 2547 dubio
1553 2514 1591 2547 et
1617 2513 1766 2548 tantum

245 2579 434 2626 quantum
458 2576 580 2613 virtus
603 2579 740 2623 potest.
793 2575 895 2612 Nam
924 2577 1062 2613 virtute
1085 2576 1185 2614 bella
1211 2578 1417 2622 finiuntur.
1465 2577 1562 2615 Ideo
1587 2587 1683 2625 erqo
1711 2578 1769 2616 ait

247 2644 406 2696 [nempe
437 2641 591 2693 Cicero]
622 2643 814 2681 ‘Plurima
851 2642 952 2681 bella
989 2641 1203 2681 restincta.
1262 2643 1350 2681 Iam
1394 2644 1498 2682 illud
1536 2650 1669 2682 notum
1698 2647 1766 2692 est,

245 2711 351 2759 quod
369 2711 470 2749 bella
496 2710 647 2748 ardere
671 2710 870 2754 dicautur,
902 2714 944 2747 ut
972 2711 1028 2747 ait
1056 2708 1218 2747 ardebat
1238 2710 1363 2748 omnis
1389 2709 1572 2762 Hispania
1595 2711 1764 2750 citerior.

244 2779 344 2817 Item
383 2778 469 2829 quis
507 2777 603 2815 tanti
631 2776 810 2815 incendia
849 2775 941 2815 belli
983 2775 1122 2828 [locus
1155 2780 1213 2814 est
1238 2775 1353 2826 Verg.
1385 2776 1427 2814 Α.
1467 2761 1641 2829 1'566].
1707 2776 1765 2816 Ex

246 2845 387 2896 quihus
415 2845 513 2883 adeo
544 2843 639 2882 illud
669 2845 708 2882 in
735 2844 885 2883 incerto
914 2843 1213 2895 relinquendum
1244 2847 1318 2888 est,
1359 2855 1452 2882 num
1489 2843 1607 2883 verba
1638 2845 1765 2884 arde-

244 2913 308 2950 bat
336 2914 461 2951 omnis
490 2912 692 2961 Hispania
720 2913 880 2951 citerior
910 2910 1066 2950 Sallusti
1097 2910 1251 2951 suerint.

607 2992 625 3008 0
