1826 3282
502 245 804 276 n1s‘1‘oR1Anvn
831 247 916 274 Lm.
947 248 981 274 11
1015 238 1194 277 79—84.
1557 229 1611 273 57

167 351 256 390 79
289 350 369 403 [Kr.
392 355 448 388 76.
476 351 516 388 G.
537 349 615 402 89].
673 349 834 389 Inmane
865 351 1053 400 quantum
1082 347 1200 386 animi
1230 356 1426 385 exarsere.

201 431 292 463 Non.
319 441 354 472 p.
378 428 422 461 87
447 440 475 462 s.
501 440 536 462 v.
559 430 711 461 insanum
723 439 791 470 pro
808 430 936 463 insane,
962 431 996 458 ιιι
1014 430 1151 458 immane
1172 437 1239 467 pro
1263 425 1450 457 inmaniter
1468 440 1511 446 --
1529 424 1611 457 sub-

89 475 197 508 iectis
221 475 341 507 hisce:
368 485 484 507 nomen
506 477 650 516 positum
670 484 739 515 pro
770 472 943 505 adverbio.
992 472 1095 503 Duas
1126 481 1185 503 res
1217 471 1286 503 hoe
1316 470 1410 502 libro
1442 472 1612 501 narratas

90 521 203 553 fuisse
237 520 492 563 cognovimus,
525 520 562 552 in
598 519 729 562 quibus
762 518 875 551 animi
905 516 1143 549 vehementer
1174 516 1326 554 adcensi
1358 517 1458 555 sunt,
1493 515 1537 548 fr.
1569 513 1614 548 40

90 569 128 599 et
153 566 196 598 sr.
225 565 276 598 12.

202 634 255 674 80
288 633 367 686 [Kr.
395 637 451 671 78.
492 635 531 671 G.
558 631 635 685 34].
694 632 828 671 Genus
868 630 1071 669 bominum
1103 640 1244 680 vagum
1283 634 1322 669 et
1348 631 1494 682 rapinis
1525 643 1614 670 sue-

88 705 170 740 tum
202 702 326 752 magis
355 713 472 752 quam
504 712 693 751 agrorum
723 698 904 738 cultibus.

200 768 304 801 Arus.
325 769 450 801 eodem
467 767 550 801 loco
568 767 766 809 eodemque
783 766 849 799 sub
866 765 1039 798 lemmate
1058 767 1168 806 atque
1194 765 1237 796 fr.
1259 764 1315 796 67.
1356 765 1479 798 Verba
1497 766 1623 810 fuisse,

88 813 126 845 in
145 813 398 856 descriptione
423 816 545 846 terrae
571 813 782 851 cuiusdam,
798 811 878 844 veri
902 810 1022 843 simile
1048 810 1230 842 iudicabis
1257 810 1403 842 conlato
1428 811 1509 843 loco
1534 811 1614 853 lug.

90 858 143 898 17,
169 857 204 890 6.
251 858 458 891 Secundum
483 868 540 897 ea,
567 868 660 900 quae
686 857 731 889 de
755 856 964 889 Pisidarum
989 858 1100 898 gente
1125 856 1322 888 memoriae
1347 856 1493 898 prodita
1517 859 1614 897 sunt,

86 904 215 936 verba
227 903 292 936 illa
318 905 354 936 ei
378 903 575 936 convenire
600 913 672 935 non
696 902 905 945 negaveris.

202 970 253 1011 81
289 971 368 1024 [Kr.
389 976 445 1009 79.
477 974 516 1010 G.
541 970 619 1024 40].
674 972 807 1011 Genus
837 970 956 1010 armis
983 968 1092 1008 ferox
1125 973 1163 1008 et
1192 969 1324 1007 serviti
1352 968 1562 1008 insolitum.

199 1039 304 1071 Arus.
357 1039 475 1071 .:241
508 1039 662 1071 insolitus
691 1039 787 1071 huius
816 1040 879 1070 rei.
935 1037 1063 1070 Salust.
1098 1036 1254 1068 Hist.11
1286 1036 1365 1068 cod.
1400 1035 1468 1068 Gu.
1517 1037 1614 1069 Idem

86 1085 181 1117 Hist.
206 1084 225 1116 I
249 1084 271 1115 4
294 1051 353 1116 Ap
362 1085 411 1116 Μ.
451 1085 508 1117 De
533 1084 779 1126 Hispanorum
805 1089 915 1126 gente
941 1083 1043 1114 dieta
1068 1082 1183 1114 fuisse
1208 1081 1298 1113 haut
1323 1082 1566 1124 inprobabile.

201 1151 255 1192 82
286 1151 366 1204 [Kr.
391 1156 447 1189 80.
463 1137 517 1190 -G.
539 1151 616 1204 31].
672 1151 770 1199 Nam
798 1149 938 1202 procul
966 1154 1004 1190 et
1034 1150 1208 1207 divorsis
1227 1162 1274 1189 ex
1304 1150 1545 1199 regionibus.

200 1219 344 1252 Charis.
370 1219 408 1251 II
432 1230 466 1261 p.
492 1218 576 1251 215:
607 1219 735 1251 Procul
758 1218 939 1250 Sallustizm
968 1218 1189 1250 historiarum
1211 1218 1266 1249 11:
1291 1228 1377 1249 nam
1396 1234 1441 1240 -—
1456 1218 1614 1260 regioni-

85 1265 172 1305 bus,
199 1265 257 1297 ubi
278 1265 397 1306 Asper
423 1263 516 1306 ‘erqo
536 1266 662 1306 procul
683 1274 701 1296 e
726 1266 799 1296 loco
826 1261 857 1305 [e
882 1264 1060 1306 lonqinquo
1086 1262 1180 1294 coni.
1206 1263 1338 1300 Kritz]
1365 1264 1439 1294 est'.

201 1343 254 1384 83
290 1343 370 1396 [Kr.
389 1347 446 1381 81
478 1345 517 1382 G.
541 1342 619 1395 97].
647 1342 836 1384 Dubium
860 1354 910 1381 an
931 1343 971 1381 in
994 1342 1118 1382 insula
1149 1343 1210 1386 sit,
1243 1341 1347 1393 quod
1378 1341 1473 1382 Euri
1497 1345 1613 1394 atque

85 1412 206 1452 Africi
236 1412 466 1463 superiaetis
493 1410 678 1450 fluctibus
707 1409 1010 1450 circumlavitur.

198 1491 290 1523 Non.
317 1502 352 1533 p.
378 1489 463 1530 344,
500 1500 569 1532 quo
594 1491 674 1522 lavit
698 1500 762 1532 pro
788 1491 879 1522 lavat
909 1489 1048 1522 dictum
1074 1499 1155 1521 esse
1181 1488 1460 1520 demonstretur.
1508 1489 1615 1521 Libri

86 1536 265 1569 exhibent
288 1540 322 1568 in
347 1538 466 1568 ansula
487 1538 542 1573 sit,
567 1535 664 1567 unde
689 1535 779 1566 mihi
803 1535 943 1567 rectius
967 1534 1165 1567 videbatur
1190 1533 1291 1566 effici
1315 1544 1424 1576 posse
1449 1545 1493 1565 an
1516 1536 1550 1566 in
1566 1535 1614 1565 ἰη-

83 1585 159 1614 sula
187 1583 248 1619 sit,
282 1591 390 1623 quam
421 1580 517 1623 quod
547 1579 715 1622 plerique
747 1590 922 1622 recepere
954 1591 998 1611 an
1028 1580 1138 1611 insula
1167 1580 1228 1611 sit.
1283 1579 1355 1611 Pro
1380 1579 1499 1620 Africi
1528 1579 1614 1611 libri

85 1627 230 1664 astrici,
238 1626 295 1658 AJ
312 1630 442 1663 austri,-
458 1636 523 1668 pro
539 1627 806 1658 circumlabitur:
830 1625 1089 1661 circumlabitur,
1114 1623 1322 1660 circumlabit
1338 1625 1392 1662 L„
1410 1626 1615 1657 circumluvit

64 1678 67 1680 “
88 1672 182 1711 edd„
210 1681 304 1713 quae
330 1671 539 1703 iamdudum
563 1673 665 1702 recte
691 1673 777 1702 sunt
801 1670 1011 1702 emendata.
1062 1670 1178 1709 Quem
1203 1669 1322 1702 locum
1341 1668 1537 1702 Sallustius
1554 1670 1615 1702 de-

86 1716 290 1759 scripserit,
317 1726 536 1758 quamquam
560 1716 599 1747 in
623 1718 729 1747 tanta
753 1715 979 1753 obscuritate
998 1725 1120 1747 errare
1140 1718 1250 1756 atque
1273 1714 1351 1746 labi
1375 1725 1536 1757 pronum.
1545 1718 1613 1753 est,

86 1766 211 1794 tamen
235 1771 320 1793 num
346 1761 408 1803 qui
431 1760 591 1793 inveniri
614 1761 744 1802 possit,
770 1760 808 1791 in
834 1770 939 1801 quem
963 1760 1079 1792 verba
1104 1759 1170 1791 illa
1195 1759 1392 1801 quadrent,
1425 1770 1489 1802 pro
1514 1760 1615 1792 virili

86 1810 191 1850 parte
224 1805 424 1848 periculum
456 1805 666 1837 faciundum
698 1808 765 1836 est.
821 1804 910 1836 Cum
948 1805 1060 1847 igitur
1088 1812 1213 1836 omnes
1248 1804 1419 1847 regiones
1451 1808 1488 1837 et
1518 1805 1613 1843 loca,

87 1862 181 1894 quae
205 1851 274 1883 hoc
298 1851 392 1882 libro
417 1852 691 1882 conmemorata
710 1860 790 1881 esse
807 1850 885 1882 veri
903 1849 1020 1881 simile
1041 1852 1107 1888 est,
1134 1849 1464 1891 circumspicerem,
1488 1850 1615 1882 inveni
1671 1869 1674 1871 -

86 1897 244 1930 fortasse
270 1896 316 1928 de
342 1895 567 1938 Carthagine
591 1895 696 1926 Nova
721 1894 857 1926 dictum
882 1894 1008 1926 fuisse.
1057 1895 1114 1926 Ea
1141 1894 1236 1926 enim
1259 1894 1346 1926 urbs
1371 1894 1443 1926 sita
1468 1898 1548 1927 erat
1576 1895 1614 1927 in

86 1941 325 1989 paeninsula,
353 1941 399 1973 ab
425 1943 505 1973 ortu
530 1943 567 1972 et
590 1940 742 1972 meridie
768 1940 891 1972 cincta
914 1939 1023 1979 mari,
1058 1939 1258 1971 continenti
1289 1939 1414 1981 iugum
1438 1939 1614 1972 ducentos

87 1987 179 2020 fere
200 1989 237 2019 et
269 1986 535 2039 quinquaginta
565 1995 696 2027 passus
729 1987 861 2035 patens
893 1984 1142 2035 coniungebat
1167 1983 1268 2034 (Igiv.
1294 1984 1415 2016 XXVI
1438 1985 1494 2016 42.
1521 1993 1614 2018 ωστε

86 2027 153 2064 τὸν
178 2028 314 2064 λοιπὸν
337 2041 456 2064 τοπον
479 2040 588 2073 μεχρι
612 2028 694 2081 τῆς
706 2023 769 2062 ἐπὶ
794 2024 945 2081 θατερα
962 2024 1172 2078 θαλάσσης,
1199 2020 1239 2066 ὃς
1261 2026 1326 2061 καὶ
1344 2024 1527 2062 συνάπτει
1544 2024 1615 2072 τὴν

86 2072 199 2110 πόλιν
222 2072 318 2118 πρὸς
341 2070 412 2119 τὴν
435 2068 615 2118 ἤπειρον,
647 2069 698 2127 μὴ
723 2071 840 2107 πλέον
863 2068 1054 2116 ὑπάρχειν
1084 2085 1108 2116 η
1143 2072 1256 2106 ὃυοιν
1286 2073 1455 2106 σταδίων
1484 2075 1612 2116 Polyb.

86 2123 120 2154 X
146 2121 188 2154 lo
209 2133 246 2167 p.
265 2120 331 2154 652
357 2121 413 2153 ed.
430 2119 586 2161 Bekk.):
613 2120 746 2162 quippe
773 2120 819 2152 ab
845 2119 1035 2152 occidente
1061 2122 1233 2161 stagnum
1258 2123 1350 2159 erat,
1375 2119 1560 2162 paululum
1579 2123 1615 2152 et

88 2167 134 2200 ad
159 2167 446 2210 septentrionem
471 2165 602 2205 fusum,
627 2165 794 2197 incertae
821 2164 1021 2197 altitudinis
1038 2167 1234 2206 utcumque
1261 2168 1454 2197 exaestuat
1472 2168 1535 2197 aut
1552 2165 1613 2197 de-

86 2212 164 2244 ficit
187 2222 300 2244 mare.
348 2212 427 2243 Iam
459 2211 504 2243 de
538 2221 583 2242 ea
607 2209 741 2261 palude
766 2210 894 2262 Polyb.
927 2210 952 2242 l.
979 2220 1010 2242 c.
1038 2210 1202 2262 scripsit.
1235 2208 1437 2260 συμβαίνει
1471 2205 1514 2242 δὲ
1541 2205 1615 2261 τὴν

87 2257 228 2299 λίμνην
250 2255 297 2299 τῇ
319 2251 583 2298 παρακειμένῃ
607 2249 782 2308 θαλάττῃ
806 2251 971 2296 σύρρουν
995 2264 1192 2296 γεγονεναι
1202 2250 1484 2306 χειροποιήτως
1502 2250 1615 2298 χάριν

87 2301 162 2334 τῶν
186 2299 497 2355 θαλαττουργοῖν.
523 2294 620 2332 κατὰ
648 2295 690 2332 δὲ
715 2295 785 2351 τὴν
808 2299 877 2332 τοῦ
902 2298 1137 2351 ὃιείρχοντος
1162 2292 1283 2337 αὐτὰς
1307 2299 1456 2353 χείλους
1483 2300 1613 2333 διακο

87 2342 166 2397 πὴν
189 2343 340 2389 γέφυρα
363 2354 659 2378 κατεσκευασται
684 2356 779 2386 προς
808 2340 850 2377 τὸ
882 2342 947 2377 καὶ
978 2355 1025 2377 τα
1056 2338 1244 2397 υποζυγια
1276 2342 1340 2377 καὶ
1372 2356 1440 2383 τας
1463 2339 1615 2389 αμαξας

87 2387 206 2434 ταύτῃ
230 2391 431 2424 ποιεῖσθαι
456 2385 528 2433 τὴν
551 2385 825 2433 παρακομιδὴν
848 2400 924 2422 των
951 2383 991 2422 ἐκ
1015 2388 1084 2432 τῆς
1101 2400 1224 2432 χωρας
1248 2383 1482 2432 ἀναγκαίων.
1525 2391 1614 2423 Cum

88 2441 211 2469 autem
220 2440 406 2478 stagnum
432 2436 478 2467 ab
503 2435 655 2467 meridie
681 2445 760 2467 cum
786 2436 877 2467 mari
903 2433 938 2476 (v
944 2435 977 2466 el
994 2435 1114 2477 potius
1131 2436 1212 2467 sinu
1229 2435 1354 2471 maris)
1381 2436 1614 2468 coniunctum

87 2482 201 2514 fuisse
229 2492 273 2514 ex
297 2481 381 2513 Livi
412 2480 535 2513 verbis
566 2482 717 2512 incertae
740 2498 786 2503 -—
817 2491 910 2512 mare
942 2480 1140 2522 adpareat,
1174 2480 1268 2522 qnod
1300 2484 1378 2512 arte
1410 2481 1614 2523 perfossum

88 2527 202 2559 fuisse
226 2526 354 2567 Polyb.
381 2525 564 2563 narravit,
596 2524 686 2557 illud
709 2525 834 2567 iugum
858 2525 972 2557 fuisse
1004 2528 1289 2557 consentaneum
1315 2528 1382 2557 est.
1431 2526 1509 2557 Iam
1535 2525 1614 2557 Sal-

24 2573 27 2575 ’
86 2571 174 2604 lusti
191 2574 315 2604 aetate
334 2571 436 2602 fossa
454 2569 518 2602 illa
534 2569 678 2602 videtur
702 2569 878 2612 conlapsa
903 2570 1028 2610 fuisse,
1050 2573 1107 2602 set
1127 2570 1246 2602 ventis
1266 2571 1311 2601 ab
1328 2570 1478 2602 meridie
1496 2570 1614 2602 flanti-

87 2617 155 2648 bus
178 2634 223 2639 -—
248 2619 285 2648 et
308 2616 426 2647 Eurus
453 2617 489 2647 et
512 2614 659 2647 Africus
685 2615 731 2647 ab
756 2615 907 2647 meridie
933 2615 1033 2654 flant,
1060 2618 1116 2646 set
1140 2615 1200 2646 ille
1228 2615 1273 2646 ab
1300 2614 1463 2653 Oriente,
1488 2615 1549 2646 hic
1567 2615 1614 2646 ab

88 2661 303 2700 Occidente,
330 2663 367 2693 et
391 2659 459 2693 soli
483 2659 712 2692 meridionali
736 2662 846 2693 vento
864 2660 1066 2702 expositum
1091 2659 1203 2691 fuisse
1230 2660 1358 2697 sinum,
1385 2660 1422 2690 in
1440 2669 1509 2700 quo
1526 2658 1614 2690 Car-

87 2706 201 2749 thago
223 2706 330 2739 Nova
353 2705 425 2737 sita.
451 2708 548 2744 erat,
581 2704 755 2746 Polybius
782 2708 819 2737 et
841 2705 969 2737 Livius
995 2707 1247 2736 contestantur
1272 2721 1312 2725 —
1319 2703 1483 2742 ‚fluctus
1508 2714 1617 2746 super

86 2751 211 2793 iugum
234 2751 327 2783 iacti
350 2753 390 2782 ut
413 2750 452 2782 in
474 2749 595 2781 insula
618 2750 704 2782 urbs
729 2750 878 2782 condita
900 2749 1086 2782 videretur
1112 2748 1294 2779 effecisse.

201 2816 259 2862 84
284 2817 366 2870 [Kr.
386 2821 443 2855 90.
474 2819 514 2856 G.
535 2816 614 2869 63].
674 2817 723 2856 Et
752 2817 878 2856 Poeni
908 2816 1040 2855 serunt
1070 2815 1191 2854 adun
1194 2816 1301 2852 sus
1319 2826 1446 2854 anem.

200 2884 341 2916 Adtulit
370 2884 464 2916 haec
497 2895 540 2916 ex
572 2883 731 2916 secundo
762 2883 855 2914 libro
881 2881 1031 2914 Sallusti
1060 2882 1197 2912 Donat.
1232 2881 1278 2913 ad
1309 2881 1393 2914 Ter.
1425 2882 1570 2915 Phorm.
1597 2884 1615 2916 Ι

87 2928 119 2969 3,
148 2928 200 2969 19,
227 2939 295 2971 quo
319 2933 352 2961 et
376 2939 449 2961 non
473 2929 576 2961 modo
601 2928 860 2966 connexivam,
887 2930 943 2958 set
966 2926 1189 2968 inceptivam
1214 2926 1506 2960 coniunctionem
1532 2939 1614 2961 esse
