1800 3250
209 246 233 284 6
635 253 932 282 HISTORIARVM
964 253 1047 280 ΜΒ.
1079 254 1094 279 1
1140 248 1239 282 15—
1259 247 1311 282 18.

209 362 403 400 usurpatum
427 357 619 388 concinnius
644 358 701 385 aut
724 354 971 394 conyruentius.
1019 352 1179 385 Tantum
1205 353 1440 394 antiquitatis
1466 363 1554 385 cura
1579 356 1598 385 e
1633 376 1641 384 .
1657 362 1733 395 ·pro
1788 383 1794 395 ,

211 403 346 435 Italica
371 404 479 443 gente
506 399 707 431 maioribus
733 398 913 431 Sallustius
938 401 996 429 ait.
1046 398 1270 441 Antiquitatis
1301 398 1433 430 verbum
1462 399 1634 436 usitatum,
1670 398 1734 430 sed

212 458 370 490 nusquam
394 443 489 487 [eo]
519 454 618 476 sensu
643 447 838 484 usur-putum
865 441 1016 485 Meque?
1040 442 1167 475 Malim
1193 441 1248 485 at]
1282 443 1388 485 probe
1419 443 1592 475 adscitum.
1648 443 1734 474 Num

211 494 305 532 volffl)
337 492 460 522 dit-itur
491 489 580 531 quod
606 490 720 529 potius
744 488 796 527 sit
828 489 994 530 antiquius
1023 498 1109 520 esse.
1164 488 1252 520 Inde
1283 489 1359 529 ipsa
1390 487 1549 520 Sallustio
1579 489 1733 520 derivato

215 535 472 578 [Sequentibus
497 533 620 566 verbis
643 533 780 565 Fronto
806 532 875 565 hoc
900 532 1036 564 dixisse
1060 533 1219 574 videtur,
1245 533 1363 575 ipsum
1388 532 1476 564 Sall.
1503 532 1597 574 quod
1621 532 1734 564 inusi-

212 584 327 613 tatum
351 578 572 611 vocabulum
598 580 711 615 esset,
738 578 907 619 sequenti
931 577 1042 609 verbo
1070 576 1302 620 explicasse}
1335 595 1379 601 --
1411 577 1512 610 Serv.
1546 577 1592 608 ad
1622 577 1733 620 Verg.

213 626 278 657 Ge.
303 625 341 656 Π
365 622 447 655 209:
481 623 716 665 Antiquusque
741 624 864 660 domos,
891 626 949 654 aut
972 633 1095 654 revera
1111 625 1267 665 antiquus
1291 627 1349 655 aut
1373 633 1486 655 eurus.
1530 622 1735 654 Sallustius?

211 671 369 701 Tantum
395 668 629 710 antiquitatis
656 677 837 711 curaeque
862 667 1063 699 maioribus
1087 679 1151 709 pro
1176 667 1313 700 Italica
1338 671 1448 709 gente
1478 667 1559 699 suit.
1608 666 1661 699 Id.
1689 665 1736 712 ad

211 715 299 745 Aen.
326 713 364 745 II
388 712 472 745 635:
506 715 727 755 antiquusque
759 713 890 750 domos,
922 723 1024 744 caras
1055 711 1260 754 (Sallustius
1293 712 1527 755 antiquitatis
1553 721 1735 754 curaeque

210 770 274 801 pro
299 758 435 790 Italica
460 756 598 800 geute).
1251 793 1259 795 ‚
1525 777 1530 781 -

323 804 380 835 De
405 803 506 844 loco,
541 813 647 845 quem
676 802 770 835 haec
802 802 917 835 verba
942 803 1145 844 tenuerint,
1173 802 1362 835 adsentior
1384 801 1548 835 Linkero
1574 801 1619 835 de
1645 800 1734 833 Sall.

211 848 296 881 hist.
322 858 482 891 prooem.
507 859 541 890 p.
569 847 624 880 57.

327 929 347 951 '³⁴
368 928 416 966 15
457 926 536 980 [Kr.
555 929 599 965 ΙΙΙ
616 931 677 970 81,
699 928 713 964 I
734 931 771 962 l7
792 930 846 965 cd.
869 929 1002 975 noviss.
1021 929 1060 965 G.
1078 928 1146 965 inc.
1164 925 1241 978 67].
1300 925 1403 965 Citra
1432 926 1582 965 Padum
1612 926 1736 964 omni·
1781 967 1786 969 ,

213 995 287 1034 bus
316 994 379 1033 lex
410 994 556 1033 Licinia
585 998 709 1033 taetra
741 994 823 1033 fuit.

326 1062 432 1093 Haec
465 1062 578 1093 verba
613 1061 658 1093 ab
686 1058 861 1094 Cledonio
888 1072 922 1103 p.
951 1060 1036 1093 1934
1060 1062 1100 1093 Ρ.
1136 1061 1180 1093 ob
1205 1060 1517 1103 praepositionem
1540 1060 1630 1092 citra
1654 1069 1737 1092 con-

213 1110 415 1138 memorata
442 1109 618 1148 conrupte
643 1106 696 1138 ibi
721 1106 908 1148 leguntur:
937 1124 976 1128 —
992 1108 1050 1138 lea:
1076 1106 1230 1138 Lucania
1249 1106 1370 1147 frutra
1389 1107 1468 1147 fuit.
1515 1106 1658 1138 Primus
1684 1105 1738 1137 eis

212 1151 334 1183 lucem
361 1151 497 1183 adtulit
515 1150 703 1183 Casselius
729 1150 802 1193 (ap.
828 1151 944 1182 Kritz.
964 1162 998 1193 p,
1017 1149 1124 1191 273)„
1138 1161 1218 1182 cum
1245 1151 1467 1183 acutissume
1491 1150 1754 1193 perspexisset‘

214 1197 251 1228 in
277 1197 433 1228 Lucania
457 1196 575 1228 latere
601 1197 736 1228 Licinia
761 1199 798 1228 et
822 1195 896 1228 dici
922 1196 966 1228 de
991 1195 1074 1237 lege
1099 1195 1248 1227 Licinia
1272 1196 1413 1237 Mucia,
1442 1206 1475 1227 a.
1501 1194 1568 1227 659
1593 1193 1664 1236 (85)
1692 1194 1738 1226 ab

214 1251 306 1273 coss.
331 1242 374 1272 L.
401 1241 548 1273 Licinio
575 1240 707 1272 Crasso
731 1241 774 1281 Q.
792 1241 916 1272 Mucio
935 1239 1117 1272 Scaevola
1134 1240 1278 1282 perlata
1304 1239 1585 1282 (cfr.—G6ttling.
1605 1238 1738 1271 Gescha

214 1286 248 1318 d.
276 1297 303 1317 r.
329 1285 550 1318 Staatsverf.
577 1297 612 1328 p.
638 1285 731 1326 449).
781 1286 859 1317 Iam
893 1296 936 1317 ex
968 1285 1090 1317 verbis
1125 1284 1278 1317 Omnibus
1309 1287 1399 1317 citra
1429 1286 1560 1317 Padum
1585 1284 1739 1327 apertis-

214 1341 353 1362 sumum
387 1334 442 1362 est
481 1330 674 1372 scripsisse
709 1330 923 1375 Sallustium
948 1330 992 1362 de
1017 1330 1072 1370 vi,
1112 1340 1220 1377 quam
1250 1330 1315 1362 illa
1340 1330 1400 1362 lex
1425 1329 1472 1362 ad
1495 1330 1651 1375 Italicos
1674 1328 1739 1360 ha-

213 1376 366 1408 buisset.
415 1376 533 1418 Igitur
567 1375 753 1407 Cassclius
787 1374 1018 1407 scribendum
1045 1375 1282 1407 existumavit
1303 1376 1426 1415 fraudi
1444 1375 1529 1416 fuit,
1561 1374 1632 1406 hoc
1665 1373 1741 1406 dici

215 1421 432 1452 arbitratus:
468 1420 588 1462 legem
620 1419 722 1451 illam
754 1420 920 1452 omnibus
945 1419 1090 1451 Italicis
1114 1430 1331 1461 pergravem
1356 1420 1471 1452 fuisse
1497 1427 1739 1462 magnamque

215 1466 269 1497 eis
296 1465 474 1497 adtulisse
500 1465 708 1496 molestiam
734 1467 843 1507 atque
870 1465 1149 1496 incommodum.
1198 1464 1262 1496 Set
1280 1475 1360 1496 cum
1374 1465 1476 1504 fraus
1491 1475 1577 1496 vere
1597 1474 1641 1496 ac
1657 1474 1739 1506 pro-

214 1511 291 1552 prie
318 1510 464 1542 dicatur
488 1510 532 1541 de
560 1510 774 1542 calamitate
797 1520 861 1552 per
879 1510 1051 1541 iniuriam
1076 1509 1205 1548 inlata,
1230 1509 1331 1541 illam
1349 1512 1472 1541 autem
1487 1509 1608 1551 legem
1621 1511 1664 1540 ut
1688 1509 1740 1540 in-

214 1555 440 1597 prudentem,
469 1555 522 1586 ita
548 1555 796 1586 iustissumam
816 1555 928 1586 fuisse
948 1557 1091 1586 constet
1105 1553 1280 1594 (Momms.
1296 1554 1390 1586 ILR.
1404 1555 1441 1586 II
1454 1565 1488 1596 p.
1503 1551 1601 1595 214),
1621 1553 1740 1585 minus

214 1599 252 1631 id
276 1599 467 1641 probabile
494 1598 649 1631 videtur.
701 1599 805 1639 Quod
837 1599 1000 1631 sentiens
1029 1599 1152 1639 M’ahly
1182 1599 1273 1631 Nov.
1305 1599 1412 1630 Ann.v
1431 1594 1603 1631 LXXVII
1633 1609 1669 1640 p.
1694 1597 1740 1629 80

215 1645 376 1676 coniecit
398 1645 535 1684 frustra
547 1644 628 1684 fuit,
655 1644 694 1676 in
712 1644 807 1686 quod
824 1644 898 1676 iam
916 1647 1001 1675 ante
1022 1654 1103 1675 eum
1128 1644 1313 1675 inciderat
1330 1644 1494 1686 Wagner
1510 1643 1591 1676 Act.
1617 1653 1739 1686 gymn-

214 1690 267 1721 IX
291 1701 326 1731 p.
355 1688 430 1722 193.
480 1688 545 1721 Set
570 1689 655 1730 quid
680 1689 717 1720 id
743 1690 824 1721 est?
877 1689 970 1721 Num
1003 1688 1058 1720 illi
1088 1688 1208 1731 legem
1242 1698 1322 1720 eam
1347 1699 1420 1727 non
1444 1688 1660 1721 observasse
1684 1687 1739 1728 gli-

215 1735 368 1766 cuntur?
422 1734 478 1766 An
511 1734 550 1765 in
580 1733 724 1766 illorum
757 1734 896 1766 animos
928 1744 1000 1765 non
1031 1744 1112 1765 eam
1143 1733 1217 1765 vim
1247 1733 1394 1773 habuit,
1431 1743 1539 1775 quam
1571 1731 1740 1765 consules

215 1779 529 1821 expectaverant?
577 1779 753 1811 Neutrum
785 1779 859 1810 dici
890 1778 1027 1820 potuit3
1059 1788 1145 1809 nam
1178 1778 1239 1819 qui
1271 1781 1399 1810 contra.
1423 1778 1542 1819 legem
1567 1778 1625 1809 ius
1650 1777 1742 1809 civi-

214 1824 303 1856 tatis
321 1824 392 1856 sibi
408 1823 658 1865 adrogassent,
687 1824 740 1854 eis
757 1833 899 1865 poenae
925 1823 1148 1855 constitutae
1167 1825 1282 1860 erant,
1309 1826 1345 1855 et
1361 1833 1445 1854 num
1471 1822 1640 1854 consules
1663 1824 1740 1853 tarn

215 1869 340 1901 stolidi
372 1869 492 1909 fuere,
532 1871 573 1900 ut
605 1872 796 1910 sperarent
827 1868 947 1910 legem
979 1878 1081 1900 suam
1110 1867 1254 1899 Italicis
1285 1871 1427 1909 gratam
1461 1867 1562 1899 fore?
1617 1867 1739 1906 Quare

216 1914 436 1946 existumavi
461 1913 695 1946 scribundum
722 1923 802 1945 esse
820 1918 955 1950 taetra;
980 1916 1156 1944 terrorem
1174 1913 1306 1954 quippe
1325 1915 1363 1943 et
1379 1922 1555 1943 summam
1572 1911 1741 1953 indigna«-

214 1959 353 1991 tionem
379 1958 491 2001 sociis
516 1958 702 1998 iniecisse,
732 1969 819 2001 ergo
838 1961 998 1990 taetram
1016 1957 1134 1989 visam
1152 1967 1231 1989 esse
1251 1957 1396 1989 constat
1422 1956 1518 1996 (Asc.
1538 1954 1577 1988 sn
1594 1955 1756 1992 Cornel.¹

213 2015 246 2045 p.
274 2002 317 2035 67
343 2003 398 2035 ed.
427 2003 484 2035 Or.
511 2013 553 2035 ea
576 2005 648 2045 leye
673 2005 722 2035 ita
746 2004 886 2035 alienati
913 2003 1012 2034 animi
1026 2005 1118 2033 vsunt
1146 2004 1338 2043 principum
1370 2001 1569 2033 Italicorum
1593 2003 1738 2043 populo-

213 2059 294 2086 rum,
321 2053 356 2079 ut
380 2059 422 2080 ea
444 2050 497 2089 vel
518 2058 673 2080 muaeuma
697 2058 819 2079 caussa
842 2047 919 2079 belli
943 2047 1060 2078 Italici
1079 2045 1212 2087 fuerit).
1679 2047 1681 2049 ’

333 2126 383 2164 16
423 2125 502 2177 [Kr.
525 2129 577 2162 18.
609 2127 647 2162 G.
671 2124 747 2176 49].
811 2125 911 2163 Tum
947 2136 1037 2163 vero
1070 2124 1225 2163 Etrusci
1269 2137 1357 2164 cum
1389 2125 1530 2164 ceteris
1566 2124 1741 2164 eiusdem

217 2204 378 2232 caussae
410 2192 550 2231 ducem
583 2203 625 2231 se
652 2196 815 2230 nanctos
846 2193 919 2231 rati
948 2204 1132 2230 maxumo
1162 2192 1304 2241 gaudio
1331 2191 1478 2243 bellum
1509 2193 1681 2231 inritare.

327 2259 419 2291 Non.
445 2270 480 2301 p.
507 2258 548 2290 21
575 2259 617 2290 R.
651 2259 806 2291 Inriture
831 2259 954 2291 dic-tum
979 2263 1030 2291 est
1051 2260 1195 2300 proprie
1219 2269 1431 2300 provocare,
1466 2263 1608 2291 truc-tum
1638 2270 1660 2290 a
1683 2270 1739 2291 ea—

215 2304 320 2341 nibus,
348 2306 405 2346 qui
426 2315 497 2336 cum
519 2308 748 2345 provocantur
772 2305 918 2335 inruunt.
950 2321 995 2326 —-
1027 2303 1222 2336 Sallustius
1247 2304 1343 2335 Hist.
1368 2304 1431 2335 lib.
1458 2305 1493 2335 I:
1523 2305 1626 2335 Tunc
1651 2314 1738 2336 vero

217 2352 253 2379 et
270 2349 373 2390 posci
392 2359 472 2380 eum
490 2349 624 2380 ceteris
643 2348 805 2380 eiusdem
824 2359 959 2380 causae
978 2348 1104 2380 ducem
1124 2359 1163 2380 se
1188 2352 1319 2380 nactus
1336 2349 1409 2380 rati
1427 2349 1584 2381 maximo
1603 2349 1738 2391 gaudio

215 2393 351 2425 bellum
370 2394 522 2425 inritare
550 2392 632 2435 [em.
651 2392 791 2435 Merc.].
818 2411 862 2415 ψ
885 2393 990 2425 Arus.
1011 2405 1045 2435 p.
1065 2392 1150 2425 241:
1179 2393 1306 2425 Inrita!
1324 2393 1450 2426 bellum.
1493 2393 1568 2425 Sal.
1586 2393 1684 2428 Hist.
1701 2393 1736 2426 I:

215 2438 373 2470 maximo
399 2438 534 2480 gaudio
560 2438 694 2470 bellum
721 2439 887 2470 inritare.

327 2484 383 2515 De
409 2493 449 2514 re
476 2483 541 2514 cfr.
567 2483 724 2525 Appian.
750 2483 785 2514 b.
813 2493 844 2515 c.
869 2483 888 2515 I
912 2482 956 2515 49
981 2493 1034 2524 sq.

330 2562 351 2585 ’³‘
376 2561 423 2599 17
457 2560 536 2613 [Kr.
558 2566 610 2598 17.
634 2563 673 2599 G.
695 2561 772 2615 (39].
819 2561 912 2600 Post
941 2562 1200 2600 desectionem
1231 2545 1426 2601 sociorum
1454 2565 1492 2601 et
1521 2562 1616 2605 Lati.

279 2633 284 2638 ·
327 2628 464 2659 Donat.
492 2627 538 2659 ad
563 2628 645 2659 Ter.
672 2627 738 2660 Ad.
765 2629 821 2660 III
845 2628 877 2668 4,
900 2627 958 2659 12:
983 2629 1094 2660 socius
1119 2630 1241 2669 deficit,
1264 2640 1396 2671 pareus
1419 2629 1546 2670 prodit,
1571 2633 1736 2670 patronus

215 2674 353 2705 deserit.
402 2672 460 2704 Sic
485 2673 662 2705 Sallustius
687 2676 769 2715 post
794 2673 1042 2705 defectionem
1067 2674 1248 2706 sociorum
1275 2677 1311 2706 et
1334 2674 1446 2706 Latii.

328 2718 411 2749 Lati
434 2717 631 2759 intellegas
655 2719 821 2750 sociorum
845 2719 983 2750 nominis
1009 2720 1114 2750 latini.

333 2784 382 2823 18
414 2784 575 2836 [K1·.·20.
610 2787 649 2822 G.
686 2784 757 2837 19].
817 2784 911 2831 Quis
947 2784 1068 2824 rebus
1107 2785 1212 2825 Sulla
1252 2786 1441 2838 suspectis
1475 2793 1735 2837 maxumeque

216 2851 358 2890 ferocia
388 2852 493 2914 regis
523 2852 754 2891 Mithridatis
782 2852 821 2890 in
853 2855 1029 2903 tempore
1061 2851 1254 2892 bellaturi.
1459 2891 1462 2895 .

327 2916 431 2948 Arus.
459 2918 603 2959 p.·24l:
638 2918 681 2950 In
705 2922 855 2961 tempore
881 2922 902 2951 i.
929 2930 958 2952 e.
984 2923 1161 2961 oportune.
1218 2920 1288 2953 Sal.
1317 2920 1408 2952 Hist.
1435 2919 1471 2951 1:
1504 2919 1594 2960 Quis
1626 2919 1735 2952 rebus
