1852 3294
810 208 946 235 mut-:x
1052 206 1054 208 ’
1102 250 1108 257 ἡ
1507 169 1517 177 ’
1557 188 1630 230 321

156 314 297 354 praetor
313 311 340 344 C
358 311 421 352 42,
439 310 471 344 3.
498 309 560 350 46,
578 309 611 342 5.
628 307 663 342 6.
693 309 718 341 J
734 307 795 348 32,
819 307 833 339 1
861 306 936 349 (qui
953 310 1027 339 tum
1045 309 1195 350 praetor
1211 306 1319 348 erat).
1335 307 1368 340 5.
1397 307 1479 350 104,
1502 309 1517 342 1
1543 309 1638 352 (pro-

110 360 242 391 vinciae
259 357 435 399 Africae).
477 356 647 388 tribunus
671 357 734 386 aut
756 353 969 396 praefectus
994 356 1056 384 aut
1073 352 1218 395 legatus
1236 357 1300 386 ant
1316 357 1466 396 praetor
1480 355 1516 388 in
1535 367 1637 389 exer-

114 404 189 435 citu
219 404 343 435 fuerat
367 402 395 434 C
419 400 481 442 59,
507 400 540 432 6.
589 399 751 432 saevitia
773 397 953 440 praetoris
978 398 1005 429 C
1031 396 1093 437 33,
1122 397 1150 430 1.
1176 398 1208 429 5.
1253 403 1444 441 praetores
1467 401 1496 433 C
1520 400 1583 444 30,
1602 402 1635 435 5.

110 448 167 488 45,
190 447 219 480 1.
237 447 270 482 3.
287 448 320 480 4.
346 447 401 487 55,
420 447 452 479 2.
495 448 669 488 quaestor
692 453 757 486 pro
780 446 950 485 praetore
969 442 998 475 C
1019 442 1069 483 19,
1093 442 1120 475 l.
1161 450 1225 486 pro
1242 448 1412 486 praetore
1430 446 1637 490 relinquere

109 493 134 525 J
149 493 205 534 37,
224 493 256 526 3.
287 492 361 532 103,
380 493 412 524 4.

76 555 84 558 <
154 538 361 578 praetorium
375 538 399 570 J
415 535 454 576 8,
473 536 504 568 2.

155 583 356 623 praetorius.
387 582 514 614 cohors
533 590 600 612 —a
618 579 646 612 C
664 578 719 619 60,
738 579 769 611 5.
796 577 851 619 61,
870 577 902 610 3.
946 578 1164 611 candidatus
1182 579 1283 612 —ius
1299 581 1335 613 H
1351 581 1387 614 11
1402 580 1459 614 40.

154 630 318 668 praetura
331 628 356 659 J
371 628 402 666 4,
423 625 455 658 8.
480 625 536 665 85,
555 626 588 657 2.
1320 664 1325 669 s

153 673 345 713 praevenio.
377 682 471 714 quae
492 688 528 693 —
550 669 768 713 paravisset,
788 668 943 711 perfidia
962 669 1110 701 clientis
1127 674 1332 712 praeventa
1346 672 1442 713 J-71,
1461 672 1493 705 5.

95 721 98 723 ’
154 720 344 758 praevorto.
367 717 480 757 Quae
499 716 698 758 Spartacus
715 733 759 736 —
777 714 969 746 celeritate
988 718 1222 756 praevortere
1241 716 1276 748 H
1291 717 1346 749 III
1363 716 1425 757 67,
1449 717 1499 751 18.

153 763 308 803 pravitas
330 772 452 794 eorum
477 760 710 799 admiranda,
741 760 863 801 qui-
880 759 1064 802 ingenium
1085 777 1122 782 -
1143 763 1353 803 torpescere
1372 763 1496 801 sinunt
1510 764 1535 796 J
1550 765 1583 806 2,
1602 765 1635 801 4,

110 808 267 841 advorsa
283 809 323 839 in
340 807 561 849 pravitatem
577 823 623 827 --
640 804 929 847 conrumpebant
942 805 976 836 H
993 805 1028 836 ΙΙ
1045 804 1099 837 30.

153 862 288 893 pravus.
319 863 388 884 -a
405 852 558 883 ambitio
575 851 599 882 J
614 849 671 888 96,
686 850 718 882 2.
754 860 820 882 —a
838 849 1024 881 calliditas
1042 850 1076 881 H
1093 850 1143 882 IV
1158 849 1214 891 61,
1233 850 1285 883 12.
1319 863 1423 885 —um
1443 854 1635 887 consilium

108 899 133 930 J
148 898 204 938 25,
221 897 255 930 8.
296 897 374 930 —is
392 896 626 939 cupidinibus
643 896 666 927 J
686 895 716 936 l,
734 894 766 927 3.
810 905 876 926 —a
890 895 1040 937 incepta
1057 895 1092 926 H
1108 895 1125 927 I
1142 894 1196 936 48,
1220 896 1235 927 1
1261 901 1349 929 conl.
1366 908 1412 930 ne
1429 902 1503 931 tam
1520 910 1637 942 prava

111 944 295 986 inciperet
309 943 334 974 J
350 941 405 982 64,
424 943 456 974 2.
498 941 646 983 ingenio
665 940 762 972 malo
780 950 930 982 pravoq.
950 940 977 972 C
996 940 1033 980 5,
1056 939 1085 971 1.
1127 951 1150 972 a
1174 941 1266 974 bono
1284 941 1472 986 honestoq.
1498 945 1535 977 in
1553 956 1635 987 pra-

109 999 190 1021 vom
216 988 425 1020 abstractus
447 987 477 1019 J·
494 986 555 1027 29,
581 986 613 1017 2.
640 997 687 1014 Ξ
716 985 926 1026 pravissime
948 995 1013 1027 per
1038 1003 1078 1008 —
1103 985 1361 1020 inmanitatem
1385 991 1484 1021 tutus
1509 990 1579 1022 fuit
1601 991 1636 1023 H

109 1034 126 1065 Ι
142 1033 196 1074 41,
215 1032 248 1065 6.

153 1079 302 1119 proeium
319 1088 431 1120 grave
450 1077 631 1109 fructibus
650 1079 706 1109 est
722 1077 757 1107 H
773 1075 828 1107 111
850 1075 878 1108 l.
916 1075 1085 1118 quoniam
1104 1077 1232 1109 serviti
1249 1078 1413 1120 precium
1431 1083 1635 1113 ostentare-

110 1127 168 1155 tur
190 1124 226 1155 H
250 1123 304 1155 III
327 1122 388 1163 61,
407 1122 463 1154 20.
504 1132 638 1164 operae
663 1132 717 1164 pr.
746 1125 801 1153 est
824 1138 869 1143 —-
891 1122 1012 1152 visere
1037 1121 1175 1163 templa
1199 1122 1227 1154 C
1255 1123 1312 1163 12,
1331 1123 1364 1156 3.
1413 1129 1522 1167 capta
1546 1126 1635 1159 urbe

109 1174 242 1211 operae
261 1179 314 1211 pr.
333 1168 411 1200 fore
429 1168 452 1200 J
469 1167 531 1207 81,
550 1167 583 1200 3.
624 1177 740 1208 neque
766 1166 881 1208 pluris
905 1166 1007 1208 preci
1033 1177 1158 1198 cocum
1185 1178 1290 1209 quam
1308 1168 1458 1201 vilicum
1475 1170 1595 1203 habeo
1612 1172 1637 1204 J

109 1213 164 1254 85,
183 1213 237 1246 39.
279 1224 364 1256 pars
390 1223 482 1255 quae
507 1223 593 1245 vero
610 1212 774 1254 precium
799 1214 861 1243 aut
878 1211 1036 1253 gratiam
1063 1212 1299 1245 anteferebat
1322 1214 1347 1245 J
1366 1213 1417 1253 16,
1440 1214 1469 1246 1.
1510 1217 1636 1258 precio

111 1264 174 1291 aut
191 1259 314 1302 gratia
331 1258 469 1300 aliquid
488 1257 635 1289 efficere
653 1257 676 1289 J
692 1255 748 1297 29,
767 1255 799 1289 3.
842 1266 960 1298 neque
984 1256 1108 1299 precio
1130 1263 1249 1299 neque
1273 1259 1395 1300 gratia
1420 1259 1636 1294 Ciceronem

110 1304 289 1346 inpellere
306 1306 458 1346 potuere
477 1302 504 1334 O
522 1301 585 1343 49,
607 1302 635 1334 l.
675 1302 800 1344 precio
823 1301 1058 1333 insidiatores
1082 1306 1188 1344 paret
1205 1302 1229 1334 J
1245 1302 1300 1343 35,
1318 1304 1350 1335 4.
1395 1320 1428 1326 —
1454 1307 1637 1349 conpositi

109 1350 144 1380 H
160 1350 178 1381 1
193 1348 249 1381 43.
283 1366 323 1371 —
343 1359 418 1380 rem
436 1359 469 1390 p.
488 1357 622 1380 vexare
641 1347 668 1378 C
686 1346 741 1387 50,
760 1346 788 1377 1.
826 1363 862 1368 -
884 1345 1018 1378 bellum
1036 1347 1074 1378 in
1091 1347 1171 1379 dies
1189 1347 1377 1389 prolatans
1395 1350 1430 1381 Η
1446 1350 1497 1382 IV
1512 1349 1569 1389 61,
1582 1351 1634 1384 12.

111 1394 237 1437 precio
254 1393 372 1425 soluto
390 1393 424 1424 H
441 1393 459 1425 I
475 1393 530 1432 41,
551 1391 603 1424 18.
645 1392 705 1424 cui
722 1391 842 1423 omnia
861 1401 941 1422 cum
958 1392 1083 1433 precio
1100 1391 1257 1424 honesta
1274 1394 1447 1426 videntur
1462 1395 1483 1427 J
1503 1395 1558 1435 86,
1577 1396 1611 1429 3.

153 1447 274 1480 premo.
307 1449 399 1480 quae
418 1449 475 1470 me
491 1439 661 1479 premunt
678 1446 870 1469 aerumnas
888 1436 912 1468 J
932 1435 990 1476 14,
1010 1435 1064 1469 23.
1107 1437 1191 1468 (111111
1216 1448 1238 1469 a
1264 1437 1635 1482 Carthaginiensibus

108 1484 368 1526 premebantur
383 1483 418 1515 H
434 1483 484 1515 1V
499 1482 554 1524 61,
574 1481 607 1514 6.
644 1482 762 1525 pressi
778 1481 938 1523 undique
956 1481 1190 1514 multitudine
1207 1482 1242 1514 H
1260 1483 1272 1515 i
1288 1482 1342 1516 66.
1375 1495 1502 1527 presso
1519 1487 1635 1528 gradu

110 1529 143 1560 H
160 1530 213 1561 111
229 1528 284 1570 67,
304 1527 358 1560 10.

152 1583 245 1614 prox.
275 1573 399 1606 multis
415 1573 587 1616 precibus
606 1583 687 1605 cum
705 1575 826 1605 oraret
842 1572 878 1603 H
895 1571 951 1604 111
967 1571 1022 1612 67,
1046 1570 1096 1604 18.

153 1620 288 1659 pridem.
319 1619 397 1650 Iam
416 1619 556 1661 pridem
572 1628 661 1651 vera
678 1628 797 1649 rerum
814 1617 997 1649 vocabula
1015 1618 1204 1650 amisimus
1223 1618 1250 1650 C
1269 1619 1324 1659 52,
1347 1619 1399 1652 11.

154 1665 263 1704 pridie
281 1665 318 1695 in
334 1667 455 1695 monte
472 1664 611 1705 positas
627 1663 795 1704 legiones
812 1662 848 1693 H
865 1662 915 1693 lV
934 1661 986 1694 16.

154 1709 378 1749 primordium.
411 1719 432 1740 a
450 1708 647 1750 primordio
663 1707 763 1739 urbis
780 1707 815 1738 H
831 1707 848 1738 I
865 1705 897 1738 6.

154 1755 317 1794 prinecps.
351 1753 411 1795 qui
434 1753 472 1784 in
497 1753 642 1795 agmine
666 1752 855 1794 principes
879 1751 973 1783 facti
999 1755 1106 1784 erant
1122 1753 1147 1784 J
1162 1752 1218 1793 40,
1238 1753 1272 1785 2.
1312 1754 1499 1798 principes
1516 1757 1635 1790 subsi—

111 1799 182 1831 diis
202 1809 336 1840 augere
356 1799 389 1830 H
406 1799 441 1829 11
458 1797 518 1830 59.
554 1798 740 1840 principes
759 1797 963 1828 eivitatium
981 1796 1008 1828 C
1025 1796 1081 1837 40,
1099 1797 1120 1828 2
1137 1801 1222 1830 conl.
1241 1799 1265 1830 J
1282 1798 1337 1839 66,
1357 1800 1389 1831 2.
1425 1800 1530 1834 clade
1549 1813 1634 1835 con-

111 1844 228 1876 sulum
248 1847 285 1876 et
303 1843 457 1876 aliorum
475 1843 679 1885 principum
698 1843 732 1873 H
748 1843 766 1874 Ι
782 1841 837 1882 41,
857 1842 890 1874 5.
931 1845 1081 1874 senatus
1099 1843 1271 1886 princeps
1289 1844 1313 1875 J
1329 1844 1382 1884 25,
1402 1846 1434 1877 4.
1477 1846 1634 1889 legatio-

110 1890 168 1921 nis
185 1900 239 1931 pr.
257 1889 281 1921 J
301 1887 356 1929 16,
377 1889 409 1919 2.
451 1887 713 1920 coniurationis
736 1887 922 1929 principes
946 1887 972 1918 C
997 1887 1058 1927 27,
1078 1886 1112 1920 3.
1136 1887 1198 1927 43,
1220 1887 1249 1920 1.
1293 1889 1406 1921 facile
1431 1892 1526 1933 apud
1550 1892 1634 1925 illos

111 1945 151 1966 se
168 1934 370 1977 principem
389 1933 466 1965 fore
485 1932 512 1965 C
537 1933 584 1972 17,
605 1933 636 1965 7.
678 1933 740 1975 qui
763 1943 815 1974 pr.
842 1932 912 1963 fuit
935 1931 1023 1964 belli
1048 1932 1212 1964 faciundi
1237 1933 1264 1965 C
1281 1933 1343 1974 24,
1362 1936 1394 1967 2.
1439 1936 1562 1978 —ipes
1580 1938 1634 1970 in-

111 1979 315 2022 tellegundi
339 1979 464 2011 divina
488 1979 523 2011 H
547 1978 601 2010 111
625 1977 680 2009 60.
724 1977 819 2009 alius
845 1977 956 2009 alium
981 1977 1123 2020 ——ipem
1148 1982 1389 2020 expectantes
1413 1980 1448 2012 H
1470 1981 1488 2013 Ι
1504 1981 1559 2023 41,
1578 1983 1634 2015 20.

111 2024 222 2057 malle
239 2023 343 2056 vobis
360 2024 502 2066 —ipem
520 2023 727 2055 volentibus
745 2032 825 2054 esse
843 2022 878 2053 H
894 2022 948 2053 III
964 2021 1019 2062 61,
1039 2022 1093 2055 23.
1444 2038 1447 2039 ⁷

155 2069 363 2110 principium.
394 2069 550 2101 Marium
567 2071 650 2111 post
673 2068 855 2110 principia
872 2067 1010 2099 habere
1028 2067 1051 2099 J
1067 2067 1166 2107 50,2.
1207 2071 1427 2102 transvorsis
1444 2071 1635 2116 principiis
1652 2088 1654 2091 ·

111 2114 136 2146 J
152 2113 207 2152 49,
225 2112 258 2147 6.
298 2114 364 2154 ire,
383 2124 455 2146 non
474 2114 570 2156 aptis
590 2114 713 2152 armis,
732 2116 772 2144 ut
788 2113 826 2144 in
842 2112 1023 2155 prIncipio
1041 2113 1076 2144 H
1091 2113 1147 2145 111
1163 2113 1217 2145 71.
1259 2125 1281 2146 a
1296 2115 1477 2159 principio
1495 2116 1522 2148 C
1540 2116 1595 2159 26,
1614 2117 1635 2150 3

113 2158 348 2199 (consulatus
372 2158 461 2200 sui).
495 2159 519 2191 J
542 2157 605 2199 29,
622 2159 656 2190 2.
683 2158 744 2198 77,
763 2158 784 2188 2
802 2156 933 2199 (belli).
962 2156 1042 2198 102,
1061 2156 1084 2190 6
1100 2157 1271 2201 (inperi).
1290 2160 1322 2192 8.
1354 2160 1390 2192 Η
1412 2161 1430 2193 1
1454 2160 1487 2194 9.
1518 2161 1633 2204 48„6.

156 2249 258 2290 prior.
291 2248 376 2291 quia
401 2251 525 2281 aetate
549 2251 586 2280 et
603 2247 790 2290 sapientia
805 2247 904 2290 prior
924 2257 962 2279 es
978 2247 1003 2279 J
1022 2247 1074 2289 10,
1094 2249 1125 2282 7.
1165 2258 1315 2282 numero
1331 2250 1472 2292 priores
1487 2251 1512 2283 J
1527 2251 1582 2292 50,
1601 2251 1634 2285 6.

112 2304 231 2336 neque
255 2304 365 2326 manu
388 2304 505 2335 neque
531 2293 684 2326 consilio
706 2293 863 2335 priorem
889 2292 1001 2324 alium
1018 2295 1098 2336 pati
1113 2294 1137 2326 J
1152 2292 1209 2334 96,
1229 2293 1261 2327 3.
1303 2295 1341 2327 in
1358 2296 1471 2338 priori
1489 2297 1635 2330 actione

113 2339 137 2371 J
154 2339 211 2378 35,
227 2338 261 2370 9.
302 2340 341 2370 in
362 2339 484 2381 priore
508 2349 632 2382 pugna
653 2338 677 2370 J
703 2336 783 2378 101,
801 2338 833 2370 5.
875 2347 1003 2380 gerere
1021 2349 1127 2380 quam
1144 2338 1224 2371 fieri
1241 2348 1288 2363 —'
1301 2351 1340 2372 re
1358 2344 1432 2383 atq.
1450 2351 1518 2373 usu
1534 2343 1635 2384 prius

115 2387 173 2415 est
187 2384 211 2415 J
226 2383 282 2424 85,
297 2383 348 2415 12.
383 2383 576 2425 conlegam
595 2383 693 2426 prior
709 2386 960 2426 transgressus
977 2383 1046 2423 ΗΙ
1061 2382 1116 2416 78.
1151 2394 1239 2426 quos
1256 2386 1344 2417 item
1361 2386 1414 2417 uti
1431 2387 1572 2428 priores
1592 2405 1635 2410 —

115 2428 271 2460 inlectos
295 2429 434 2460 dimisit
454 2428 479 2460 J
494 2428 549 2468 47,
568 2428 601 2460 4.
626 2441 671 2456 =
694 2428 808 2460 multa
823 2428 917 2468 prius
933 2446 975 2451 —
1000 2429 1227 2469 obtestatus,
1246 2448 1289 2452 —
1306 2440 1345 2461 se
1363 2430 1465 2462 dedit
1483 2431 1510 2462 C
1527 2432 1581 2472 45,
1601 2432 1635 2463 4.

115 2474 174 2505 cui
192 2473 312 2505 fracta
328 2473 430 2515 prius
447 2483 534 2505 cura
551 2491 592 2496 ——
610 2473 646 2505 H
662 2474 679 2505 Ι
695 2472 749 2506 30.
782 2474 836 2505 uti
848 2474 947 2516 prius
956 2474 1169 2506 verberibus
1187 2475 1224 2505 in
1243 2484 1304 2506 eos
1323 2475 1635 2508 animadvertere-

114 2521 174 2550 tur
189 2518 217 2550 Ο
235 2518 275 2550 51
287 2542 296 2557 ‚
314 2517 367 2551 21.
410 2528 490 2550 cum
513 2519 614 2561 prius
632 2528 755 2551 omnes
772 2528 838 2551 sua
855 2519 962 2561 signa
983 2519 1242 2561 cognovissent
1259 2519 1287 2551 C
1304 2519 1359 2556 47,
1378 2518 1410 2551 3.
1451 2519 1636 2562 proficisci

115 2574 260 2606 cupere,
279 2563 311 2596 si
327 2564 427 2606 prius
445 2563 920 2606 Ciceronemnbpressisset
937 2563 964 2595 C
982 2564 1043 2600 27,
1061 2564 1093 2595 4.
1136 2564 1264 2604 quibus
1290 2574 1400 2606 cogor
1416 2566 1516 2606 prius
1534 2566 1636 2597 oneri

116 2618 225 2650 quam
246 2610 329 2640 usui
353 2618 434 2641 esse
456 2608 481 2640 J
506 2608 563 2649 14,
582 2609 615 2640 4.
657 2609 787 2651 quibus
810 2609 911 2651 prius
934 2609 1069 2640 iniuria
1094 2618 1201 2649 quam
1226 2608 1302 2640 vita
1327 2611 1429 2640 certa
1453 2615 1552 2641 esset
1567 2611 1603 2642 H
1618 2611 1637 2642 I

114 2652 170 2692 41,
189 2652 221 2684 6.
260 2653 291 2685 si
314 2653 414 2696 prius
439 2648 545 2696 qu⁶am
566 2663 631 2686 vos
647 2654 833 2686 serviundi
850 2652 958 2684 finem
976 2653 1031 2684 illi
1049 2652 1306 2685 dominationis
1324 2653 1461 2685 facturi
1478 2658 1584 2686 erant
1600 2655 1636 2687 H

115 2698 168 2730 111
183 2697 240 2738 61,
262 2697 312 2730 11.
353 2698 452 2741 prius
470 2699 592 2731 omnia
608 2699 686 2741 pati
703 2699 869 2731 decrevit
893 2696 1151 2739 quam—bellum
1169 2707 1311 2729 sumere
1329 2697 1353 2729 J
1369 2697 1424 2737 20,
1444 2698 1476 2730 5.
1516 2709 1634 2741 neque

116 2743 215 2785 prius
239 2742 320 2775 finis
345 2743 535 2786 iugulandi
561 2744 647 2784 fuit,
677 2754 786 2786 quam
810 2742 912 2775 Sulla
937 2741 1052 2774 omnis
1077 2741 1236 2784 explevit
1261 2741 1288 2773 C
1313 2741 1373 2782 51,
1392 2742 1446 2775 34.
1480 2744 1505 2776 J
1521 2742 1583 2784 35,
1600 2744 1633 2777 8.

115 2788 216 2829 prius
239 2798 347 2830 quam
371 2789 555 2821 exercitus
578 2789 710 2820 instrui
734 2788 866 2829 quivit,
892 2786 1010 2818 Mauri
1035 2803 1072 2808 —
1093 2790 1313 2818 concurrunt
1328 2788 1352 2819 J
1368 2786 1432 2829 37,
1450 2788 1472 2820 4
1494 2791 1581 2821 conl.
1600 2790 1636 2821 H

101 2832 172 2863 ἸΙΙ
188 2831 244 2872 61,
260 2832 294 2864 8.
334 2834 435 2875 prius
453 2843 561 2875 quam
576 2833 747 2875 incipias,
767 2831 932 2864 consulto
949 2841 1039 2872 opus
1058 2834 1114 2863 est
1132 2831 1159 2862 C
1181 2831 1210 2871 1,
1229 2831 1251 2864 6
1275 2834 1362 2864 conl.
1380 2833 1419 2871 4,
1438 2833 1471 2865 5.
1503 2834 1528 2866 J
1541 2834 1583 2872 5,
1601 2833 1634 2867 3.

118 2876 273 2909 dormire
290 2878 392 2919 prius
409 2887 517 2919 quam
531 2877 651 2910 somni
668 2877 799 2918 cupido
817 2878 916 2907 esset
933 2874 960 2907 C
983 2874 1033 2916 13,
1053 2874 1074 2907 3
1090 2878 1176 2908 conl.
1195 2876 1219 2908 J
1235 2876 1290 2917 54,
1312 2876 1366 2909 10.
1391 2875 1447 2920 59,
1468 2877 1497 2910 1.
1533 2883 1635 2922 optu-

207 2943 389 2978 sinuosi.
414 2954 473 2975 nn.
498 2945 680 2975 Dim-sen.
730 2943 777 2974 11.
1312 2933 1361 2971 21
