1852 3294
245 249 325 290 244
937 264 1070 291 mnnx

288 366 526 441 ingariOg-iies
553 362 802 404 magnitudine
818 363 842 395 J
860 362 918 405 78,
938 365 969 396 2.
1012 365 1110 397 fama
1127 366 1150 397 i.
1168 366 1192 398 J
1208 366 1267 407 57,
1287 365 1318 399 6.
1361 370 1523 400 materno
1541 378 1673 410 genere
1690 368 1714 401 i.
1732 368 1755 402 J

289 455 472 494 inparatus.
502 455 623 485 —tam
641 449 715 485 rem
732 464 765 495 p.
786 453 812 486 C
834 453 886 495 17,
909 454 936 486 1.
979 458 1098 488 —tum
1117 457 1311 489 confodere
1330 456 1356 489 C
1374 456 1428 499 28,
1451 457 1478 490 1.

288 500 554 539 inpedimentum.
592 498 662 530 sibi
684 503 829 531 noctem
854 499 952 532 nullo
977 500 1224 543 inpedimento
1250 502 1274 534 J
1297 501 1358 543 97,
1382 502 1414 535 3.
1462 503 1754 546 rogationis—ta

244 555 374 587 parare
391 545 414 576 J
431 543 485 583 40,
505 544 536 576 2.
578 544 630 575 ibi
655 547 738 576 —ta
755 544 943 578 locaverat
964 546 986 579 J
1003 545 1062 587 81,
1082 547 1113 578 2.

287 590 430 630 inpedio.
464 589 573 621 alium
592 590 829 630 conscientia,
851 590 958 622 alium
977 591 1073 624 mala
1091 592 1190 625 fama
1209 596 1244 624 et
1261 593 1367 625 timor
1383 593 1594 635 inpediebat
1610 594 1633 626 J
1650 593 1704 634 35,
1720 594 1752 628 4.

245 646 336 677 quae
355 635 533 666 dissensio
551 635 662 667 totius
681 635 766 666 anni
791 636 940 667 comitia
958 637 1173 679 inpediebat
1189 638 1212 670 J
1229 637 1290 679 37,
1310 638 1342 670 2.
1384 643 1500 671 metus
1524 649 1599 670 rem
1623 639 1755 671 —ebat

242 681 265 712 J
283 680 336 720 70,
357 680 377 712 5
397 683 481 712 conl.
507 678 568 720 80,
587 679 620 711 5.
663 680 875 722 elephantos
892 684 992 714 —tos
1010 682 1118 714 ramis
1136 683 1303 715 arborum
1320 683 1343 715 J
1361 683 1423 724 50,
1441 683 1474 716 3.
1525 687 1616 715 -tus
1640 684 1753 716 muni-

243 730 364 758 mento
390 729 590 757 castrorum
612 725 635 757 J
658 724 717 765 58,
738 724 769 757 6.
813 736 854 757 eo
881 722 1002 758 dolor'e
1026 728 1142 759 —itus
1160 728 1182 759 J
1199 727 1261 770 83,
1284 728 1312 760 1.
1354 739 1477 761 somno
1503 732 1540 761 et
1557 731 1655 761 metu
1671 732 1754 761 ——ta

244 771 332 814 fuga
350 772 373 803 J
389 769 450 810 99,
469 770 500 803 3.
540 774 735 813 prospectu
756 774 832 803 —to
849 771 872 803 J
889 770 948 811 79,
967 771 998 804 6.
1039 773 1205 814 potentia
1229 774 1357 805 Scauri
1381 784 1441 806 eos
1468 785 1488 806 a
1512 785 1598 807 vero
1622 774 1752 816 bonoq-

246 817 376 848 —ebat
391 817 415 848 J
432 815 492 856 30,
512 816 543 857 2,
589 816 658 847 —-ti
682 826 726 847 ne
744 816 1011 859 triumpharent
1028 817 1055 849 C
1074 817 1127 859 30,
1146 818 1168 849 4
1191 822 1276 851 conl.
1300 820 1323 851 J
1340 818 1401 858 39,
1418 819 1450 851 4.
1493 819 1682 862 expeditus
1699 820 1767 851 in-‘

242 862 384 904 peditos
403 862 623 903 sequebatur
639 862 685 901 ej.
699 861 830 902 C57,4.
850 875 894 889 Ξ
909 862 1162 902 inpeditissuma
1178 863 1271 895 domi
1289 863 1448 906 bellique
1461 874 1499 896 re
1514 875 1548 906 p.
1559 865 1594 896 H
1606 865 1642 896 II
1654 864 1708 905 41,
1720 863 1752 896 6.

287 908 414 947 inpelle
438 917 499 939 eos
524 907 570 938 ad
593 908 807 938 societatem
833 907 921 939 belli
945 907 971 938 C
996 906 1056 948 40,
1087 907 1101 939 1
1126 910 1210 941 conl.
1236 907 1296 949 49,
1316 908 1348 940 4.
1380 909 1404 940 J
1426 907 1488 948 62,
1506 910 1527 941 2
1552 908 1751 951 (animum).

237 963 333 995 pass.
354 953 380 984 C
399 953 452 992 44,
476 951 504 983 1.
535 962 652 993 neque
672 953 794 994 gratia
810 962 928 994 neque
947 955 1071 994 precio
1091 952 1165 985 Cic.
1185 953 1363 995 inpellere
1380 957 1541 996 potuere,
1560 955 1614 986 uti
1629 971 1675 978 --
1691 964 1754 987 no-

244 999 444 1030 minaretur
461 997 488 1029 C
506 996 560 1038 49,
583 997 599 1028 1
625 1000 710 1029 conl.
730 997 753 1028 J
775 997 832 1037 12,
851 996 882 1029 3.
909 996 965 1037 80,
983 998 1014 1029 2.
1055 998 1209 1040 periculi
1226 999 1475 1041 magnitudine
1493 1016 1534 1022 —-
1554 999 1666 1031 animi
1682 1009 1756 1031 mo-

242 1044 385 1076 bilitate
403 1042 538 1085 inpulsi
557 1041 582 1074 C
601 1041 656 1082 49,
675 1043 695 1073 4
713 1045 796 1075 conl.
817 1042 870 1083 51,
890 1042 922 1074 4.
948 1043 971 1075 J
989 1042 1043 1084 65,
1062 1044 1094 1075 4.

286 1089 457 1129 inpendeo.
489 1091 660 1130 quantum
683 1088 839 1130 periculi
863 1088 1002 1120 consuli
1028 1092 1132 1120 —eat
1157 1088 1183 1120 C
1201 1088 1263 1129 28,
1281 1089 1313 1121 2.
1356 1099 1427 1121 non
1452 1089 1577 1122 eadem
1594 1089 1699 1122 nobis
1718 1092 1755 1121 et

241 1135 315 1167 illis
333 1133 563 1166 necessitudo
582 1137 663 1164 -et
682 1134 707 1165 C
726 1132 779 1172 58,
804 1132 853 1165 11.

285 1181 450 1220 inpensus.
488 1179 676 1221 inpensius
699 1178 803 1210 modo
835 1178 978 1210 mittere
1000 1179 1024 1211 J
1047 1179 1107 1220 47,
1132 1178 1163 1212 3.
1216 1196 1252 1201 -
1282 1197 1318 1202 -
1346 1179 1514 1212 diffidens
1545 1180 1653 1212 rebus
1679 1179 1753 1212 suis

240 1226 263 1258 J
288 1226 348 1264 75,
374 1224 402 1256 1.

284 1271 456 1310 inperator
481 1269 506 1301 C
532 1268 592 1310 33,
618 1268 633 1300 1
654 1268 769 1311 (voc).
794 1267 854 1308 60,
880 1268 901 1300 4
926 1268 1049 1310 (bonis
1077 1270 1191 1302 —oris
1217 1273 1253 1302 et
1276 1271 1413 1302 strenui
1431 1269 1589 1311 militis).
1615 1270 1639 1302 J
1658 1270 1697 1312 7,
1719 1269 1751 1302 6.

240 1315 278 1355 9,
304 1315 336 1348 3.
370 1316 429 1355 22,
452 1314 483 1347 3.
516 1315 577 1354 44,
599 1315 619 1345 2
644 1313 797 1356 (novus).
831 1313 890 1354 56,
916 1314 927 1346 l
956 1314 1177 1356 (Romanus).
1209 1314 1270 1356 62,
1290 1315 1320 1348 3.
1352 1314 1413 1355 64,
1432 1315 1464 1347 5.
1496 1314 1555 1354 65,
1573 1314 1604 1347 3.
1637 1314 1699 1356 73,
1717 1315 1750 1347 4.

241 1361 301 1399 77,
328 1360 359 1393 3.
393 1360 453 1401 82,
482 1359 509 1391 l.
543 1359 604 1399 83,
629 1359 660 1392 3.
697 1358 777 1399 100,
795 1360 827 1391 4.
861 1360 895 1391 Η
919 1360 973 1391 111
998 1360 1029 1390 2.
1078 1360 1136 1402 qui
1160 1364 1235 1392 tum
1264 1360 1434 1392 Romanis
1458 1361 1645 1403 inperator
1673 1363 1752 1393 erat

238 1407 262 1438 J
280 1407 317 1443 7.
336 1407 368 1437 4.
410 1406 550 1438 animus
574 1405 644 1436 dux
662 1408 733 1447 atq.
753 1405 938 1447 inperator
955 1405 1053 1437 vitae
1071 1405 1274 1437 mortalium
1290 1406 1314 1438 J
1334 1405 1363 1446 1,
1381 1405 1412 1438 3.
1452 1406 1617 1438 oratione
1634 1405 1751 1438 —oris

242 1452 268 1484 C
293 1450 354 1489 58,
384 1451 411 1483 l.
451 1451 488 1482 id
512 1455 568 1482 est
591 1450 772 1482 dominum
794 1460 865 1482 non
893 1460 1033 1481 —orem
1059 1460 1138 1482 esse
1161 1451 1185 1482 J
1209 1449 1269 1490 85,
1290 1449 1343 1483 35.
1392 1461 1496 1492 quem
1521 1461 1583 1483 vos
1605 1460 1750 1483 —orem

241 1496 398 1529 iussistis
414 1497 438 1528 J
455 1494 514 1536 85,
538 1495 576 1527 11
604 1495 668 1536 (al.
693 1494 895 1537 inperare).
935 1505 1039 1537 quem
1062 1506 1205 1527 —orem
1229 1495 1391 1528 Numidis
1407 1496 1579 1538 posuistis
1595 1497 1619 1528 J
1634 1496 1695 1537 24,
1716 1496 1748 1527 7.

239 1543 396 1574 Marium
419 1552 563 1573 —orem
587 1544 742 1582 poscant
763 1541 786 1572 J
809 1539 867 1580 65,
894 1541 926 1572 4.
973 1540 1033 1573 vel
1055 1540 1262 1582 inperatore
1293 1540 1351 1573 vel
1379 1541 1494 1573 milite
1519 1551 1574 1572 me
1597 1541 1750 1573 utemini

242 1587 268 1619 C
293 1587 353 1627 20,
384 1585 433 1619 16.
482 1597 573 1628 quae
604 1586 649 1617 ab
677 1596 781 1617 ——ore
813 1586 1018 1626 decuerint,
1050 1586 1195 1627 provisa
1218 1586 1242 1617 J
1265 1585 1325 1626 49,
1350 1586 1381 1617 2.
1428 1596 1493 1618 vos
1518 1595 1642 1618 —ores
1665 1596 1751 1628 gen·

239 1633 329 1665 tium
353 1633 375 1664 J
401 1631 460 1670 31,
485 1631 539 1663 20.
582 1631 736 1673 praedas
760 1641 885 1662 —ores
911 1641 990 1662 cum
1013 1631 1141 1673 paucis
1165 1631 1390 1673 diripiebant
1411 1632 1434 1667 J
1457 1630 1517 1671 41,
1544 1631 1575 1662 7.
1627 1641 1750 1663 —ores

239 1678 445 1720 Hispaniae
471 1678 504 1708 H
527 1677 562 1708 ΙΙ
586 1676 646 1716 41,
665 1676 695 1708 6.
741 1677 967 1718 inperatores
993 1676 1038 1707 ad
1061 1676 1186 1707 urbem
1213 1675 1239 1707 C
1259 1675 1317 1714 30,
1336 1676 1367 1707 4.
1410 1686 1452 1708 eo
1472 1675 1575 1708 modo
1592 1676 1688 1708 inter
1711 1685 1750 1708 se

240 1724 308 1756 duo
333 1724 559 1765 inperatores
589 1721 686 1763 (Ing.
713 1726 744 1752 et
768 1721 947 1763 Metellus)
979 1721 1170 1752 certabant
1198 1722 1221 1753 J
1243 1721 1304 1761 52,
1333 1720 1361 1753 1.
1410 1731 1554 1753 —orum
1578 1721 1749 1763 superbia

240 1769 263 1800 J
280 1768 333 1808 85,
346 1769 399 1799 47.
435 1778 559 1810 regum
578 1770 651 1808 atq.
671 1777 815 1798 -orum
833 1765 982 1799 virtusC
1001 1767 1031 1806 2,
1044 1765 1074 1798 3.
1109 1777 1252 1798 —orum
1271 1770 1343 1808 atq.
1364 1767 1641 1809 magistratuum
1656 1766 1748 1799 vitia

241 1813 267 1846 C
286 1813 347 1853 53,
367 1813 397 1845 5.
441 1823 560 1844 annua
577 1812 721 1854 inperia
738 1811 913 1853 binosque
932 1821 1056 1843 ——ores
1074 1811 1144 1843 sibi
1168 1812 1290 1843 fecere
1310 1811 1336 1843 C
1354 1810 1392 1852 6,
1411 1811 1443 1843 7.
1486 1822 1565 1844 cum
1583 1811 1748 1844 —oribus

239 1859 411 1892 Ro'manis
429 1869 557 1900 pacem
576 1862 791 1890 conventam
807 1857 831 1889 J
851 1856 929 1895 112,
947 1856 980 1887 2.

282 1904 442 1944 inperitia
464 1903 579 1946 legati
603 1902 751 1945 cognita
774 1903 797 1934 J
820 1901 882 1942 38,
904 1901 931 1933 1.
973 1901 1128 1934 hostium
1151 1902 1174 1934 J
1197 1900 1258 1943 99,
1281 1901 1309 1933 1.
1349 1912 1452 1934 -ssam
1477 1919 1519 1924 —
1542 1901 1748 1934 removistis

239 1951 262 1982 J
278 1949 332 1990 85,
351 1950 406 1981 45.

281 1996 435 2035 inperito.
466 1994 605 2025 Mauris
629 1992 791 2025 Bocchus
811 1992 945 2024 —abat
961 1992 984 2024 J
1000 1991 1050 2032 19,
1069 1992 1099 2023 7.
1126 1991 1338 2025 molentibus
1356 2002 1462 2034 quam
1481 1992 1621 2024 coactis
1640 2002 1747 2034 —are

238 2041 262 2072 J
281 2040 355 2079 102,
376 2039 407 2072 6.
450 2039 573 2071 Carth.
599 2038 774 2080 pleraque
797 2038 924 2069 Afri0a
943 2037 1100 2069 ——abant
1115 2037 1139 2069 J
1155 2036 1214 2077 79,
1234 2038 1266 2071 2.
1306 2037 1429 2069 lubido
1447 2038 1577 2069 —andi
1592 2037 1617 2069 J
1633 2035 1694 2076 81,
1717 2036 1745 2069 1.

237 2086 415 2117 —andum
435 2088 497 2117 aut
513 2084 744 2116 serviundum
763 2087 818 2115 est
834 2083 869 2114 H
886 2084 902 2114 I
919 2081 972 2122 41,
996 2081 1045 2114 10.
1087 2085 1253 2114 naturam
1273 2083 1407 2114 ceteris
1427 2086 1591 2115 —antem
1604 2083 1628 2115 J
1641 2080 1695 2122 76,
1715 2081 1744 2114 l.

281 2131 455 2170 inperitus.
486 2130 682 2171 prudentes
701 2139 780 2160 curn
797 2128 873 2159 -is
891 2138 1035 2159 manum
1053 2130 1287 2159 consererent
1301 2128 1324 2160 J
1341 2126 1397 2167 49,
1416 2128 1446 2159 2.

281 2176 445 2215 inperium
472 2185 615 2217 semper
639 2174 685 2206 ad
708 2177 890 2216 optumum
914 2173 1132 2205 transfertur
1156 2172 1182 2205 C
1208 2173 1246 2213 2,
1266 2171 1296 2204 6.
1340 2173 1386 2204 ad
1409 2173 1557 2215 ignaros
1581 2171 1747 2215 pervenit

239 2220 265 2252 C
284 2221 345 2260 51,
364 2221 417 2252 27.
461 2221 513 2251 eis
539 2220 676 2251 artibus
700 2219 879 2250 retinetur
903 2219 1031 2260 quibus
1054 2222 1196 2260 partum
1222 2221 1277 2249 est
1295 2217 1321 2249 C
1339 2218 1377 2257 2,
1397 2218 1429 2250 4.
1472 2228 1516 2249 ex
1539 2217 1747 2250 iustissumo

238 2270 312 2308 atq.
338 2265 483 2307 optumo
509 2265 653 2296 crudele
678 2264 980 2305 intolerandumq.
1000 2264 1137 2295 factum
1157 2263 1183 2295 C
1205 2262 1261 2302 10,
1281 2262 1311 2295 6.
1354 2263 1505 2295 divitias
1525 2262 1748 2305 sequebatur

238 2311 265 2342 C
288 2311 337 2351 12,
362 2310 388 2343 1.
431 2310 518 2342 foris
535 2310 668 2341 iustum
688 2309 713 2340 C
732 2309 785 2348 52,
805 2308 859 2340 21.
900 2309 968 2340 hoc
987 2312 1041 2340 est
1059 2309 1147 2340 utile
1166 2308 1235 2340 hoc
1254 2308 1360 2340 civile
1378 2308 1400 2340 i.
1418 2309 1442 2340 J
1458 2307 1516 2349 85,
1536 2307 1590 2341 34.
1632 2308 1746 2340 ceteri

238 2356 367 2398 quibus
385 2357 407 2387 i.
429 2359 483 2387 est
500 2355 534 2386 H
551 2355 568 2386 I
584 2353 637 2392 48,
657 2354 710 2384 22.
753 2353 890 2395 regium
913 2364 951 2385 se
971 2354 1149 2386 convortit
1166 2354 1202 2385 in
1220 2353 1503 2385 dominationem
1522 2352 1548 2385 C
1565 2351 1598 2394 6,
1617 2353 1649 2385 7.
1683 2363 1746 2395 po-

238 2402 314 2444 puli
331 2402 394 2434 Ro.
415 2400 441 2432 C
455 2399 515 2438 36,
535 2399 567 2430 4.
592 2399 652 2438 52,
675 2397 725 2430 10.
769 2408 838 2439 qua
857 2399 918 2430 Ro.
945 2403 1041 2430 esset
1066 2399 1088 2430 i.
1115 2399 1149 2429 H
1164 2399 1218 2430 111
1234 2398 1288 2430 55.
1329 2398 1425 2430 hosti
1448 2398 1629 2441 proditum
1642 2398 1667 2431 i.
1683 2408 1746 2431 vo-

238 2451 350 2479 strum
366 2448 389 2479 J
407 2445 460 2486 31,
480 2445 534 2479 25.
576 2444 720 2476 Sufacis
738 2444 761 2474 i.
781 2444 817 2474 in
835 2443 961 2474 Africa
978 2453 1146 2485 magnum
1164 2448 1236 2486 atq.
1255 2443 1332 2475 late
1351 2443 1466 2476 valuit
1482 2443 1506 2475 J
1522 2443 1552 2481 5,
1570 2443 1602 2475 4.
1636 2443 1692 2475 ius
1710 2445 1747 2475 et

237 2493 261 2524 i.
286 2492 478 2524 Numidiae
503 2500 614 2532 penes
632 2499 695 2521 vos
721 2491 775 2520 est
793 2488 817 2519 J
843 2487 900 2527 14,
924 2487 952 2519 1.
1001 2489 1109 2527 inperi
1135 2489 1290 2520 Romani
1316 2488 1458 2520 aemula
1483 2486 1522 2520 C‘
1538 2487 1598 2529 10,
1621 2488 1650 2520 1.
1690 2488 1744 2520 in-

236 2538 316 2581 peri
340 2537 471 2580 cupido
497 2535 524 2567 C
554 2533 612 2574 10,
631 2533 664 2567 3.
688 2534 712 2566 J
733 2532 790 2573 19,
812 2532 839 2564 1.
866 2533 901 2564 H
917 2533 966 2564 IV
983 2532 1044 2572 61,
1063 2533 1083 2564 5
1102 2536 1211 2573 (conl.
1232 2533 1359 2566 avidus
1375 2534 1399 2565 J
1414 2532 1452 2573 6,
1471 2532 1502 2566 3.
1536 2532 1746 2576 prolatandi

237 2583 456 2626 percupidus
473 2581 507 2613 H
524 2581 555 2612 V
571 2579 617 2621 6).
658 2578 756 2611 nullo
780 2578 924 2620 generis
950 2581 1012 2609 aut
1028 2578 1144 2619 inperi
1162 2578 1370 2610 discrimine
1388 2579 1422 2610 H
1439 2578 1456 2610 Ι
1475 2578 1527 2610 74.
1573 2595 1612 2600 —-
1627 2578 1745 2611 vitae·

239 2639 307 2671 que
323 2629 399 2660 eius
416 2627 496 2659 finis
514 2625 607 2657 idem
626 2625 695 2656 fuit
711 2624 734 2656 J
751 2623 783 2664 5,
803 2623 834 2655 5.
875 2641 915 2645 ——
934 2622 1015 2654 finis
1033 2623 1185 2665 singulis
1204 2624 1374 2655 constitui
1391 2624 1414 2655 J
1435 2622 1486 2664 12,
1509 2621 1537 2655 l.
1571 2632 1676 2665 quem
1693 2621 1744 2655 lo-

212 2669 215 2672 *
239 2685 317 2706 cum
340 2673 446 2705 finem
471 2673 492 2703 i.
518 2671 678 2703 habuere
701 2670 725 2702 J
746 2668 802 2709 19,
821 2667 852 2700 3.
895 2667 1015 2700 dolore
1040 2678 1103 2710 pro
1127 2668 1246 2710 gloria
1262 2668 1285 2700 i.
1302 2667 1326 2699 J
1343 2667 1401 2707 39,
1424 2667 1454 2699 1.
1481 2667 1520 2699 ·i.
1537 2667 1699 2711 insignia
1716 2666 1743 2700 C

237 2718 291 2759 36,
314 2719 342 2750 1.
385 2729 448 2760 pro
473 2715 721 2759 magnitudine
746 2715 768 2746 i.
793 2713 816 2745 J
842 2713 901 2754 14,
923 2711 973 2745 16.
1015 2724 1080 2755 per
1103 2713 1332 2745 maiestatem
1356 2713 1379 2744 i.
1397 2712 1499 2752 J24,
1521 2711 1572 2744 10.
1613 2722 1746 2746 nomen

236 2775 355 2848 {3¹¹3}ss
372 2764 407 2840 ΞΕ
425 2761 665 2847 1‘{.¹.‘;¹;}¹.¹32¹.:{
685 2757 1746 2846 Sd}.;.¹g·1.‘5g1¹3¹,¹¹2‘.³{a513..12⁰1¹T¹÷¹35t312³ss52235555'3012

240 2854 290 2886 18.
333 2853 446 2885 multa
471 2863 558 2884 cura
580 2859 703 2883 summo
730 2851 752 2882 i.
777 2850 873 2881 inest
896 2849 931 2880 H
949 2849 983 2880 Π
999 2848 1060 2888 41,
1085 2848 1135 2880 14.
1185 2851 1270 2880 ante
1297 2858 1402 2890 quam
1429 2848 1571 2890 signum
1595 2850 1667 2890 atq.
1693 2847 1744 2880 in—

236 2900 363 2939 perium
387 2898 496 2930 ullum
523 2897 692 2938 accipere
718 2894 832 2938 quivit
854 2894 877 2926 J
899 2892 958 2935 97,
986 2894 1017 2926 4.
1058 2893 1080 2925 i.
1108 2893 1264 2935 adipisci
1286 2893 1309 2926 J
1335 2892 1396 2932 85,
1426 2892 1453 2925 1.
1496 2892 1678 2926 benificiis
1703 2910 1744 2916 ——

237 2950 333 2977 metu
359 2944 500 2987 agitare
527 2942 553 2974 C
577 2941 615 2983 9,
635 2942 668 2973 5.
710 2940 849 2972 inimici
873 2939 1063 2982 deprecari
1080 2939 1104 2970 J
1127 2939 1187 2979 24,
1208 2937 1260 2972 10.
1301 2938 1370 2971 sibi
1396 2942 1567 2981 exoptare
1586 2937 1614 2970 C
1635 2937 1692 2980 ll,
1712 2937 1745 2971 2.
