<?xml version="1.0" encoding="UTF-8"?>
<!DOCTYPE html PUBLIC "-//W3C//DTD XHTML 1.0 Transitional//EN"
    "http://www.w3.org/TR/xhtml1/DTD/xhtml1-transitional.dtd">
<html xmlns="http://www.w3.org/1999/xhtml" xml:lang="en" lang="en">
 <head>
  <title>
</title>
<meta http-equiv="Content-Type" content="text/html;charset=utf-8" />
  <meta name='ocr-system' content='tesseract 3.04.00' />
  <meta name='ocr-capabilities' content='ocr_page ocr_carea ocr_par ocr_line ocrx_word'/>
</head>
<body>
  <div class='ocr_page' id='page_1' title='image "./quaesupersunt02salluoft_0125.png"; bbox 0 0 1838 3288; ppageno 0'>
   <div class='ocr_carea' id='block_1_1' title="bbox 505 246 1666 288">
    <p class='ocr_par' dir='ltr' id='par_1_1' title="bbox 505 246 1666 288">
     <span class='ocr_line' id='line_1_1' title="bbox 505 246 1666 288; baseline 0 -4"><span class='ocrx_word' id='word_1_1' title='bbox 505 257 807 286; x_wconf 64' lang='lat' dir='ltr'>ms&#39;romtmvu</span> <span class='ocrx_word' id='word_1_2' title='bbox 836 259 919 285; x_wconf 78' lang='lat' dir='ltr'>Lm.</span> <span class='ocrx_word' id='word_1_3' title='bbox 943 258 987 286; x_wconf 89' lang='lat' dir='ltr'>1v</span> <span class='ocrx_word' id='word_1_4' title='bbox 1015 252 1135 288; x_wconf 80' lang='lat'>72—-</span> <span class='ocrx_word' id='word_1_5' title='bbox 1162 258 1191 286; x_wconf 87' lang='lat' dir='ltr'>v</span> <span class='ocrx_word' id='word_1_6' title='bbox 1219 252 1255 288; x_wconf 83' lang='lat'>3.</span> <span class='ocrx_word' id='word_1_7' title='bbox 1586 246 1666 284; x_wconf 87' lang='lat'>117</span> 
     </span>
    </p>
   </div>
   <div class='ocr_carea' id='block_1_2' title="bbox 246 357 1382 475">
    <p class='ocr_par' dir='ltr' id='par_1_2' title="bbox 246 357 1382 475">
     <span class='ocr_line' id='line_1_2' title="bbox 248 357 1382 412; baseline 0.002 -15"><span class='ocrx_word' id='word_1_8' title='bbox 248 357 302 398; x_wconf 85' lang='lat'>72</span> <span class='ocrx_word' id='word_1_9' title='bbox 336 357 416 412; x_wconf 88' lang='lat' dir='ltr'>[Kr.</span> <span class='ocrx_word' id='word_1_10' title='bbox 442 362 498 396; x_wconf 87' lang='lat'>75.</span> <span class='ocrx_word' id='word_1_11' title='bbox 531 360 570 397; x_wconf 88' lang='lat' dir='ltr'>G.</span> <span class='ocrx_word' id='word_1_12' title='bbox 590 357 668 411; x_wconf 81' lang='lat'>62].</span> <span class='ocrx_word' id='word_1_13' title='bbox 725 357 872 398; x_wconf 83' lang='lat' dir='ltr'>Anxius</span> <span class='ocrx_word' id='word_1_14' title='bbox 901 360 1020 399; x_wconf 88' lang='lat' dir='ltr'>animi</span> <span class='ocrx_word' id='word_1_15' title='bbox 1048 364 1164 412; x_wconf 87' lang='lat' dir='ltr'>atque</span> <span class='ocrx_word' id='word_1_16' title='bbox 1194 360 1382 399; x_wconf 87' lang='lat' dir='ltr'>incertuS.</span> 
     </span>
     <span class='ocr_line' id='line_1_3' title="bbox 246 430 877 475; baseline 0.003 -12"><span class='ocrx_word' id='word_1_17' title='bbox 246 431 351 464; x_wconf 85' lang='lat' dir='ltr'>Arus.</span> <span class='ocrx_word' id='word_1_18' title='bbox 378 443 414 475; x_wconf 91' lang='lat' dir='ltr'>p.</span> <span class='ocrx_word' id='word_1_19' title='bbox 439 430 523 464; x_wconf 80' lang='lat'>260:</span> <span class='ocrx_word' id='word_1_20' title='bbox 549 433 673 464; x_wconf 75' lang='lat' dir='ltr'>anxius</span> <span class='ocrx_word' id='word_1_21' title='bbox 695 431 792 463; x_wconf 78' lang='lat' dir='ltr'>huius</span> <span class='ocrx_word' id='word_1_22' title='bbox 815 434 877 466; x_wconf 81' lang='lat' dir='ltr'>rei.</span> 
     </span>
    </p>
   </div>
   <div class='ocr_carea' id='block_1_3' title="bbox 247 509 1018 564">
    <p class='ocr_par' dir='ltr' id='par_1_3' title="bbox 247 509 1018 564">
     <span class='ocr_line' id='line_1_4' title="bbox 247 509 1018 564; baseline 0 -14"><span class='ocrx_word' id='word_1_23' title='bbox 247 510 299 550; x_wconf 85' lang='lat'>73</span> <span class='ocrx_word' id='word_1_24' title='bbox 335 510 415 564; x_wconf 89' lang='lat' dir='ltr'>[Kr.</span> <span class='ocrx_word' id='word_1_25' title='bbox 435 515 491 548; x_wconf 87' lang='grc'>76.</span> <span class='ocrx_word' id='word_1_26' title='bbox 523 513 562 548; x_wconf 90' lang='lat' dir='ltr'>G.</span> <span class='ocrx_word' id='word_1_27' title='bbox 579 509 656 563; x_wconf 82' lang='lat'>65].</span> <span class='ocrx_word' id='word_1_28' title='bbox 716 509 859 549; x_wconf 90' lang='lat' dir='ltr'>Consili</span> <span class='ocrx_word' id='word_1_29' title='bbox 889 523 1018 562; x_wconf 80' lang='lat' dir='ltr'><strong>aeger.</strong></span> 
     </span>
    </p>
   </div>
   <div class='ocr_carea' id='block_1_4' title="bbox 243 574 772 627">
    <p class='ocr_par' dir='ltr' id='par_1_4' title="bbox 243 574 772 627">
     <span class='ocr_line' id='line_1_5' title="bbox 243 574 772 627; baseline 0 -12"><span class='ocrx_word' id='word_1_30' title='bbox 243 583 348 616; x_wconf 87' lang='lat' dir='ltr'>Arus.</span> <span class='ocrx_word' id='word_1_31' title='bbox 374 595 408 627; x_wconf 91' lang='lat' dir='ltr'>p.</span> <span class='ocrx_word' id='word_1_32' title='bbox 435 582 518 615; x_wconf 79' lang='lat'>212:</span> <span class='ocrx_word' id='word_1_33' title='bbox 544 574 650 625; x_wconf 67' lang='lat' dir='ltr'>aeyer</span> <span class='ocrx_word' id='word_1_34' title='bbox 673 585 772 616; x_wconf 83' lang='lat' dir='ltr'>illius.</span> 
     </span>
    </p>
   </div>
   <div class='ocr_carea' id='block_1_5' title="bbox 125 672 1658 1393">
    <p class='ocr_par' dir='ltr' id='par_1_5' title="bbox 125 672 1658 1393">
     <span class='ocr_line' id='line_1_6' title="bbox 248 672 1658 726; baseline 0.002 -14"><span class='ocrx_word' id='word_1_35' title='bbox 248 675 300 712; x_wconf 80' lang='lat'>74</span> <span class='ocrx_word' id='word_1_36' title='bbox 333 672 412 726; x_wconf 83' lang='lat' dir='ltr'>[Kr.</span> <span class='ocrx_word' id='word_1_37' title='bbox 436 679 492 712; x_wconf 92' lang='grc'>77.</span> <span class='ocrx_word' id='word_1_38' title='bbox 524 676 563 711; x_wconf 85' lang='lat' dir='ltr'>G.</span> <span class='ocrx_word' id='word_1_39' title='bbox 591 672 668 726; x_wconf 88' lang='lat'>81].</span> <span class='ocrx_word' id='word_1_40' title='bbox 712 673 817 713; x_wconf 89' lang='lat' dir='ltr'>Fest.</span> <span class='ocrx_word' id='word_1_41' title='bbox 846 685 885 725; x_wconf 88' lang='lat' dir='ltr'>p.</span> <span class='ocrx_word' id='word_1_42' title='bbox 916 672 999 714; x_wconf 84' lang='lat'>239</span> <span class='ocrx_word' id='word_1_43' title='bbox 1028 674 1096 713; x_wconf 93' lang='lat' dir='ltr'>ubi</span> <span class='ocrx_word' id='word_1_44' title='bbox 1127 675 1174 714; x_wconf 88' lang='lat' dir='ltr'>de</span> <span class='ocrx_word' id='word_1_45' title='bbox 1205 678 1325 726; x_wconf 88' lang='lat' dir='ltr'>ponte</span> <span class='ocrx_word' id='word_1_46' title='bbox 1355 675 1520 715; x_wconf 86' lang='lat' dir='ltr'><strong>sublicio</strong></span> <span class='ocrx_word' id='word_1_47' title='bbox 1551 676 1658 722; x_wconf 86' lang='lat' dir='ltr'>dixit,</span> 
     </span>
     <span class='ocr_line' id='line_1_7' title="bbox 133 740 1658 793; baseline 0.001 -12"><span class='ocrx_word' id='word_1_48' title='bbox 133 741 292 781; x_wconf 81' lang='lat' dir='ltr'><strong>Sallusti</strong></span> <span class='ocrx_word' id='word_1_49' title='bbox 312 740 443 781; x_wconf 91' lang='lat' dir='ltr'>locum</span> <span class='ocrx_word' id='word_1_50' title='bbox 463 754 511 781; x_wconf 85' lang='lat' dir='ltr'>ex</span> <span class='ocrx_word' id='word_1_51' title='bbox 537 741 640 781; x_wconf 89' lang='lat' dir='ltr'>libro</span> <span class='ocrx_word' id='word_1_52' title='bbox 660 745 802 793; x_wconf 88' lang='lat' dir='ltr'>quarto</span> <span class='ocrx_word' id='word_1_53' title='bbox 831 741 980 787; x_wconf 87' lang='lat' dir='ltr'>adtulit,</span> <span class='ocrx_word' id='word_1_54' title='bbox 1012 746 1071 781; x_wconf 90' lang='lat' dir='ltr'>set</span> <span class='ocrx_word' id='word_1_55' title='bbox 1100 743 1199 782; x_wconf 84' lang='lat' dir='ltr'>tristi</span> <span class='ocrx_word' id='word_1_56' title='bbox 1230 755 1322 782; x_wconf 86' lang='lat' dir='ltr'>casu</span> <span class='ocrx_word' id='word_1_57' title='bbox 1342 755 1492 793; x_wconf 87' lang='lat' dir='ltr'>paucae</span> <span class='ocrx_word' id='word_1_58' title='bbox 1507 747 1658 783; x_wconf 87' lang='lat' dir='ltr'>tantum</span> 
     </span>
     <span class='ocr_line' id='line_1_8' title="bbox 131 808 1654 862; baseline 0.001 -14"><span class='ocrx_word' id='word_1_59' title='bbox 131 821 280 862; x_wconf 88' lang='lat' dir='ltr'>eaeque</span> <span class='ocrx_word' id='word_1_60' title='bbox 311 808 607 861; x_wconf 81' lang='lat' dir='ltr'>inexplicabiles</span> <span class='ocrx_word' id='word_1_61' title='bbox 643 809 795 849; x_wconf 80' lang='lat' dir='ltr'>litterae</span> <span class='ocrx_word' id='word_1_62' title='bbox 825 813 1059 862; x_wconf 82' lang='lat' dir='ltr'>supersunt:</span> <span class='ocrx_word' id='word_1_63' title='bbox 1102 821 1152 849; x_wconf 89' lang='lat' dir='ltr'>ne</span> <span class='ocrx_word' id='word_1_64' title='bbox 1190 811 1428 850; x_wconf 84' lang='lat' dir='ltr'>inrumiendi</span> <span class='ocrx_word' id='word_1_65' title='bbox 1457 823 1494 862; x_wconf 87' lang='lat' dir='ltr'>p.</span> <span class='ocrx_word' id='word_1_66' title='bbox 1523 842 1532 850; x_wconf 91' lang='lat'><strong>.</strong></span> <span class='ocrx_word' id='word_1_67' title='bbox 1561 842 1569 849; x_wconf 92' lang='lat'><strong>.</strong></span> <span class='ocrx_word' id='word_1_68' title='bbox 1608 834 1654 839; x_wconf 97' lang='lat'><strong>—</strong></span> 
     </span>
     <span class='ocr_line' id='line_1_9' title="bbox 130 875 1656 928; baseline 0.002 -13"><span class='ocrx_word' id='word_1_69' title='bbox 130 875 303 916; x_wconf 84' lang='lat' dir='ltr'>Verbum</span> <span class='ocrx_word' id='word_1_70' title='bbox 335 878 582 917; x_wconf 75' lang='lat' dir='ltr'>inrumiendi</span> <span class='ocrx_word' id='word_1_71' title='bbox 611 889 776 928; x_wconf 86' lang='lat' dir='ltr'>prorsus</span> <span class='ocrx_word' id='word_1_72' title='bbox 805 876 1024 917; x_wconf 86' lang='lat' dir='ltr'>inauditum</span> <span class='ocrx_word' id='word_1_73' title='bbox 1055 881 1138 922; x_wconf 87' lang='lat' dir='ltr'>est,</span> <span class='ocrx_word' id='word_1_74' title='bbox 1165 882 1204 916; x_wconf 88' lang='lat' dir='ltr'>et</span> <span class='ocrx_word' id='word_1_75' title='bbox 1232 890 1323 916; x_wconf 88' lang='lat' dir='ltr'>cum</span> <span class='ocrx_word' id='word_1_76' title='bbox 1348 877 1497 918; x_wconf 89' lang='lat' dir='ltr'>relicua</span> <span class='ocrx_word' id='word_1_77' title='bbox 1527 880 1656 918; x_wconf 88' lang='lat' dir='ltr'>omnia</span> 
     </span>
     <span class='ocr_line' id='line_1_10' title="bbox 127 943 1655 1001; baseline 0.001 -17"><span class='ocrx_word' id='word_1_78' title='bbox 127 945 337 996; x_wconf 84' lang='lat' dir='ltr'>perierint,</span> <span class='ocrx_word' id='word_1_79' title='bbox 376 946 483 985; x_wconf 91' lang='lat' dir='ltr'>omni</span> <span class='ocrx_word' id='word_1_80' title='bbox 511 945 747 1001; x_wconf 86' lang='lat' dir='ltr'>emendandi</span> <span class='ocrx_word' id='word_1_81' title='bbox 779 948 923 984; x_wconf 87' lang='lat' dir='ltr'>conatu</span> <span class='ocrx_word' id='word_1_82' title='bbox 961 943 1250 984; x_wconf 86' lang='lat' dir='ltr'>abstinendum.</span> <span class='ocrx_word' id='word_1_83' title='bbox 1312 946 1439 997; x_wconf 91' lang='lat' dir='ltr'>Atque</span> <span class='ocrx_word' id='word_1_84' title='bbox 1476 959 1526 986; x_wconf 92' lang='lat' dir='ltr'>ne</span> <span class='ocrx_word' id='word_1_85' title='bbox 1560 946 1655 986; x_wconf 88' lang='lat' dir='ltr'>illud</span> 
     </span>
     <span class='ocr_line' id='line_1_11' title="bbox 127 1011 1655 1064; baseline 0.001 -12"><span class='ocrx_word' id='word_1_86' title='bbox 127 1012 286 1064; x_wconf 90' lang='lat' dir='ltr'>quidem</span> <span class='ocrx_word' id='word_1_87' title='bbox 308 1017 463 1053; x_wconf 88' lang='lat' dir='ltr'>certum</span> <span class='ocrx_word' id='word_1_88' title='bbox 490 1025 586 1053; x_wconf 92' lang='lat' dir='ltr'>num</span> <span class='ocrx_word' id='word_1_89' title='bbox 608 1012 815 1053; x_wconf 85' lang='lat' dir='ltr'>Sallustius</span> <span class='ocrx_word' id='word_1_90' title='bbox 839 1013 887 1052; x_wconf 85' lang='lat' dir='ltr'>de</span> <span class='ocrx_word' id='word_1_91' title='bbox 908 1017 1028 1064; x_wconf 84' lang='lat' dir='ltr'>ponte</span> <span class='ocrx_word' id='word_1_92' title='bbox 1052 1011 1217 1052; x_wconf 85' lang='lat' dir='ltr'>sublicio</span> <span class='ocrx_word' id='word_1_93' title='bbox 1244 1013 1398 1053; x_wconf 83' lang='lat' dir='ltr'>dixerit.</span> <span class='ocrx_word' id='word_1_94' title='bbox 1446 1014 1546 1054; x_wconf 87' lang='lat' dir='ltr'>Nam</span> <span class='ocrx_word' id='word_1_95' title='bbox 1565 1027 1655 1054; x_wconf 89' lang='lat' dir='ltr'>cum</span> 
     </span>
     <span class='ocr_line' id='line_1_12' title="bbox 125 1080 1657 1132; baseline 0.002 -13"><span class='ocrx_word' id='word_1_96' title='bbox 125 1080 224 1120; x_wconf 87' lang='lat' dir='ltr'>haec</span> <span class='ocrx_word' id='word_1_97' title='bbox 251 1085 457 1132; x_wconf 84' lang='lat' dir='ltr'>praeterea</span> <span class='ocrx_word' id='word_1_98' title='bbox 484 1081 589 1132; x_wconf 89' lang='lat' dir='ltr'>apud</span> <span class='ocrx_word' id='word_1_99' title='bbox 611 1081 771 1121; x_wconf 88' lang='lat' dir='ltr'>Festum</span> <span class='ocrx_word' id='word_1_100' title='bbox 794 1085 947 1121; x_wconf 87' lang='lat' dir='ltr'>servata</span> <span class='ocrx_word' id='word_1_101' title='bbox 967 1081 1063 1120; x_wconf 90' lang='lat' dir='ltr'>sint:</span> <span class='ocrx_word' id='word_1_102' title='bbox 1096 1111 1246 1120; x_wconf 90' lang='grc'><strong>......</strong></span> <span class='ocrx_word' id='word_1_103' title='bbox 1276 1082 1488 1121; x_wconf 75' lang='lat' dir='ltr'>sublicibus</span> <span class='ocrx_word' id='word_1_104' title='bbox 1513 1087 1657 1122; x_wconf 79' lang='lat' dir='ltr'>cavata</span> 
     </span>
     <span class='ocr_line' id='line_1_13' title="bbox 127 1148 1655 1200; baseline 0.001 -13"><span class='ocrx_word' id='word_1_105' title='bbox 127 1178 391 1187; x_wconf 91' lang='grc'><strong>..........</strong></span> <span class='ocrx_word' id='word_1_106' title='bbox 422 1156 567 1196; x_wconf 79' lang='lat' dir='ltr'>essent,</span> <span class='ocrx_word' id='word_1_107' title='bbox 599 1153 639 1188; x_wconf 86' lang='lat' dir='ltr'>et</span> <span class='ocrx_word' id='word_1_108' title='bbox 659 1161 759 1200; x_wconf 86' lang='lat' dir='ltr'>quae</span> <span class='ocrx_word' id='word_1_109' title='bbox 789 1149 1034 1199; x_wconf 85' lang='lat' dir='ltr'>praecedunt</span> <span class='ocrx_word' id='word_1_110' title='bbox 1061 1148 1217 1193; x_wconf 90' lang='lat' dir='ltr'>mutila,</span> <span class='ocrx_word' id='word_1_111' title='bbox 1252 1149 1301 1188; x_wconf 91' lang='lat' dir='ltr'>de</span> <span class='ocrx_word' id='word_1_112' title='bbox 1326 1148 1466 1189; x_wconf 86' lang='lat' dir='ltr'>tabulis</span> <span class='ocrx_word' id='word_1_113' title='bbox 1496 1149 1655 1190; x_wconf 81' lang='lat' dir='ltr'>sublicis</span> 
     </span>
     <span class='ocr_line' id='line_1_14' title="bbox 126 1215 1653 1268; baseline 0.001 -13"><span class='ocrx_word' id='word_1_114' title='bbox 126 1215 361 1256; x_wconf 86' lang='lat' dir='ltr'>vocabulum</span> <span class='ocrx_word' id='word_1_115' title='bbox 391 1221 626 1268; x_wconf 79' lang='lat' dir='ltr'>usurpatum</span> <span class='ocrx_word' id='word_1_116' title='bbox 656 1228 743 1256; x_wconf 88' lang='lat' dir='ltr'>esse</span> <span class='ocrx_word' id='word_1_117' title='bbox 771 1217 943 1268; x_wconf 84' lang='lat' dir='ltr'>prodere</span> <span class='ocrx_word' id='word_1_118' title='bbox 970 1216 1197 1262; x_wconf 88' lang='lat' dir='ltr'>videantur,</span> <span class='ocrx_word' id='word_1_119' title='bbox 1228 1215 1324 1255; x_wconf 91' lang='lat' dir='ltr'>haut</span> <span class='ocrx_word' id='word_1_120' title='bbox 1352 1218 1549 1257; x_wconf 88' lang='lat' dir='ltr'>incondita</span> <span class='ocrx_word' id='word_1_121' title='bbox 1578 1217 1653 1257; x_wconf 88' lang='lat' dir='ltr'>Ur-</span> 
     </span>
     <span class='ocr_line' id='line_1_15' title="bbox 125 1283 1652 1335; baseline 0.001 -12"><span class='ocrx_word' id='word_1_122' title='bbox 125 1284 199 1323; x_wconf 88' lang='lat' dir='ltr'>sini</span> <span class='ocrx_word' id='word_1_123' title='bbox 235 1285 406 1335; x_wconf 91' lang='lat' dir='ltr'>suspicio</span> <span class='ocrx_word' id='word_1_124' title='bbox 440 1289 518 1329; x_wconf 89' lang='lat' dir='ltr'>est,</span> <span class='ocrx_word' id='word_1_125' title='bbox 565 1284 721 1324; x_wconf 86' lang='lat' dir='ltr'>Sallusti</span> <span class='ocrx_word' id='word_1_126' title='bbox 757 1283 890 1324; x_wconf 91' lang='lat' dir='ltr'>locum</span> <span class='ocrx_word' id='word_1_127' title='bbox 923 1284 974 1324; x_wconf 92' lang='lat' dir='ltr'>ob</span> <span class='ocrx_word' id='word_1_128' title='bbox 1012 1285 1227 1325; x_wconf 78' lang='lat' dir='ltr'>sublicibus</span> <span class='ocrx_word' id='word_1_129' title='bbox 1258 1287 1410 1325; x_wconf 84' lang='lat' dir='ltr'>cavatis</span> <span class='ocrx_word' id='word_1_130' title='bbox 1446 1284 1495 1325; x_wconf 90' lang='lat' dir='ltr'>ab</span> <span class='ocrx_word' id='word_1_131' title='bbox 1535 1285 1652 1325; x_wconf 87' lang='lat' dir='ltr'>Festo</span> 
     </span>
     <span class='ocr_line' id='line_1_16' title="bbox 125 1352 628 1393; baseline 0 -2"><span class='ocrx_word' id='word_1_132' title='bbox 125 1357 464 1393; x_wconf 80' lang='lat' dir='ltr'>conmemoratum</span> <span class='ocrx_word' id='word_1_133' title='bbox 495 1352 628 1393; x_wconf 82' lang='lat' dir='ltr'>fuisse.</span> 
     </span>
    </p>
   </div>
   <div class='ocr_carea' id='block_1_6' title="bbox 801 1601 966 1642">
    <p class='ocr_par' dir='ltr' id='par_1_6' title="bbox 801 1601 966 1642">
     <span class='ocr_line' id='line_1_17' title="bbox 801 1601 966 1642; baseline 0 -1"><span class='ocrx_word' id='word_1_134' title='bbox 801 1601 890 1641; x_wconf 86' lang='lat' dir='ltr'>Lib.</span> <span class='ocrx_word' id='word_1_135' title='bbox 919 1602 966 1642; x_wconf 86' lang='lat' dir='ltr'>V.</span> 
     </span>
    </p>
   </div>
   <div class='ocr_carea' id='block_1_7' title="bbox 122 1680 1652 1811">
    <p class='ocr_par' dir='ltr' id='par_1_7' title="bbox 122 1680 1652 1811">
     <span class='ocr_line' id='line_1_18' title="bbox 235 1680 1652 1756; baseline 0.001 -15"><span class='ocrx_word' id='word_1_136' title='bbox 235 1705 288 1742; x_wconf 84' lang='lat'>*1</span> <span class='ocrx_word' id='word_1_137' title='bbox 326 1703 406 1756; x_wconf 72' lang='lat' dir='ltr'>[Kr.</span> <span class='ocrx_word' id='word_1_138' title='bbox 435 1709 463 1741; x_wconf 92' lang='lat'>1.</span> <span class='ocrx_word' id='word_1_139' title='bbox 505 1706 544 1742; x_wconf 85' lang='lat' dir='ltr'>G.</span> <span class='ocrx_word' id='word_1_140' title='bbox 575 1706 619 1742; x_wconf 82' lang='grc' dir='ltr'>ιν</span> <span class='ocrx_word' id='word_1_141' title='bbox 645 1703 723 1756; x_wconf 71' lang='grc'><strong>79].</strong></span> <span class='ocrx_word' id='word_1_142' title='bbox 787 1703 894 1742; x_wconf 77' lang='lat' dir='ltr'>Adeo</span> <span class='ocrx_word' id='word_1_143' title='bbox 931 1702 1004 1742; x_wconf 84' lang='lat' dir='ltr'>illis</span> <span class='ocrx_word' id='word_1_144' title='bbox 1040 1680 1211 1753; x_wconf 72' lang='lat' dir='ltr'>ingenita</span> <span class='ocrx_word' id='word_1_145' title='bbox 1251 1707 1311 1742; x_wconf 80' lang='lat' dir='ltr'>est</span> <span class='ocrx_word' id='word_1_146' title='bbox 1339 1704 1523 1743; x_wconf 75' lang='lat' dir='ltr'>sanctitas</span> <span class='ocrx_word' id='word_1_147' title='bbox 1552 1705 1652 1755; x_wconf 82' lang='lat' dir='ltr'>regii</span> 
     </span>
     <span class='ocr_line' id='line_1_19' title="bbox 122 1783 300 1811; baseline -0.006 -1"><span class='ocrx_word' id='word_1_148' title='bbox 122 1783 300 1811; x_wconf 72' lang='lat' dir='ltr'>nominis.</span> 
     </span>
    </p>
   </div>
   <div class='ocr_carea' id='block_1_8' title="bbox 119 1848 1650 2300">
    <p class='ocr_par' dir='ltr' id='par_1_8' title="bbox 119 1848 1650 2300">
     <span class='ocr_line' id='line_1_20' title="bbox 235 1848 1650 1891; baseline 0 -9"><span class='ocrx_word' id='word_1_149' title='bbox 235 1850 337 1883; x_wconf 87' lang='lat' dir='ltr'>Serv.</span> <span class='ocrx_word' id='word_1_150' title='bbox 364 1850 411 1882; x_wconf 84' lang='lat' dir='ltr'>ad</span> <span class='ocrx_word' id='word_1_151' title='bbox 435 1850 547 1891; x_wconf 73' lang='lat' dir='ltr'>Verg.</span> <span class='ocrx_word' id='word_1_152' title='bbox 576 1850 619 1882; x_wconf 85' lang='lat' dir='ltr'>G.</span> <span class='ocrx_word' id='word_1_153' title='bbox 646 1850 697 1882; x_wconf 94' lang='lat' dir='ltr'>IV</span> <span class='ocrx_word' id='word_1_154' title='bbox 720 1848 784 1881; x_wconf 85' lang='lat'>211</span> <span class='ocrx_word' id='word_1_155' title='bbox 812 1848 994 1891; x_wconf 87' lang='lat' dir='ltr'>(itemque</span> <span class='ocrx_word' id='word_1_156' title='bbox 1020 1848 1183 1891; x_wconf 80' lang='lat' dir='ltr'>Philarg.</span> <span class='ocrx_word' id='word_1_157' title='bbox 1211 1849 1258 1881; x_wconf 85' lang='lat' dir='ltr'>ad</span> <span class='ocrx_word' id='word_1_158' title='bbox 1284 1850 1390 1882; x_wconf 85' lang='lat' dir='ltr'>eund.</span> <span class='ocrx_word' id='word_1_159' title='bbox 1412 1850 1555 1890; x_wconf 79' lang='lat' dir='ltr'>locum,</span> <span class='ocrx_word' id='word_1_160' title='bbox 1587 1851 1650 1883; x_wconf 90' lang='lat' dir='ltr'>ubi</span> 
     </span>
     <span class='ocr_line' id='line_1_21' title="bbox 121 1894 1650 1939; baseline 0 -11"><span class='ocrx_word' id='word_1_161' title='bbox 121 1907 184 1939; x_wconf 88' lang='lat' dir='ltr'>pro</span> <span class='ocrx_word' id='word_1_162' title='bbox 209 1898 298 1938; x_wconf 63' lang='lat' dir='ltr'>regii</span> <span class='ocrx_word' id='word_1_163' title='bbox 319 1897 459 1928; x_wconf 85' lang='lat' dir='ltr'>nominis</span> <span class='ocrx_word' id='word_1_164' title='bbox 485 1898 660 1939; x_wconf 83' lang='lat' dir='ltr'>conrupte</span> <span class='ocrx_word' id='word_1_165' title='bbox 678 1895 814 1937; x_wconf 84' lang='lat' dir='ltr'>legitur</span> <span class='ocrx_word' id='word_1_166' title='bbox 836 1894 1022 1936; x_wconf 67' lang='lat' dir='ltr'>religionis)</span> <span class='ocrx_word' id='word_1_167' title='bbox 1048 1894 1142 1926; x_wconf 85' lang='lat' dir='ltr'>haec</span> <span class='ocrx_word' id='word_1_168' title='bbox 1166 1895 1282 1926; x_wconf 81' lang='lat' dir='ltr'>verba</span> <span class='ocrx_word' id='word_1_169' title='bbox 1307 1895 1447 1935; x_wconf 85' lang='lat' dir='ltr'>adtulit,</span> <span class='ocrx_word' id='word_1_170' title='bbox 1475 1906 1544 1937; x_wconf 92' lang='lat' dir='ltr'>quo</span> <span class='ocrx_word' id='word_1_171' title='bbox 1561 1896 1650 1928; x_wconf 88' lang='lat' dir='ltr'>Ver-</span> 
     </span>
     <span class='ocr_line' id='line_1_22' title="bbox 121 1939 1650 1984; baseline -0.001 -11"><span class='ocrx_word' id='word_1_172' title='bbox 121 1941 188 1984; x_wconf 86' lang='lat' dir='ltr'>gili</span> <span class='ocrx_word' id='word_1_173' title='bbox 206 1941 446 1973; x_wconf 79' lang='lat' dir='ltr'>sententiam:</span> <span class='ocrx_word' id='word_1_174' title='bbox 473 1940 689 1983; x_wconf 80' lang='lat' dir='ltr'>Aegyptios,</span> <span class='ocrx_word' id='word_1_175' title='bbox 708 1940 842 1981; x_wconf 81' lang='lat' dir='ltr'>Lydos,</span> <span class='ocrx_word' id='word_1_176' title='bbox 870 1939 1038 1979; x_wconf 82' lang='lat' dir='ltr'>Parthos,</span> <span class='ocrx_word' id='word_1_177' title='bbox 1064 1939 1192 1971; x_wconf 86' lang='lat' dir='ltr'>Medos</span> <span class='ocrx_word' id='word_1_178' title='bbox 1209 1950 1335 1982; x_wconf 86' lang='lat' dir='ltr'>regum</span> <span class='ocrx_word' id='word_1_179' title='bbox 1354 1950 1435 1972; x_wconf 87' lang='lat' dir='ltr'>esse</span> <span class='ocrx_word' id='word_1_180' title='bbox 1452 1941 1650 1973; x_wconf 85' lang='lat' dir='ltr'>observan-</span> 
     </span>
     <span class='ocr_line' id='line_1_23' title="bbox 120 1984 1649 2027; baseline -0.001 -8"><span class='ocrx_word' id='word_1_181' title='bbox 120 1986 290 2019; x_wconf 86' lang='lat' dir='ltr'>tissumos</span> <span class='ocrx_word' id='word_1_182' title='bbox 315 1986 558 2026; x_wconf 84' lang='lat' dir='ltr'>confirmaret,</span> <span class='ocrx_word' id='word_1_183' title='bbox 583 1986 622 2017; x_wconf 89' lang='lat' dir='ltr'>in</span> <span class='ocrx_word' id='word_1_184' title='bbox 648 1996 716 2027; x_wconf 93' lang='lat' dir='ltr'>quo</span> <span class='ocrx_word' id='word_1_185' title='bbox 741 1985 832 2017; x_wconf 90' lang='lat' dir='ltr'>illud</span> <span class='ocrx_word' id='word_1_186' title='bbox 856 1995 930 2017; x_wconf 90' lang='lat' dir='ltr'>non</span> <span class='ocrx_word' id='word_1_187' title='bbox 953 1984 1189 2027; x_wconf 84' lang='lat' dir='ltr'>premundum</span> <span class='ocrx_word' id='word_1_188' title='bbox 1209 1995 1288 2017; x_wconf 85' lang='lat' dir='ltr'>esse</span> <span class='ocrx_word' id='word_1_189' title='bbox 1315 1985 1479 2027; x_wconf 81' lang='lat' dir='ltr'>adparet,</span> <span class='ocrx_word' id='word_1_190' title='bbox 1505 1988 1545 2017; x_wconf 88' lang='lat' dir='ltr'>ut</span> <span class='ocrx_word' id='word_1_191' title='bbox 1570 1985 1649 2018; x_wconf 80' lang='lat' dir='ltr'>Sal-</span> 
     </span>
     <span class='ocr_line' id='line_1_24' title="bbox 120 2030 1649 2074; baseline -0.001 -10"><span class='ocrx_word' id='word_1_192' title='bbox 120 2031 251 2064; x_wconf 86' lang='lat' dir='ltr'>lustius</span> <span class='ocrx_word' id='word_1_193' title='bbox 276 2032 320 2064; x_wconf 89' lang='lat' dir='ltr'>de</span> <span class='ocrx_word' id='word_1_194' title='bbox 345 2032 462 2064; x_wconf 87' lang='lat' dir='ltr'>isdem</span> <span class='ocrx_word' id='word_1_195' title='bbox 487 2041 636 2074; x_wconf 86' lang='lat' dir='ltr'>prorsus</span> <span class='ocrx_word' id='word_1_196' title='bbox 661 2030 832 2073; x_wconf 87' lang='lat' dir='ltr'>gentibus</span> <span class='ocrx_word' id='word_1_197' title='bbox 856 2030 992 2062; x_wconf 84' lang='lat' dir='ltr'>dixisse</span> <span class='ocrx_word' id='word_1_198' title='bbox 1019 2030 1200 2062; x_wconf 82' lang='lat' dir='ltr'>credatur.</span> <span class='ocrx_word' id='word_1_199' title='bbox 1254 2030 1317 2062; x_wconf 86' lang='lat' dir='ltr'>Set</span> <span class='ocrx_word' id='word_1_200' title='bbox 1342 2040 1423 2062; x_wconf 84' lang='lat' dir='ltr'>cum</span> <span class='ocrx_word' id='word_1_201' title='bbox 1449 2030 1552 2063; x_wconf 86' lang='lat' dir='ltr'>Cass.</span> <span class='ocrx_word' id='word_1_202' title='bbox 1578 2031 1649 2062; x_wconf 88' lang='lat' dir='ltr'>Dio</span> 
     </span>
     <span class='ocr_line' id='line_1_25' title="bbox 119 2075 1648 2118; baseline -0.001 -9"><span class='ocrx_word' id='word_1_203' title='bbox 119 2077 255 2109; x_wconf 88' lang='lat' dir='ltr'>XXXV</span> <span class='ocrx_word' id='word_1_204' title='bbox 284 2076 307 2109; x_wconf 81' lang='lat'>9</span> <span class='ocrx_word' id='word_1_205' title='bbox 338 2087 420 2109; x_wconf 85' lang='lat' dir='ltr'>cum</span> <span class='ocrx_word' id='word_1_206' title='bbox 451 2076 535 2109; x_wconf 80' lang='lat' dir='ltr'>aliis</span> <span class='ocrx_word' id='word_1_207' title='bbox 567 2075 808 2118; x_wconf 82' lang='lat' dir='ltr'>scriptoribus</span> <span class='ocrx_word' id='word_1_208' title='bbox 832 2075 1073 2107; x_wconf 81' lang='lat' dir='ltr'>Mithridaten</span> <span class='ocrx_word' id='word_1_209' title='bbox 1105 2085 1290 2107; x_wconf 81' lang='lat' dir='ltr'>reversum</span> <span class='ocrx_word' id='word_1_210' title='bbox 1317 2075 1355 2107; x_wconf 87' lang='lat' dir='ltr'>in</span> <span class='ocrx_word' id='word_1_211' title='bbox 1385 2076 1541 2108; x_wconf 87' lang='lat' dir='ltr'>Pontum</span> <span class='ocrx_word' id='word_1_212' title='bbox 1571 2075 1648 2108; x_wconf 82' lang='lat' dir='ltr'>lae-</span> 
     </span>
     <span class='ocr_line' id='line_1_26' title="bbox 119 2115 1647 2164; baseline -0.001 -10"><span class='ocrx_word' id='word_1_213' title='bbox 119 2122 280 2154; x_wconf 82' lang='lat' dir='ltr'>tissumis</span> <span class='ocrx_word' id='word_1_214' title='bbox 307 2122 437 2154; x_wconf 85' lang='lat' dir='ltr'>animis</span> <span class='ocrx_word' id='word_1_215' title='bbox 463 2124 654 2164; x_wconf 85' lang='lat' dir='ltr'>exceptum</span> <span class='ocrx_word' id='word_1_216' title='bbox 681 2131 762 2153; x_wconf 83' lang='lat' dir='ltr'>esse</span> <span class='ocrx_word' id='word_1_217' title='bbox 786 2130 1004 2159; x_wconf 83' lang='lat' dir='ltr'>memorans,</span> <span class='ocrx_word' id='word_1_218' title='bbox 1029 2120 1318 2152; x_wconf 86' lang='lat' dir='ltr'>benivolentiam</span> <span class='ocrx_word' id='word_1_219' title='bbox 1345 2116 1386 2153; x_wconf 77' lang='grc' dir='ltr'>ἔκ</span> <span class='ocrx_word' id='word_1_220' title='bbox 1410 2130 1450 2153; x_wconf 77' lang='grc' dir='ltr'>τε</span> <span class='ocrx_word' id='word_1_221' title='bbox 1473 2119 1543 2153; x_wconf 82' lang='grc' dir='ltr'>τοῦ</span> <span class='ocrx_word' id='word_1_222' title='bbox 1560 2115 1647 2164; x_wconf 82' lang='grc' dir='ltr'><em>ὃμο-</em></span> 
     </span>
     <span class='ocr_line' id='line_1_27' title="bbox 121 2161 1647 2210; baseline -0.001 -11"><span class='ocrx_word' id='word_1_223' title='bbox 121 2161 246 2209; x_wconf 78' lang='grc' dir='ltr'><em>φύλου</em></span> <span class='ocrx_word' id='word_1_224' title='bbox 270 2164 336 2199; x_wconf 80' lang='grc' dir='ltr'>καὶ</span> <span class='ocrx_word' id='word_1_225' title='bbox 362 2161 403 2199; x_wconf 77' lang='grc' dir='ltr'>ἐκ</span> <span class='ocrx_word' id='word_1_226' title='bbox 427 2166 495 2210; x_wconf 84' lang='grc' dir='ltr'>τῆς</span> <span class='ocrx_word' id='word_1_227' title='bbox 519 2166 683 2208; x_wconf 83' lang='grc' dir='ltr'><strong><em>πατρίου</em></strong></span> <span class='ocrx_word' id='word_1_228' title='bbox 708 2164 903 2210; x_wconf 82' lang='grc' dir='ltr'><strong><em>βασιλείας</em></strong></span> <span class='ocrx_word' id='word_1_229' title='bbox 930 2165 1090 2208; x_wconf 85' lang='lat' dir='ltr'>prodiise</span> <span class='ocrx_word' id='word_1_230' title='bbox 1115 2165 1258 2205; x_wconf 80' lang='lat' dir='ltr'>doceat,</span> <span class='ocrx_word' id='word_1_231' title='bbox 1284 2176 1403 2208; x_wconf 86' lang='lat' dir='ltr'>paene</span> <span class='ocrx_word' id='word_1_232' title='bbox 1429 2168 1568 2198; x_wconf 87' lang='lat' dir='ltr'>certum</span> <span class='ocrx_word' id='word_1_233' title='bbox 1593 2167 1647 2199; x_wconf 90' lang='lat' dir='ltr'>vi-</span> 
     </span>
     <span class='ocr_line' id='line_1_28' title="bbox 121 2210 1648 2253; baseline -0.001 -8"><span class='ocrx_word' id='word_1_234' title='bbox 121 2212 226 2244; x_wconf 87' lang='lat' dir='ltr'>detur</span> <span class='ocrx_word' id='word_1_235' title='bbox 249 2212 314 2245; x_wconf 85' lang='lat' dir='ltr'>illa</span> <span class='ocrx_word' id='word_1_236' title='bbox 339 2211 454 2245; x_wconf 78' lang='lat' dir='ltr'>verba</span> <span class='ocrx_word' id='word_1_237' title='bbox 485 2213 532 2244; x_wconf 87' lang='lat' dir='ltr'>ab</span> <span class='ocrx_word' id='word_1_238' title='bbox 558 2211 733 2244; x_wconf 85' lang='lat' dir='ltr'>Sallustio</span> <span class='ocrx_word' id='word_1_239' title='bbox 757 2211 796 2242; x_wconf 92' lang='lat' dir='ltr'>in</span> <span class='ocrx_word' id='word_1_240' title='bbox 822 2211 951 2243; x_wconf 88' lang='lat' dir='ltr'>eadem</span> <span class='ocrx_word' id='word_1_241' title='bbox 977 2221 1016 2242; x_wconf 86' lang='lat' dir='ltr'>re</span> <span class='ocrx_word' id='word_1_242' title='bbox 1041 2210 1180 2253; x_wconf 85' lang='lat' dir='ltr'>scripta</span> <span class='ocrx_word' id='word_1_243' title='bbox 1204 2211 1331 2243; x_wconf 85' lang='lat' dir='ltr'>fuisse.</span> <span class='ocrx_word' id='word_1_244' title='bbox 1380 2211 1460 2245; x_wconf 87' lang='lat' dir='ltr'>Hoc</span> <span class='ocrx_word' id='word_1_245' title='bbox 1485 2211 1648 2249; x_wconf 75' lang='lat' dir='ltr'>dubitari</span> 
     </span>
     <span class='ocr_line' id='line_1_29' title="bbox 119 2255 1648 2300; baseline -0.001 -10"><span class='ocrx_word' id='word_1_246' title='bbox 119 2261 254 2300; x_wconf 86' lang='lat' dir='ltr'>potest,</span> <span class='ocrx_word' id='word_1_247' title='bbox 278 2260 399 2289; x_wconf 87' lang='lat' dir='ltr'>utrum</span> <span class='ocrx_word' id='word_1_248' title='bbox 414 2257 453 2289; x_wconf 91' lang='lat' dir='ltr'>in</span> <span class='ocrx_word' id='word_1_249' title='bbox 469 2257 502 2289; x_wconf 93' lang='lat' dir='ltr'><strong>V</strong></span> <span class='ocrx_word' id='word_1_250' title='bbox 516 2257 603 2289; x_wconf 91' lang='lat' dir='ltr'>libri</span> <span class='ocrx_word' id='word_1_251' title='bbox 625 2256 741 2297; x_wconf 84' lang='lat' dir='ltr'>initio,</span> <span class='ocrx_word' id='word_1_252' title='bbox 769 2266 817 2288; x_wconf 91' lang='lat' dir='ltr'>an</span> <span class='ocrx_word' id='word_1_253' title='bbox 840 2256 879 2288; x_wconf 89' lang='lat' dir='ltr'>in</span> <span class='ocrx_word' id='word_1_254' title='bbox 896 2256 947 2288; x_wconf 90' lang='lat' dir='ltr'>IV</span> <span class='ocrx_word' id='word_1_255' title='bbox 963 2255 1035 2288; x_wconf 87' lang='lat' dir='ltr'>fine</span> <span class='ocrx_word' id='word_1_256' title='bbox 1054 2266 1121 2288; x_wconf 84' lang='lat' dir='ltr'>eae</span> <span class='ocrx_word' id='word_1_257' title='bbox 1138 2266 1198 2288; x_wconf 86' lang='lat' dir='ltr'>res</span> <span class='ocrx_word' id='word_1_258' title='bbox 1214 2258 1390 2288; x_wconf 85' lang='lat' dir='ltr'>narratae</span> <span class='ocrx_word' id='word_1_259' title='bbox 1416 2256 1565 2297; x_wconf 81' lang='lat' dir='ltr'>fuerint,</span> <span class='ocrx_word' id='word_1_260' title='bbox 1591 2260 1648 2289; x_wconf 83' lang='lat' dir='ltr'>set</span> 
     </span>
    </p>
   </div>
   <div class='ocr_carea' id='block_1_9' title="bbox 119 2302 501 2336">
    <p class='ocr_par' dir='ltr' id='par_1_9' title="bbox 119 2302 501 2336">
     <span class='ocr_line' id='line_1_30' title="bbox 119 2302 501 2336; baseline 0 -2"><span class='ocrx_word' id='word_1_261' title='bbox 119 2302 208 2335; x_wconf 88' lang='lat' dir='ltr'>illud</span> <span class='ocrx_word' id='word_1_262' title='bbox 231 2303 311 2336; x_wconf 89' lang='lat' dir='ltr'>veri</span> <span class='ocrx_word' id='word_1_263' title='bbox 335 2302 501 2335; x_wconf 88' lang='lat' dir='ltr'>similius.</span> 
     </span>
    </p>
   </div>
   <div class='ocr_carea' id='block_1_10' title="bbox 233 2390 1100 2445">
    <p class='ocr_par' dir='ltr' id='par_1_10' title="bbox 233 2390 1100 2445">
     <span class='ocr_line' id='line_1_31' title="bbox 233 2390 1100 2445; baseline 0.001 -15"><span class='ocrx_word' id='word_1_264' title='bbox 233 2391 293 2430; x_wconf 79' lang='lat'>*2</span> <span class='ocrx_word' id='word_1_265' title='bbox 326 2392 407 2445; x_wconf 87' lang='lat' dir='ltr'>[Kr.</span> <span class='ocrx_word' id='word_1_266' title='bbox 430 2398 463 2430; x_wconf 83' lang='lat'>2.</span> <span class='ocrx_word' id='word_1_267' title='bbox 495 2393 591 2431; x_wconf 64' lang='lat' dir='ltr'>Gerl.</span> <span class='ocrx_word' id='word_1_268' title='bbox 615 2394 684 2431; x_wconf 87' lang='lat' dir='ltr'>inc.</span> <span class='ocrx_word' id='word_1_269' title='bbox 710 2391 789 2444; x_wconf 85' lang='grc'>48].</span> <span class='ocrx_word' id='word_1_270' title='bbox 846 2390 957 2431; x_wconf 88' lang='lat' dir='ltr'>Luxo</span> <span class='ocrx_word' id='word_1_271' title='bbox 987 2391 1100 2443; x_wconf 84' lang='lat' dir='ltr'>pede.</span> 
     </span>
    </p>
   </div>
   <div class='ocr_carea' id='block_1_11' title="bbox 120 2469 1651 2830">
    <p class='ocr_par' dir='ltr' id='par_1_11' title="bbox 120 2469 1651 2830">
     <span class='ocr_line' id='line_1_32' title="bbox 231 2469 1651 2515; baseline 0 -12"><span class='ocrx_word' id='word_1_272' title='bbox 231 2471 341 2503; x_wconf 79' lang='lat' dir='ltr'>Proh.</span> <span class='ocrx_word' id='word_1_273' title='bbox 367 2483 402 2515; x_wconf 88' lang='lat' dir='ltr'>p.</span> <span class='ocrx_word' id='word_1_274' title='bbox 433 2470 514 2504; x_wconf 84' lang='lat'><strong>133:</strong></span> <span class='ocrx_word' id='word_1_275' title='bbox 539 2481 615 2503; x_wconf 85' lang='lat' dir='ltr'>nam</span> <span class='ocrx_word' id='word_1_276' title='bbox 640 2473 760 2504; x_wconf 76' lang='lat' dir='ltr'>‘luoeus&#39;</span> <span class='ocrx_word' id='word_1_277' title='bbox 785 2472 957 2509; x_wconf 79' lang='lat' dir='ltr'>vacillans,</span> <span class='ocrx_word' id='word_1_278' title='bbox 985 2471 1091 2503; x_wconf 78' lang='lat' dir='ltr'>‘lucius</span> <span class='ocrx_word' id='word_1_279' title='bbox 1114 2471 1200 2503; x_wconf 67' lang='grc' dir='ltr'><strong><em>[ιη-ἰ*</em></strong></span> <span class='ocrx_word' id='word_1_280' title='bbox 1219 2471 1318 2512; x_wconf 80' lang='lat' dir='ltr'>facit.</span> <span class='ocrx_word' id='word_1_281' title='bbox 1367 2469 1535 2503; x_wconf 82' lang='lat' dir='ltr'>Salustius</span> <span class='ocrx_word' id='word_1_282' title='bbox 1559 2471 1651 2503; x_wconf 87' lang='lat' dir='ltr'>abla-</span> 
     </span>
     <span class='ocr_line' id='line_1_33' title="bbox 120 2515 1650 2559; baseline -0.001 -10"><span class='ocrx_word' id='word_1_283' title='bbox 120 2518 186 2549; x_wconf 78' lang='lat' dir='ltr'>tivo</span> <span class='ocrx_word' id='word_1_284' title='bbox 210 2516 294 2549; x_wconf 86' lang='lat' dir='ltr'>luxo</span> <span class='ocrx_word' id='word_1_285' title='bbox 320 2517 428 2559; x_wconf 88' lang='lat' dir='ltr'>pede.</span> <span class='ocrx_word' id='word_1_286' title='bbox 477 2516 568 2548; x_wconf 88' lang='lat' dir='ltr'>Cum</span> <span class='ocrx_word' id='word_1_287' title='bbox 591 2516 798 2548; x_wconf 79' lang='lat' dir='ltr'>Mithridati</span> <span class='ocrx_word' id='word_1_288' title='bbox 820 2515 961 2558; x_wconf 87' lang='lat' dir='ltr'>proelio</span> <span class='ocrx_word' id='word_1_289' title='bbox 987 2516 1163 2548; x_wconf 84' lang='lat' dir='ltr'>advorsus</span> <span class='ocrx_word' id='word_1_290' title='bbox 1192 2516 1242 2548; x_wconf 89' lang='lat' dir='ltr'>M.</span> <span class='ocrx_word' id='word_1_291' title='bbox 1268 2516 1426 2548; x_wconf 83' lang='lat' dir='ltr'>Fabium</span> <span class='ocrx_word' id='word_1_292' title='bbox 1450 2516 1650 2549; x_wconf 84' lang='lat' dir='ltr'>Adrianum</span> 
     </span>
     <span class='ocr_line' id='line_1_34' title="bbox 121 2559 1647 2605; baseline -0.002 -11"><span class='ocrx_word' id='word_1_293' title='bbox 121 2562 304 2594; x_wconf 84' lang='lat' dir='ltr'>conmisso</span> <span class='ocrx_word' id='word_1_294' title='bbox 321 2562 446 2605; x_wconf 85' lang='lat' dir='ltr'>lapide</span> <span class='ocrx_word' id='word_1_295' title='bbox 464 2572 560 2604; x_wconf 86' lang='lat' dir='ltr'>genu</span> <span class='ocrx_word' id='word_1_296' title='bbox 577 2571 791 2604; x_wconf 90' lang='lat' dir='ltr'>percussum</span> <span class='ocrx_word' id='word_1_297' title='bbox 809 2571 890 2593; x_wconf 83' lang='lat' dir='ltr'>esse</span> <span class='ocrx_word' id='word_1_298' title='bbox 910 2564 1054 2593; x_wconf 87' lang='lat' dir='ltr'>constet</span> <span class='ocrx_word' id='word_1_299' title='bbox 1071 2560 1243 2604; x_wconf 86' lang='lat' dir='ltr'>(Appian.</span> <span class='ocrx_word' id='word_1_300' title='bbox 1261 2561 1295 2592; x_wconf 92' lang='lat' dir='ltr'>b.</span> <span class='ocrx_word' id='word_1_301' title='bbox 1315 2562 1363 2592; x_wconf 88' lang='lat' dir='ltr'>M.</span> <span class='ocrx_word' id='word_1_302' title='bbox 1381 2559 1426 2592; x_wconf 84' lang='lat'>88</span> <span class='ocrx_word' id='word_1_303' title='bbox 1450 2572 1484 2602; x_wconf 90' lang='lat' dir='ltr'>p.</span> <span class='ocrx_word' id='word_1_304' title='bbox 1504 2560 1582 2599; x_wconf 82' lang='lat'>395,</span> <span class='ocrx_word' id='word_1_305' title='bbox 1605 2560 1647 2600; x_wconf 85' lang='lat' dir='ltr'>l),</span> 
     </span>
     <span class='ocr_line' id='line_1_35' title="bbox 121 2605 1649 2649; baseline -0.001 -10"><span class='ocrx_word' id='word_1_306' title='bbox 121 2607 222 2648; x_wconf 83' lang='lat' dir='ltr'>quali</span> <span class='ocrx_word' id='word_1_307' title='bbox 247 2606 396 2639; x_wconf 88' lang='lat' dir='ltr'>volnere</span> <span class='ocrx_word' id='word_1_308' title='bbox 414 2607 529 2640; x_wconf 88' lang='lat' dir='ltr'>omnis</span> <span class='ocrx_word' id='word_1_309' title='bbox 546 2617 611 2649; x_wconf 81' lang='lat' dir='ltr'>pes</span> <span class='ocrx_word' id='word_1_310' title='bbox 629 2606 844 2639; x_wconf 81' lang='lat' dir='ltr'>debilitatur</span> <span class='ocrx_word' id='word_1_311' title='bbox 869 2617 912 2638; x_wconf 84' lang='lat' dir='ltr'>ac</span> <span class='ocrx_word' id='word_1_312' title='bbox 938 2606 1100 2645; x_wconf 82' lang='lat' dir='ltr'>solvitur,</span> <span class='ocrx_word' id='word_1_313' title='bbox 1128 2607 1166 2637; x_wconf 91' lang='lat' dir='ltr'>in</span> <span class='ocrx_word' id='word_1_314' title='bbox 1192 2616 1236 2637; x_wconf 88' lang='lat' dir='ltr'>ea</span> <span class='ocrx_word' id='word_1_315' title='bbox 1262 2616 1299 2637; x_wconf 91' lang='lat' dir='ltr'>re</span> <span class='ocrx_word' id='word_1_316' title='bbox 1325 2605 1393 2637; x_wconf 83' lang='lat' dir='ltr'>illa</span> <span class='ocrx_word' id='word_1_317' title='bbox 1416 2605 1531 2637; x_wconf 87' lang='lat' dir='ltr'>verba</span> <span class='ocrx_word' id='word_1_318' title='bbox 1549 2605 1649 2637; x_wconf 81' lang='lat' dir='ltr'>dicta</span> 
     </span>
     <span class='ocr_line' id='line_1_36' title="bbox 121 2649 1649 2694; baseline -0.001 -11"><span class='ocrx_word' id='word_1_319' title='bbox 121 2651 238 2685; x_wconf 86' lang='lat' dir='ltr'>fuisse</span> <span class='ocrx_word' id='word_1_320' title='bbox 263 2662 383 2694; x_wconf 83' lang='lat' dir='ltr'>paene</span> <span class='ocrx_word' id='word_1_321' title='bbox 409 2655 547 2684; x_wconf 82' lang='lat' dir='ltr'>certum</span> <span class='ocrx_word' id='word_1_322' title='bbox 571 2652 728 2684; x_wconf 87' lang='lat' dir='ltr'>videtur.</span> <span class='ocrx_word' id='word_1_323' title='bbox 779 2651 889 2683; x_wconf 83' lang='lat' dir='ltr'>Certe</span> <span class='ocrx_word' id='word_1_324' title='bbox 921 2651 965 2683; x_wconf 89' lang='lat' dir='ltr'>de</span> <span class='ocrx_word' id='word_1_325' title='bbox 993 2662 1035 2683; x_wconf 85' lang='lat' dir='ltr'>eo</span> <span class='ocrx_word' id='word_1_326' title='bbox 1059 2651 1227 2689; x_wconf 86' lang='lat' dir='ltr'>volnere,</span> <span class='ocrx_word' id='word_1_327' title='bbox 1261 2661 1329 2692; x_wconf 89' lang='lat' dir='ltr'>quo</span> <span class='ocrx_word' id='word_1_328' title='bbox 1353 2649 1586 2681; x_wconf 83' lang='lat' dir='ltr'>Mithridates</span> <span class='ocrx_word' id='word_1_329' title='bbox 1610 2650 1649 2681; x_wconf 89' lang='lat' dir='ltr'>in</span> 
     </span>
     <span class='ocr_line' id='line_1_37' title="bbox 121 2694 1646 2782; baseline -0.001 -8"><span class='ocrx_word' id='word_1_330' title='bbox 121 2697 319 2774; x_wconf 58' lang='lat' dir='ltr'>tuiiass&#39;id</span> <span class='ocrx_word' id='word_1_331' title='bbox 344 2697 678 2774; x_wconf 56' lang='lat' dir='ltr'>{33⁸33‘3⁰}²¹¹¹³&lt;3⁵⁸a</span> <span class='ocrx_word' id='word_1_332' title='bbox 703 2697 1182 2781; x_wconf 43' lang='lat' dir='ltr'>aba⁶eg¹¹²¹³¹¹⁰g¹2³gl³⁰ssl¹2¹i⁰</span> <span class='ocrx_word' id='word_1_333' title='bbox 1201 2695 1450 2782; x_wconf 49' lang='grc' dir='ltr'>ἃᾳῖθέἒιῖῑῑῗ</span> <span class='ocrx_word' id='word_1_334' title='bbox 1474 2694 1646 2772; x_wconf 49' lang='lat' dir='ltr'>(3333ss·</span> 
     </span>
     <span class='ocr_line' id='line_1_38' title="bbox 123 2750 1645 2830; baseline -0.002 -12"><span class='ocrx_word' id='word_1_335' title='bbox 123 2766 180 2819; x_wconf 80' lang='lat' dir='ltr'>1i1</span> <span class='ocrx_word' id='word_1_336' title='bbox 203 2798 238 2830; x_wconf 90' lang='lat' dir='ltr'>p.</span> <span class='ocrx_word' id='word_1_337' title='bbox 263 2753 439 2828; x_wconf 65' lang='lat' dir='ltr'>67pextr.⁷)</span> <span class='ocrx_word' id='word_1_338' title='bbox 466 2752 795 2820; x_wconf 53' lang='lat' dir='ltr'>{ningstcggggdz</span> <span class='ocrx_word' id='word_1_339' title='bbox 822 2752 980 2829; x_wconf 38' lang='lat' dir='ltr'>(algari</span> <span class='ocrx_word' id='word_1_340' title='bbox 1003 2750 1238 2818; x_wconf 28' lang='lat' dir='ltr'>‘figetur-ww</span> <span class='ocrx_word' id='word_1_341' title='bbox 1335 2750 1354 2781; x_wconf 62' lang='grc' dir='ltr'><strong><em>ρ</em></strong></span> <span class='ocrx_word' id='word_1_342' title='bbox 1447 2763 1454 2770; x_wconf 46' lang='grc'><strong>”</strong></span> <span class='ocrx_word' id='word_1_343' title='bbox 1638 2764 1645 2771; x_wconf 50' lang='grc'><em>·</em></span> 
     </span>
    </p>
   </div>
   <div class='ocr_carea' id='block_1_12' title="bbox 118 2863 1646 2972">
    <p class='ocr_par' dir='ltr' id='par_1_12' title="bbox 118 2863 1646 2972">
     <span class='ocr_line' id='line_1_39' title="bbox 233 2863 1646 2919; baseline -0.001 -15"><span class='ocrx_word' id='word_1_344' title='bbox 233 2864 256 2904; x_wconf 91' lang='grc'><strong>3</strong></span> <span class='ocrx_word' id='word_1_345' title='bbox 290 2865 370 2919; x_wconf 89' lang='lat' dir='ltr'>[Kr.</span> <span class='ocrx_word' id='word_1_346' title='bbox 392 2871 425 2904; x_wconf 85' lang='lat'>4.</span> <span class='ocrx_word' id='word_1_347' title='bbox 464 2868 503 2904; x_wconf 89' lang='lat' dir='ltr'>G.</span> <span class='ocrx_word' id='word_1_348' title='bbox 528 2865 606 2919; x_wconf 88' lang='lat'>10].</span> <span class='ocrx_word' id='word_1_349' title='bbox 661 2866 834 2905; x_wconf 86' lang='lat' dir='ltr'>Peractis</span> <span class='ocrx_word' id='word_1_350' title='bbox 867 2865 1111 2916; x_wconf 85' lang='lat' dir='ltr'>septuaginta</span> <span class='ocrx_word' id='word_1_351' title='bbox 1149 2863 1260 2919; x_wconf 83' lang='lat' dir='ltr'>annis</span> <span class='ocrx_word' id='word_1_352' title='bbox 1299 2866 1473 2903; x_wconf 86' lang='lat' dir='ltr'>armatus</span> <span class='ocrx_word' id='word_1_353' title='bbox 1502 2875 1646 2917; x_wconf 87' lang='lat' dir='ltr'>equum</span> 
     </span>
     <span class='ocr_line' id='line_1_40' title="bbox 118 2932 276 2972; baseline 0.006 -1"><span class='ocrx_word' id='word_1_354' title='bbox 118 2932 276 2972; x_wconf 88' lang='lat' dir='ltr'>insilire.</span> 
     </span>
    </p>
   </div>
  </div>
 </body>
</html>
