1826 3282
504 266 804 295 ms'romAnvM
838 266 923 293 Lm.
953 266 986 293 11
1016 241 1195 295 32-3'5.
1559 244 1611 288 41

93 364 289 407 deflueret,
324 365 399 399 alia
424 367 555 408 fuerit,
591 369 701 409 atque
734 366 818 399 aliis
850 366 952 398 locis.
1009 366 1073 398 Set
1102 365 1146 397 de
1178 363 1325 396 nomine
1354 361 1457 396 fluvii
1485 371 1614 404 parum

94 414 252 444 constat.
300 411 418 454 Volgo
444 412 623 444 edebatur
646 412 777 448 Darda,
802 414 843 443 ut
859 412 975 443 Prisc.
1001 410 1031 442 A
1056 413 1094 442 et
1118 410 1258 452 aliquot
1274 407 1417 442 Krehlii
1441 407 1615 440 exhibent

96 459 134 488 et
158 456 317 488 fortasse
343 462 428 490 ante
462 467 559 489 conr.
585 457 621 488 Η
644 456 788 488 habuit.
842 456 907 488 Set
933 457 1059 488 Clurda
1090 456 1112 487 d
1137 455 1221 486 Vat.
1252 465 1297 486 m.
1325 453 1388 485 alt.
1412 454 1544 486 elurdia
1567 452 1613 482 D.

94 503 182 535 elma
206 502 290 534 Vat.
331 504 431 535 lurda
454 501 520 534 Bb.
569 501 743 534 Hertzius
768 501 894 543 igitur,
921 511 992 542 qua
1016 500 1150 532 eximia
1175 502 1231 532 est
1254 499 1434 536 doctrina,
1460 497 1615 530 eundem

94 546 242 578 fluvium
267 547 491 582 esse-videri
510 546 666 588 monuit,
693 548 803 588 atque
836 546 897 587 qui
929 545 1026 587 apud
1049 545 1144 577 Plin.
1170 545 1216 576 H.
1242 544 1286 576 N.
1311 544 1344 575 V
1367 544 1429 581 21,
1457 541 1522 574 108
1552 552 1615 574 no-

94 591 270 623 minetur:
297 592 376 624 Fuit
399 594 432 624 ἰη
458 602 498 623 eo
522 595 635 623 tractu
665 594 695 623 et
724 591 1019 632 Maeandropolis.
1072 590 1134 622 Est
1157 589 1321 621 Eumenia
1347 589 1470 621 Cludro
1492 588 1619 630 flumini

95 637 267 678 adposita.
316 637 372 668 Ex
397 637 513 673 tribus
538 635 696 678 oppidis,
723 646 816 677 quae
843 646 885 667 eo
911 636 1056 667 nomine
1082 635 1229 666 fuerunt
1255 633 1395 676 (Steph.
1419 634 1508 674 Byz.
1533 643 1562 664 s.
1581 642 1615 664 v.

93 691 129 723 p.
163 679 228 712 126
256 681 412 723 Wcst.),
446 681 588 712 Plinius
621 684 746 722 aperte
779 681 995 712 Eumeniam
1027 680 1211 722 Phrygiae
1244 679 1404 721 regionis
1434 677 1618 710 intellexit

93 725 230 765 (Strab.
255 726 326 758 XII
350 737 385 768 p.
411 724 478 758 576
503 725 543 757 C.
568 724 636 757 810
658 724 799 766 Mein).
846 726 903 757 Ea
928 725 999 757 sita
1024 725 1112 765 fuit,
1137 724 1200 756 ubi
1224 734 1321 755 nunc
1346 722 1523 764 Ischakli,
1549 721 1616 754 ibi-

94 780 164 812 que
187 770 317 802 fluvius
342 770 654 813 Sendyklutschai
671 771 709 802 in
725 770 964 802 Maeandrum
981 770 1111 801 influit.
1152 769 1331 805 Planitiei
1355 768 1511 800 alteram
1534 777 1616 810 par-

93 818 168 847 tem
192 815 387 858 paludibus
411 815 569 848 obsitam
595 826 676 848 esse
700 815 935 847 Hamiltonus
959 814 1126 847 narravit
1151 814 1237 851 (vid.
1257 813 1361 846 Koch
1378 813 1443 845 der
1458 814 1537 855 Zug
1554 812 1619 844 der

93 859 354 892 Zehntaus'end
378 871 413 903 p.
444 859 509 901 18).
550 861 643 892 Num
667 860 780 903 igitur
803 860 960 892 fortasse
978 859 1173 892 Sallustius
1197 860 1416 892 narraverat
1441 868 1522 890 eam
1538 857 1616 900 pla-

64 903 221 937 'nitiem
251 905 411 937 fertilem
445 915 542 946 esse,
576 906 648 937 nisi
680 915 752 947 qua
782 905 913 938 fluvius
945 904 1080 937 Clurda
1112 903 1237 946 (euius
1261 914 1394 936 nomen
1419 905 1457 934 in
1482 902 1618 944 Sendy-

92 949 280 982 klutschai
312 951 424 982 tertia
456 950 601 992 syllaba
632 947 817 982 servatum
841 948 1002 990 videtur)
1034 950 1155 981 Tauro
1180 952 1301 981 monte
1327 948 1490 980 defluens
1513 947 1617 990 palu-

93 994 175 1026 dem
200 994 390 1027 efficeret‘?
430 996 494 1027 Set
518 995 583 1027 illa.
607 996 769 1035 incerta;
793 994 863 1027 hoc
889 996 1044 1034 certius,
1071 1005 1152 1026 eum
1176 994 1389 1026 Priscianus
1413 993 1528 1025 verba
1552 992 1619 1026 illa

91 1039 186 1071 libro
210 1040 248 1072 II
278 1040 493 1083 deprompta
526 1051 606 1072 esse
637 1043 795 1072 testatus
820 1040 884 1080 sit,
919 1050 962 1072 eo
994 1039 1089 1071 libro
1119 1039 1257 1071 bellum
1287 1049 1309 1070 a
1332 1039 1374 1070 P.
1402 1037 1556 1070 Servilio
1579 1037 1617 1071 in

92 1084 233 1117 Pisidia
258 1085 467 1118 confectum
490 1089 679 1117 narratum
705 1085 817 1117 fuisse
844 1095 888 1117 ex
914 1095 1029 1127 eoque
1054 1084 1136 1116 loco
1161 1075 1227 1116 illa
1251 1084 1370 1126 petita
1396 1093 1489 1115 esse.

206 1189 291 1230 *32
323 1190 404 1244 [Kr.
426 1196 482 1252 4⁰7
514 1194 552 1230 G.
576 1191 654 1244 93].
713 1192 853 1244 Lyciae
883 1170 1134 1242 Pisidiaeque
1156 1202 1294 1249 agros
1312 1190 1616 1241 despectantem.

206 1269 307 1302 Serv.
327 1270 374 1302 ad
389 1270 498 1313 Verg.
519 1269 610 1302 Aen.
628 1270 646 1302 I
662 1269 746 1302 420:
772 1271 962 1312 Aspectat‚·
985 1272 1040 1303 rei
1055 1269 1243 1302 insensibili
1264 1270 1325 1301 dat
1339 1279 1483 1301 sensum.
1523 1269 1618 1301 Unde

92 1319 145 1346 est
168 1316 252 1348 illud
272 1317 306 1347 in
331 1319 453 1358 quarto
478 1317 520 1347 de
544 1315 696 1347 Atlante.
754 1315 842 1347 Item
866 1315 1066 1348 Sallustius:
1094 1314 1234 1356 Lyciae
1260 1331 1303 1335 —
1328 1313 1617 1356 despectantem.

94 1359 184 1392 Cum
209 1370 254 1392 ex
279 1359 398 1392 Servii
421 1360 546 1392 verbis
571 1360 752 1403 adpareat
775 1360 870 1392 haec
896 1360 997 1393 dicta
1015 1358 1129 1392 fuisse
1155 1359 1200 1391 de
1217 1358 1312 1398 1000,
1340 1368 1450 1401 super
1464 1359 1620 1399 Lyciam

94 1408 141 1436 et·
155 1405 333 1437 Pisidiam
357 1405 427 1437 sito
453 1403 530 1447 (qui
554 1405 616 1436 ubi
642 1416 723 1438 esse
747 1405 878 1448 potuit,
904 1406 977 1438 nisi
1001 1406 1040 1437 in
1064 1408 1184 1437 monte
1206 1403 1378 1444 Tanro?)‚
1406 1413 1558 1444 cumque
1577 1413 1622 1435 ex

91 1460 309 1492 praegresso
334 1450 541 1492 fragmento
563 1450 654 1482 haut
670 1451 748 1482 sine
775 1450 901 1492 aliqua
925 1450 1049 1493 specie
1074 1450 1151 1481 veri
1170 1449 1386 1487 confidatur,
1413 1448 1451 1479 in
1474 1447 1568 1480 libro
1585 1448 1624 1479 -ΙΙ

93 1484 295 1527 dematura
318 1495 463 1527 illarum
493 1495 603 1527 Asiae
636 1495 786 1528 minoris
820 1496 1009 1538 regionum
1042 1495 1148 1537 plura
1182 1493 1350 1536 exposita
1383 1493 1516 1531 fuisse,
1549 1503 1622 1525 non

93 1539 258 1572 dubitavi
290 1540 442 1582 obsequi
473 1540 561 1572 viris
585 1541 723 1581 doctis,
758 1541 819 1583 qui
852 1551 898 1573 ea
927 1540 1022 1573 libro
1048 1541 1084 1572 11
1119 1538 1309 1581 adsignari
1339 1542 1376 1570 ct
1401 1549 1483 1570 cum
1507 1539 1552 1569 fr.
1579 1537 1620 1570 31

93 1585 266 1627 coniungi
290 1586 486 1618 iusserunt.

113 1263 133 1271 ι

207 1666 260 1721 3‘3
289 1680 368 1734 [Kr.
393 1685 450 1718 41.
480 1683 520 1719 G.
537 1680 614 1733 76].
662 1681 811 1721 Eodem
842 1693 945 1721 anno
976 1682 1015 1720 in
1039 1680 1265 1719 Macedonia
1290 1678 1336 1718 G.
1366 1671 1483 1726 Curio
1513 1679 1620 1731 prin-

95 1748 196 1799 cipio
223 1749 327 1787 veris
347 1761 435 1788 cum
464 1749 570 1787 omni
594 1750 767 1788 exercitu
791 1748 994 1811 profectus
1013 1749 1052 1787 in
1074 1747 1309 1786 DartlanIam
1332 1746 1476 1799 quibus
1494 1746 1622 1798 potuit

93 1815 220 1854 modis
244 1817 431 1866 pecunias
456 1816 581 1866 Appio
612 1817 734 1855 dictas
764 1817 904 1866 coegit.

205 1894 298 1926 Non.
322 1905 356 1937 p.
380 1893 442 1927 192
468 1905 513 1927 ex
528 1894 592 1926 lib.
606 1895 643 1926 II
661 1894 793 1934 adfert,
821 1905 890 1937 quo
916 1895 1029 1926 dicere
1055 1904 1120 1935 pro
1145 1893 1357 1935 promittere
1383 1893 1521 1924 dietum
1539 1902 1620 1924 esse

92 1939 275 1971 ostendat.
325 1939 366 1972 G.
391 1939 608 1976 xScribonius
634 1939 744 1972 Curio
775 1940 812 1971 in
843 1939 1069 1982 provinciam
1092 1937 1350 1970 Macedoniam
1377 1948 1410 1969 a.
1434 1936 1477 1968 75
1501 1936 1620 1978 Appio

93 1983 247 2016 Claudio
278 1987 418 2016 mortuo
449 1984 639 2027 profectus
671 1988 727 2016 est
761 1984 886 2024 (Oros.
912 1984 945 2015 V
968 1983 1024 2015 23.
1058 1984 1209 2025 Eutrop.
1234 1983 1285 2014 VI
1308 1983 1341 2013 2.
1374 1983 1539 2014 Momms.
1565 1981 1623 2012 III

92 2040 127 2071 p.
153 2027 223 2070 35).
257 2046 300 2053 —
330 2029 496 2062 Nimisne
528 2029 673 2061 subtilis
698 2029 842 2069 videor,
875 2040 956 2061 cum
982 2028 1197 2061 Sallustium
1228 2038 1275 2060 ex
1300 2028 1509 2059 Macedonia
1533 2026 1622 2058 scri-

92 2074 182 2106 bere
207 2074 376 2106 debuisse
411 2075 616 2107 coutendo?
659 2071 769 2114 Quod
800 2075 838 2106 in
870 2074 1054 2116 plerisque
1085 2073 1189 2105 libris
1220 2073 1331 2105 Nouii
1362 2072 1484 2112 deest,
1515 2072 1623 2104 modis

30 2153 37 2159 ,
92 2118 222 2151 Carrio
247 2122 388 2152 ex‘vet.
416 2119 496 2152 cod.
521 2122 622 2151 recte
647 2120 844 2162 subplevit.

207 2215 260 2255 34
293 2214 373 2267 [Kr.
396 2221 452 2253 44.
484 2217 524 2254 G.
546 2215 625 2268 79].
682 2215 733 2255 Ut
758 2217 911 2255 actione
942 2215 1159 2255 desisteret.

205 2294 333 2326 Pauca.
356 2294 451 2326 haec
475 2294 592 2327 verba
617 2305 661 2326 ex
677 2294 740 2327 lib.
759 2295 797 2326 ΙΙ
821 2295 926 2327 Arus.
953 2306 987 2337 p.
1012 2294 1079 2325 224
1105 2293 1394 2325 conmemoravit
1419 2291 1626 2334 exemplum

92 2338 289 2371 locutionis
314 2340 441 2371 desisto
466 2339 529 2371 hac
552 2350 603 2371 re.
654 2340 767 2372 Dicta
792 2340 906 2372 fuisse
933 2339 991 2372 vel
1016 2334 1061 2371 de
1086 2339 1232 2371 tribuno
1252 2349 1320 2380 quo
1339 2338 1455 2370 minus
1480 2337 1626 2379 plebem

94 2384 325 2415 contionibus
357 2384 518 2426 agitaret
541 2384 733 2424 deterrito,
765 2385 825 2417 vel
858 2385 902 2417 de
935 2387 1154 2418 accusatore
1186 2387 1227 2415 ut
1259 2394 1429 2416 caussam
1459 2383 1626 2414 abiceret

94 2431 263 2461 conmoto
287 2428 324 2460 in
348 2428 542 2471 propatulo
568 2432 634 2461 est.
1088 2432 1094 2437 '

208 2524 260 2563 35
295 2523 375 2576 [Kr.
400 2529 456 2562 45.
488 2527 527 2563 G.
549 2520 627 2577 80].
685 2526 811 2572 Quem
842 2537 1010 2578 corpore
1042 2530 1081 2564 ct
1114 2524 1246 2575 lingua
1276 2525 1470 2575 percitum
1502 2527 1540 2561 ct
1571 2524 1627 2561 in-

95 2593 267 2643 quictem
298 2593 456 2631 nomine
485 2591 687 2632 histrionis
717 2594 778 2632 vix
809 2594 892 2633 sani
923 2592 1183 2632 Burbuleium
1211 2591 1445 2642 adpellabat.

209 2669 349 2701 Adtulit
373 2670 584 2702 Priscianus
608 2672 660 2703 VI
684 2683 719 2714 p.
745 2671 832 2707 213,
861 2682 930 2714 quo
956 2670 1085 2714 inquies
1110 2682 1174 2713 pro
1200 2671 1366 2712 inquietus
1390 2669 1526 2700 dic-tum
1545 2677 1627 2699 esse

96 2715 321 2746 ostenderet.
370 2715 511 2747 Scimus
537 2720 661 2748 autem
693 2727 736 2748 ex
761 2717 912 2749 Valerio
938 2717 1036 2748 Max.
1063 2717 1115 2748 IX
1144 2714 1202 2754 14,
1230 2715 1250 2745 5
1277 2718 1313 2745 ct
1339 2713 1415 2744 (¹ic.
1442 2713 1543 2744 Brut.
1570 2711 1626 2751 60,

95 2758 163 2791 216
187 2770 240 2801 sq.
281 2758 324 2791 G.
351 2759 580 2792 Scribonium
606 2761 811 2801 Curionem,
839 2773 912 2794 cos.
941 2772 975 2793 a.
1002 2760 1056 2800 76,
1085 2771 1106 2791 a
1132 2759 1199 2791 Gn.
1227 2759 1366 2789 Sicinio
1392 2761 1541 2799 propter
1566 2768 1626 2789 va·
1660 2782 1670 2789 .

98 2804 323 2836 cillationem
349 2806 513 2846 corporis
530 2810 743 2842 consuetam
763 2807 990 2848 exagitatum
1010 2815 1103 2836 esse.
1147 2803 1235 2834 Cum
1255 2803 1365 2842 igitur
1384 2802 1429 2833 ad
1453 2812 1533 2833 eam
1552 2813 1628 2834 rem

95 2849 189 2881 haec
214 2849 328 2881 verba
352 2850 570 2891 pertinuisse
590 2851 798 2892 adpareret,
817 2862 909 2893 quem
929 2849 1203 2891 quod-coniecit
1222 2847 1342 2879 Coler.
1362 2847 1408 2878 ad
1426 2847 1508 2878 Val.
1526 2848 1627 2879 Max.

95 2893 120 2924 l.
147 2904 178 2925 c.
204 2894 356 2936 probavi
381 2893 460 2934 (Qui
482 2895 524 2926 L.
552 2897 631 2937 quia
656 2895 768 2935 relL),
797 2896 955 2937 itemque
982 2892 1178 2934 adpellahat
1203 2902 1268 2935 pro
1294 2902 1355 2931 co,
1390 2892 1484 2934 quod
1510 2892 1540 2924 R
1566 2902 1626 2924 ex-

95 2937 210 2978 hibet,
236 2939 454 2980 appellabant
474 2940 621 2971 retinui.
1060 2942 1065 2946 ”
