1812 3268
181 227 262 268 358
890 238 1022 264 1NDEx

234 341 414 372 seeundum
438 348 482 369 ea
508 338 539 369 si
557 336 800 369 desideranda
818 347 856 369 ei
860 340 940 378 ant
958 337 1013 369 uti
1034 354 1069 359 —
1089 337 1112 369 J
1133 336 1190 378 14,
1210 336 1241 369 3.
1286 338 1346 379 qui
1364 337 1561 370 seeundum
1578 337 1710 380 pocula

192 386 238 418 ι11
245 396 283 416 ·ι5
302 395 359 415 res
379 386 586 414 mereantur
603 382 664 412 Η
655 394 667 413 ι
684 381 727 413 88
743 391 836 424 susp.

234 429 407 460 secundus.
446 426 551 459 Bello
575 424 713 459 Punico
738 428 896 460 secundo
920 428 943 460 J
968 427 1004 466 5,
1025 427 1056 459 4.
1091 428 1125 458 H
1151 428 1167 459 I
1190 426 1222 458 8.
1265 427 1428 460 secunda
1451 427 1577 469 vigilia
1599 428 1635 459 H
1657 419 1731 460 ΙΙΙ.

188 474 243 511 67,
262 474 293 504 4.
337 474 374 503 in
392 472 554 504 secunda
573 470 683 513 (acie)
702 472 766 503 Hi
782 473 836 504 44.
879 473 1061 505 sccundus
1087 472 1193 504 heres
1211 472 1234 503 J
1251 471 1312 512 65,
1335 473 1364 504 l.
1389 485 1435 500 Ξ
1458 473 1603 505 secundo
1620 472 1711 504 mari

190 518 292 560 p1i1n
285 529 306 549 ι
324 517 466 549 Curene
485 519 541 549 est
557 517 580 548 J
600 516 657 556 19,
677 516 708 549 3.
732 529 778 544 Ξ
801 518 923 549 omnia
940 518 1087 549 secunda
1111 521 1147 549 et
1172 517 1408 550 oboedientia
1433 520 1517 550 sunt
1534 517 1557 550 J
1578 516 1710 558 14,19.

191 562 379 594 secunda
371 573 406 593 ιιι
425 572 549 594 casum
567 542 787 594 declinando
803 563 838 594 H
855 563 892 594 II
909 562 962 595 30.
1003 563 1080 595 Vicl.
1101 573 1171 594 res.

235 616 374 638 securus
391 607 444 639 ire
462 607 497 638 H
515 608 531 638 I
547 606 592 638 86
609 608 655 647 ej
1173 622 1180 625 χ

235 661 341 684 secus.
373 652 674 687 concurrentibus
691 652 797 684 virile
812 655 848 684 et
865 652 1041 685 muliebre
1060 663 1165 684 secus
1184 652 1351 684 omnibus
1366 653 1401 683 H
1418 653 1454 684 ΙΙ
1471 652 1527 693 23,
1550 652 1576 685 1.

236 706 342 729 secus.
371 697 500 738 quibus
524 697 614 728 haut
637 697 748 729 multo
773 708 878 729 secus
904 708 1010 739 quam
1036 698 1133 729 ferro
1158 698 1284 729 noceri
1308 700 1453 740 poterat
1478 698 1511 729 H
1529 698 1582 729 111
1598 696 1660 737 67,
1681 698 1712 729 1.

192 753 310 784 neque
337 743 390 774 eis
415 752 521 775 secus
547 745 618 783 atq.
646 742 729 774 aliis
754 742 862 774 armis
879 759 924 766 -—-
942 743 1071 774 muniti
1087 743 1109 774 J
1131 741 1203 783 105,
1224 743 1255 773 2.
1299 743 1392 774 solet
1408 743 1446 773 in
1465 742 1539 775 illis
1557 743 1714 785 regioni—

194 789 259 819 bus
283 787 373 819 haut
396 797 424 818 s.
450 790 523 829 atq.
550 788 587 818 in
612 787 703 819 mari
726 788 885 819 retinere
903 788 926 819 J
943 787 1005 827 79,
1022 786 1056 819 6.
1098 798 1180 829 neq.
1201 797 1228 819 s.
1251 790 1324 829 atq.
1344 788 1415 819 iter
1431 787 1570 827 facere,
1591 790 1715 819 eastra

194 833 332 864 munire
351 833 373 864 J
395 831 469 871 100,
487 833 518 863 4.
562 842 636 863 rem
655 832 742 872 haut
760 843 787 863 5.
808 832 997 864 difficilem
1015 832 1038 864 J
1054 831 1115 871 92,
1135 833 1166 864 4.
1209 832 1344 864 bellum
1370 835 1585 874 temptatum
1604 835 1715 865 antea

195 889 222 909 s.
243 880 409 909 cesserat
425 877 448 908 J
465 876 521 916 20,
540 877 571 908 5.
616 877 719 916 Quod
736 877 800 908 ubi
818 887 846 909 s.
866 877 1032 919 procedit
1049 877 1072 908 J
1089 877 1143 917 25,
1168 876 1219 908 10.

241 924 351 954 sedeo.
384 922 528 954 sedenti
546 940 588 943 —
606 922 772 954 venienti
790 919 824 953 H
841 923 875 953 ΙΙ
893 922 947 962 23,
967 921 998 954 3.
1040 922 1167 954 tumuli
1185 922 1312 954 sedere
1334 922 1367 953 H
1384 923 1419 953 II
1435 921 1490 955 43.

240 969 345 999 sedes.
381 967 526 1008 Scythis
555 967 719 1009 plaustra
742 967 848 999 sedes
872 970 954 999 sunt
979 967 1013 998 H
1036 967 1090 998 III
1107 967 1161 998 51.
1204 976 1293 1008 quas
1318 977 1387 998 nox
1412 969 1587 1010 coegerat
1610 967 1716 999 sedes

194 1012 385 1044 habebant
407 1013 430 1044 J
458 1011 514 1052 18,
535 1011 567 1043 2.
611 1012 763 1043 incertis
787 1012 935 1044 sedibus
959 1012 1194 1054 vagabantur
1219 1011 1245 1043 C
1270 1011 1309 1052 6,
1333 1011 1360 1043 1.
1404 1012 1488 1053 quid
1513 1012 1714 1052 defensum,

196 1058 267 1088 nisi
286 1067 374 1090 suae
394 1057 606 1098 cuiq.sedes
622 1057 657 1088 H
675 1057 691 1088 I
707 1056 806 1096 41,4.
840 1057 964 1099 plebei
981 1057 1122 1099 patrias
1140 1057 1246 1088 sedes
1264 1067 1492 1099 occupavere
1511 1057 1546 1088 H
1562 1057 1579 1088 Ι
1596 1056 1716 1097 41,12.

196 1107 367 1145 parentes
387 1121 427 1124 —
446 1102 601 1133 militum
619 1120 660 1124 -—
679 1102 826 1134 sedibus
844 1102 1076 1144 pellebantur
1092 1102 1116 1134 J
1132 1101 1186 1142 41,
1206 1101 1238 1134 8.

242 1148 374 1179 seditio.
405 1158 498 1179 neve
517 1158 561 1179 ex
578 1157 644 1179 sua
663 1147 895 1179 contentione
914 1147 1045 1179 seditio
1064 1147 1218 1178 oriretur
1236 1146 1262 1178 C
1279 1145 1363 1186 34,2
1380 1148 1465 1179 conl.
1481 1147 1504 1178 J
1518 1145 1550 1187 6,
1561 1145 1592 1179 3.
1618 1146 1674 1185 72,
1689 1146 1717 1178 1.

198 1193 385 1234 plurumae
412 1192 560 1232 turbae,
586 1192 785 1224 seditiones
813 1195 849 1224 et
873 1192 918 1223 ad
943 1195 1158 1234 postremum
1185 1191 1284 1223 bella
1308 1191 1435 1223 civilia
1453 1195 1533 1223 orta
1550 1194 1634 1224 sunt
1651 1192 1685 1223 H
1703 1193 1718 1223 1

202 1237 252 1268 10.
288 1248 309 1269 a
327 1238 382 1269 Ti.
403 1237 570 1269 Graccho
589 1237 789 1269 seditiones
808 1247 940 1279 graves
966 1247 1120 1279 coepere
1139 1237 1173 1268 H
1190 1237 1207 1268 Ι
1227 1236 1277 1268 11.
1319 1237 1415 1268 inter
1438 1247 1476 1268 se
1500 1237 1602 1268 iuxta
1625 1237 1717 1268 sedi·
1762 1248 1773 1256 ‚

198 1284 334 1314 tionem
353 1285 458 1314 erant
476 1283 509 1313 H
526 1283 579 1313 III
596 1281 656 1321 67,
681 1282 731 1314 ll.
775 1282 819 1314 ob
847 1292 992 1314 —onem
1017 1282 1243 1324 provinciam
1268 1281 1423 1324 adeptus
1448 1285 1504 1313 est
1520 1282 1555 1313 H
1572 1282 1588 1313 1
1603 1282 1666 1320 48,
1685 1282 1718 1313 4.

198 1328 414 1359 Fimbriana
429 1328 552 1358 ‘-0ne
578 1327 613 1358 H
636 1327 671 1358 II
695 1326 749 1358 49.
798 1327 1039 1359 seditionibus
1065 1337 1140 1359 rem
1166 1338 1199 1368 p.
1225 1326 1505 1368 exagitaverant
1529 1326 1556 1358 C
1581 1326 1642 1366 51,
1663 1326 1717 1358 32.

204 1391 238 1394 —
260 1372 469 1404 tribuniciis
496 1369 553 1403 re‘s
578 1383 610 1414 p.
631 1372 844 1413 agitabatur
860 1373 882 1404 J
901 1371 960 1411 37,
985 1372 1012 1403 1.
1054 1389 1099 1394 —-
1116 1372 1238 1403 onmia
1254 1372 1404 1403 turbata
1422 1374 1505 1403 sunt
1522 1371 1555 1402 H
1573 1372 1590 1403 I
1606 1370 1665 1411 48,
1690 1371 1717 1403 l·.

199 1417 307 1449 turibi.
325 1420 434 1458 atque
454 1417 627 1448 -—onibus
645 1417 723 1448 sine
742 1426 829 1448 eura
848 1416 993 1448 aluntur
1011 1416 1037 1448 C
1056 1416 1110 1456 37,
1128 1416 1160 1448 3.
1204 1427 1276 1447 neu
1299 1416 1431 1458 prolat
1424 1416 1527 1448 indis
1544 1396 1721 1448 —onibus

200 1473 265 1494 nos
289 1463 326 1493 in
347 1461 595 1493 sollicitudine
615 1460 782 1493 adtineas
799 1461 834 1492 H
851 1462 867 1492 Ι
884 1460 1020 1502 48,16.
1063 1462 1142 1502 quis
1167 1462 1271 1502 quies
1295 1461 1331 1492 in
1349 1461 1539 1501 -onibus,
1565 1461 1603 1492 in
1626 1471 1720 1503 pace

201 1507 281 1538 turb
287 1517 329 1538 ae
348 1510 430 1538 sunt
448 1507 482 1537 H
499 1507 515 1537 Ι
532 1506 588 1546 48,
608 1506 638 1537 7.

245 1552 425 1583 seditiosus
444 1551 477 1581 H
495 1551 511 1582 Ι
528 1550 582 1588 48,
606 1550 654 1582 16.
697 1551 824 1593 volgus
849 1551 1061 1582 seditiosum
1086 1553 1158 1592 atq.
1186 1550 1448 1582 discordiosum
1465 1551 1489 1583 J
1505 1549 1560 1591 66,
1578 1551 1610 1582 2.
1645 1561 1718 1592 ma-

202 1597 291 1639 gisti
295 1600 375 1628 atus
393 1596 557 1627 seditiosi
573 1596 702 1637 volgus
721 1596 912 1637 exagitare
930 1596 952 1627 J
970 1595 1025 1635 73,
1043 1594 1075 1627 6.

247 1642 335 1672 sedo.
367 1641 494 1672 sedare
518 1644 636 1672 motus
659 1641 682 1672 J
704 1640 765 1682 33,
786 1641 818 1673 3.
861 1641 1001 1672 animus
1024 1651 1106 1682 neq.
1133 1640 1272 1681 vigiliis
1297 1651 1380 1681 neq.
1400 1640 1583 1682 quietibus
1601 1641 1723 1673 sedari

202 1689 347 1737 poterat
366 1686 391 1717 C
417 1685 464 1725 15,
485 1686 516 1717 ·4.
558 1686 739 1717 flammam
759 1704 797 1708 —
819 1696 986 1717 crescere
1004 1696 1086 1726 neq.
1104 1685 1203 1727 prius
1221 1685 1343 1717 sedari
1359 1686 1381 1717 J
1400 1686 1431 1726 4,
1451 1684 1482 1717 6.

248 1731 372 1771 segnis.
404 1731 519 1762 bonus
537 1731 685 1772 segnior
702 1730 752 1770 fit,
772 1731 834 1762 ubi
852 1730 1030 1772 neglegas
1047 1730 1070 1762 J
1087 1729 1147 1770 31,
1168 1730 1222 1761 28.
1250 1730 1414 1771 segnior
1429 1746 1473 1753 —a
1491 1740 1579 1762 eura
1595 1731 1630 1762 H
1648 1731 1665 1762 I
1682 1730 1725 1762 54

203 1774 376 1852 (elg.1Lz'v.
396 1774 833 1859 {Zisslessssmoppidani
850 1775 965 1807 nihilo
983 1775 1131 1818 segnius
1149 1785 1282 1817 parare
1300 1775 1436 1807 bellum
1453 1775 1476 1807 J
1494 1775 1548 1815 75,
1571 1774 1622 1807 10.

271 1829 288 1851 e
305 1829 401 1851 eueia

247 1866 418 1896 sella.1iti
435 1861 564 1897 sellam
580 1866 683 1897 iuxta
699 1869 851 1907 poneret
866 1876 964 1897 more
973 1864 1193 1907 regumJ65,
1205 1865 1236 1897 2.
1266 1865 1464 1908 adsurgere
1475 1864 1568 1897 sella
1579 1865 1615 1897 H
1628 1866 1659 1898 V
1674 1864 1727 1898 13.

249 1911 360 1941 semel.
393 1911 587 1953 inpugnati
605 1910 718 1942 semel
736 1911 808 1942 iam
826 1910 861 1942 H
877 1911 927 1942 IV
940 1909 995 1949 61,
1016 1910 1068 1942 12.

249 1955 470 1986 semianimus.
504 1966 633 1997 eorpus
653 1963 753 1987 —um
772 1956 807 1986 H
824 1956 876 1987 III
893 1954 1021 1995 67,16.
1065 1959 1067 1962 “

249 2000 438 2032 semirutas.
472 2011 538 2031 ——a
556 2001 701 2033 moenia
718 2001 753 2032 H
770 2001 804 2032 II
821 2001 876 2032 22.

250 2046 475 2076 semisomnus.
508 2055 591 2077 —os
609 2047 752 2088 partim,
775 2046 867 2077 alios
886 2063 928 2067 -—
947 2046 1078 2087 fugant
1094 2045 1117 2076 J
1134 2044 1189 2085 21,
1208 2045 1239 2077 2.

251 2098 380 2128 semper
403 2090 479 2121 illis
495 2101 601 2132 reges
619 2109 659 2113 —
678 2090 885 2133 vectigales
904 2101 983 2122 esse
1002 2090 1029 2121 C
1047 2089 1102 2130 20,
1115 2090 1135 2121 7
1153 2093 1237 2123 conl.
1257 2090 1279 2121 J
1297 2089 1352 2130 77,
1362 2089 1393 2122 3.
1431 2090 1491 2132 qui
1509 2100 1653 2133 semper
1669 2090 1729 2124 do-

205 2144 282 2166 mos
299 2151 344 2156 —
361 2134 474 2175 pluris
493 2146 598 2176 quam
618 2146 692 2167 rem
710 2147 743 2178 p.
764 2135 907 2167 fecistis
926 2135 952 2166 C
971 2135 1026 2174 52,
1037 2135 1057 2166 5
1075 2137 1161 2168 conl.
1181 2135 1235 2174 25,
1247 2134 1278 2166 3.
1315 2136 1374 2177 qui
1393 2145 1499 2167 carus
1518 2137 1728 2178 aceeptusq.

207 2179 242 2209 ei
260 2189 287 2210 5.
309 2179 430 2210 fuerat
445 2180 469 2210 J
491 2179 548 2219 12,
569 2180 600 2212 3.
636 2191 878 2222 numquamne
897 2181 1040 2212 familia
1061 2197 1096 2202 —
1119 2180 1244 2222 quieta
1264 2181 1357 2212 erit?
1382 2190 1574 2223 semperne
1593 2180 1630 2212 in
1647 2184 1750 2212 san--

207 2224 317 2265 gnine
334 2241 379 2246 —-
396 2225 604 2256 vorsabitur
619 2226 642 2256 J
664 2225 713 2265 14,
725 2225 745 2257 9
763 2228 848 2257 conl.
871 2225 943 2264 110,
958 2226 990 2256 4.
1020 2225 1161 2258 hortari
1178 2225 1232 2256 uti
1250 2235 1276 2256 s.
1288 2225 1421 2257 intenti
1438 2225 1596 2268 paratiq.
1608 2228 1732 2258 essent

208 2268 234 2299 O
253 2268 314 2307 27,
334 2268 365 2299 2.
409 2279 453 2299 ea
479 2269 729 2301 miserieoidia
753 2275 919 2302 senatum
946 2281 1088 2312 semper
1113 2270 1226 2302 fuisse
1253 2270 1279 2301 C
1304 2269 1366 2310 34,
1390 2269 1416 2302 l.
1459 2280 1486 2302 5.
1514 2271 1551 2302 in
1576 2269 1731 2303 civitate

209 2313 338 2354 quibus
357 2323 444 2354 opes
463 2313 537 2344 null
543 2324 585 2345 ie
605 2324 631 2345 S¹
631 2318 688 2345 int
706 2315 810 2346 bonis
831 2316 890 2347 im
895 2315 996 2346 ident
1016 2315 1041 2346 C
1060 2315 1114 2354 37,
1134 2314 1165 2347 3.
1209 2315 1302 2356 quod
1323 2316 1440 2355 iuvat,
1459 2315 1496 2346 id
1514 2320 1658 2358 semper
1675 2315 1730 2347 fa-

209 2358 313 2388 ciant
329 2358 352 2389 J
369 2358 425 2397 85,
445 2357 499 2389 41.
542 2369 599 2389 res
617 2359 798 2390 humanae
821 2376 856 2381 —
878 2360 995 2391 fluxae
1023 2363 1059 2391 et
1084 2359 1239 2391 mobiles
1265 2371 1292 2392 s.
1318 2360 1355 2391 in
1375 2360 1529 2392 advorsa
1547 2361 1733 2392 mutantur

206 2403 230 2434 J
250 2401 331 2441 104,
349 2403 380 2434 2.
423 2403 610 2445 ingenium
634 2403 826 2434 humanum
853 2405 994 2445 inquies
1021 2408 1092 2446 ·i.tq
1122 2405 1335 2436 indomitum
1360 2415 1387 2437 5.
1414 2405 1452 2436 in
1470 2405 1671 2437 certamine
1688 2422 1732 2428 —-

209 2448 288 2489 agit
305 2427 339 2478 H
357 2447 374 2478 Ι
391 2448 421 2479 7.
465 2458 491 2479 s.
517 2448 624 2479 nimis
651 2448 728 2479 alta
753 2449 926 2490 cupiebat
950 2448 975 2479 C
994 2449 1026 2489 5,
1047 2449 1078 2481 5.
1123 2450 1283 2481 avaritia
1301 2460 1327 2482 s.
1346 2449 1490 2482 infinita
1506 2449 1732 2482 insatiabilis
1786 2465 1792 2470 ·

209 2496 265 2523 est
290 2491 317 2523 C
347 2491 403 2532 11,
423 2491 455 2524 3.
497 2493 675 2534 inperium
700 2504 726 2525 s.
759 2493 804 2524 ad
828 2496 1011 2534 optumum
1038 2504 1179 2536 quemq.
1207 2504 1228 2525 a
1252 2495 1370 2526 minus
1395 2495 1490 2527 bono
1513 2494 1733 2527 transfertur

210 2537 236 2568 O
255 2537 288 2576 2,
307 2536 338 2568 6.
381 2547 408 2569 s.
429 2538 481 2569 eis
501 2537 626 2570 aliena
644 2538 758 2570 virtus
777 2538 1014 2570 formidulosa
1034 2542 1088 2569 est
1107 2540 1133 2570 (J
1152 2539 1184 2579 7,
1203 2539 1234 2570 2.
1276 2550 1303 2571 5.
1324 2540 1361 2570 in
1378 2539 1515 2582 proelio
1535 2540 1589 2571 eis
1606 2548 1731 2571 maxu-

209 2592 303 2613 mum
326 2582 529 2623 peliculum
555 2586 631 2621 est,
659 2583 718 2624 qui
736 2594 779 2614 ιιι.
775 2593 900 2614 txume
919 2582 1047 2614 timent
1066 2583 1092 2614 C
1111 2583 1550 2629 58‚17.s.querebatur
1566 2583 1638 2616 de
1626 2594 1731 2626 igna—

208 2627 269 2659 via
287 2627 467 2659 sociorum
486 2627 512 2658 C
532 2628 586 2667 43,
605 2627 637 2660 3.
679 2638 706 2659 5.
725 2628 763 2659 ἰιι
780 2628 1024 2670 potestatibus
1045 2638 1086 2658 eo
1106 2628 1208 2659 modo
1228 2628 1398 2669 agitabat
1415 2619 1448 2660 J
1455 2627 1510 2667 63,
1530 2628 1563 2660 5.

254 2673 447 2711 Sempronii.
486 2672 541 2703 Ti.
566 2673 800 2714 Sempronius
833 2672 1022 2705 Gracchus
1049 2673 1082 2703 H
1108 2673 1124 2703 Ι
1151 2672 1204 2703 11.
1237 2677 1270 2704 et
1295 2673 1336 2704 G.
1363 2690 1406 2695 -—
1427 2691 1463 2696 —
1489 2653 1513 2704 J
1536 2673 1577 2705 41
1604 2683 1655 2716 sq.
1687 2684 1733 2702 =

210 2717 402 2756 Sempronia
420 2717 446 2748 C
465 2717 519 2748 25.
547 2717 601 2753 40,
619 2717 651 2749 5.
678 2730 723 2745 Ξ
748 2718 806 2749 lex
825 2718 906 2749 bem
910 2717 1039 2759 pronia
1055 2717 1079 2748 J
1095 2717 1150 2756 27,
1170 2716 1200 2748 3.

254 2763 392 2793 senator
410 2761 436 2793 C
461 2761 510 2800 18,
531 2762 562 2793 7.
589 2761 644 2800 28,
668 2762 695 2793 1.
722 2761 776 2800 30,
800 2762 827 2795 1.
854 2729 921 2801 37,l
927 2761 959 2794 6.
986 2761 1040 2800 30,
1059 2762 1091 2793 5.
1118 2761 1174 2802 47,
1193 2762 1224 2794 4.
1251 2762 1284 2793 H
1303 2762 1355 2793 111
1372 2762 1403 2794 4.

254 2807 454 2837 senatorius.
487 2807 665 2839 senatorii
682 2807 820 2839 ordinis
839 2807 865 2838 C
888 2807 938 2846 17,
954 2805 985 2839 3.
1011 2806 1034 2837 J
1051 2805 1104 2846 62,
1124 2807 1155 2837 4.
1187 2805 1260 2845 104,
1285 2805 1312 2837 1.

255 2853 393 2882 senatus
410 2850 465 2882 illi
484 2862 702 2894 quamquam
722 2852 896 2884 advorsus
915 2855 1010 2891 erat,
1039 2852 1082 2883 de
1108 2851 1206 2883 nullo
1224 2852 1374 2893 negotio
1394 2851 1554 2884 abnuere
1574 2851 1734 2884 audebat

207 2895 230 2925 J
247 2894 302 2935 84,
323 2895 353 2927 3.
399 2913 438 2918 —
457 2896 500 2927 de
519 2896 615 2928 bello
635 2907 757 2928 eorum
778 2897 924 2939 aceepit
940 2897 963 2928 J
980 2896 1034 2937 21,
1054 2897 1086 2928 4.
1126 2903 1168 2918 '—
1191 2896 1408 2928 auctoritate
1428 2897 1474 2929 ad
1493 2907 1537 2929 ea
1554 2897 1734 2940 patranda
