1826 3282
538 252 840 281 ms‘romARvu
861 252 942 279 mn.
968 252 1010 280 1v
1038 245 1172 282 3-7,
1561 237 1614 278 95

91 353 284 395 exhibent,
314 354 356 385 lit
381 353 562 396 adpareat
593 352 748 394 primum
773 353 1052 394 grammaticum
1084 362 1160 384 rem
1184 351 1347 385 breviter
1371 350 1615 395 significasse,

90 403 166 432 tum
199 398 310 431 alium
341 398 542 442 pleniorem
573 397 692 429 locum
723 396 875 428 Sallusti
901 398 1142 440 adscripsisse
1176 400 1284 439 atque
1316 397 1400 429 inde
1427 396 1617 429 incondita

90 444 156 476 illa
186 444 303 477 verba
334 443 518 476 conmixta
551 452 645 474 esse.
700 442 773 473 Per
804 451 843 473 se
877 445 998 474 autem
1022 443 1246 485 perspicitur
1268 442 1363 475 haec
1387 442 1503 475 verba
1527 442 1617 473 haut

91 489 200 531 longe
226 489 272 520 ab
298 488 343 523 fr.
373 488 388 520 l
415 488 600 520 disiuncta
625 487 757 525 fuisse,
791 490 848 518 set
880 496 960 518 cum
986 497 1031 519 ea
1057 488 1175 520 forma
1199 487 1290 526 sint,
1321 490 1362 519 ut
1385 487 1447 519 vix
1472 486 1520 518 ad
1543 487 1617 519 sin-

91 533 255 576 gularem
272 533 406 566 referri
421 532 617 575 potuerint,
636 531 828 564 videndum
847 534 903 563 est
921 542 1042 564 annon
1061 533 1098 564 in
1116 532 1248 574 fragm.
1270 531 1285 563 l
1304 531 1458 574 pluralis
1483 532 1614 563 fuerit:

91 580 220 620 clupeis
243 579 284 610 in
308 578 463 610 formam
486 586 637 620 parmae
664 577 846 618 equestris
872 587 911 608 se
931 574 1146 617 armabant,
1170 587 1256 620 quae
1271 577 1376 616 facile
1389 577 1533 619 pellibus
1555 586 1615 618 pe—

90 634 202 656 corum
226 623 447 656 obducebant.
496 623 583 654 Nam
608 622 710 654 coria
727 625 807 653 ·cet.

206 702 230 742 3
264 702 344 755 [Kr.
367 707 424 740 24.
456 703 496 740 G.
517 699 596 753 60].
645 700 799 739 Rursus
819 695 992 739 iumenta
1014 701 1144 739 nancti
1164 701 1213 740 ad
1235 701 1421 752 oppidum
1443 701 1500 740 ire
1523 712 1616 739 con-

90 769 269 810 tendunt.

204 838 296 871 Non.
329 848 362 879 p.
397 834 480 868 176:
515 835 747 873 Contendere‚
775 835 958 877 festinare.
1011 835 1068 867 De
1100 835 1268 877 fugitivis
1301 845 1346 867 ea
1377 835 1477 867 dicta
1503 835 1618 868 fuisse

91 883 173 926 ipsa
197 893 256 915 res
279 882 427 915 videtur
450 881 595 914 docere.
644 880 827 924 Oppidum
859 891 907 913 an
930 880 1060 913 Thurii
1085 880 1224 912 fuerint
1255 879 1363 922 (App.
1389 880 1424 912 b.
1451 891 1483 912 c.
1509 881 1527 912 I
1554 880 1617 912 117

92 939 126 970 p.
153 926 247 970 532),
273 928 465 960 incertum.

206 1007 231 1046 4
264 1006 344 1059 [Kr.
366 1010 423 1043 26.
453 1007 492 1044 G.
515 1004 571 1057 6].
626 1004 675 1044 Et
702 1006 852 1045 revorsi
878 1008 1036 1056 postero
1067 1003 1129 1043 die
1161 1003 1303 1048 mulla,
1344 1016 1444 1055 quae
1474 1016 1618 1056 prope-

92 1072 225 1113 ran'tes
255 1074 514 1114 deseruerant
542 1073 581 1112 in
606 1073 763 1117 castris,
795 1072 947 1117 nancti,
979 1082 1132 1111 cum‘se
1152 1070 1206 1110 ibi
1228 1071 1316 1110 cibo
1342 1073 1508 1123 vinoque
1529 1072 1620 1111 laeti

93 1143 311 1181 invitarent.

205 1209 298 1241 Non.
324 1219 359 1251 p.
385 1207 452 1240 219
476 1217 504 1239 s.
531 1217 565 1240 v.
591 1208 747 1239 invitare.
788 1206 893 1239 Libri
909 1210 944 1238 et
959 1207 1064 1244 versi,
1089 1206 1129 1238 in
1154 1216 1224 1248 quo
1241 1208 1375 1239 revorsi
1389 1205 1506 1238 latere
1524 1207 1618 1239 benc

93 1254 282 1297 perspexit
300 1252 445 1293 Carri03
470 1252 568 1284 idem
585 1252 756 1284 mendum
771 1251 1004 1284 librariorum
1020 1254 1185 1294 multoque
1200 1261 1304 1293 prop.
1324 1251 1485 1283 feliciter
1501 1255 1618 1283 sustu-

93 1300 138 1331 lit
161 1299 333 1331 mutando
357 1298 396 1330 in
419 1300 520 1330 multa
543 1308 641 1340 quae.
689 1298 761 1329 Per
785 1307 825 1329 se
851 1296 1022 1339 adparet,
1051 1306 1128 1336 eos,
1156 1296 1218 1338 qui
1242 1296 1281 1327 in
1306 1296 1439 1328 castris
1464 1306 1503 1328 se
1528 1296 1620 1328 laeti

94 1344 350 1383 invitaverint,
376 1344 536 1376 victores
562 1342 677 1374 fuisse
703 1352 748 1374 ac
774 1345 897 1374 castra
921 1342 1079 1374 hostium
1104 1341 1265 1381 deserta3
1304 1344 1360 1373 set
1386 1346 1619 1383 properantes

94 1391 319 1422 deseruerant
344 1388 526 1427 ad‘alios,
560 1387 608 1419 ad
631 1387 748 1420 victos
772 1387 905 1427 hostis,
938 1384 1073 1419 referri
1102 1387 1196 1419 ratio
1228 1389 1342 1419 vetat.
1398 1386 1478 1418 Nisi
1509 1386 1621 1428 igitur

96 1434 232 1476 aliquid
250 1434 405 1473 excidit,
430 1433 591 1466 victores
607 1432 761 1475 putandi
785 1435 868 1464 sunt
886 1435 1010 1464 castra
1028 1431 1190 1474 cepisse,
1216 1434 1274 1463 set
1292 1442 1336 1463 ex
1355 1431 1407 1463 eis
1426 1426 1620 1463 confestim

95 1480 141 1512 ad
158 1478 428 1522 persequendos
443 1478 560 1510 hostis
575 1487 804 1520 properasse,
831 1481 906 1509 tum
924 1487 1108 1516 revorsos,
1135 1486 1229 1519 quae
1246 1477 1362 1518 primo
1380 1476 1619 1518 reliquerant,

93 1524 298 1567 diripuisse.
347 1525 421 1556 Eos
451 1523 612 1556 victores
644 1533 726 1554 cum
757 1525 886 1564 pateat
910 1522 1027 1554 minus
1059 1531 1191 1554 severa
1218 1521 1415 1564 disciplina
1441 1522 1621 1553 coercitos

94 1569 226 1608 fuisse,
252 1569 428 1612 fugitivos
453 1568 568 1600 fuisse
591 1568 671 1600 veri
696 1567 927 1599 simillumum
955 1566 1118 1607 videtur,
1149 1577 1218 1599 nec
1249 1567 1329 1599 veri
1359 1567 1484 1608 specie
1517 1570 1622 1598 caret

93 1614 231 1651 Kritzii„
249 1614 427 1656 suspicio,
460 1616 652 1655 spectasse
678 1612 924 1655 fragmentum
951 1612 998 1644 ad
1023 1611 1178 1651 cladem,
1205 1622 1315 1654 quam
1337 1612 1544 1652 Mummius,
1570 1612 1618 1644 M.

94 1659 220 1692 Crassi
243 1659 407 1702 legatus,
435 1658 583 1700 accepit
608 1657 718 1699 (Plut.
746 1657 869 1689 Crass.
898 1656 950 1689 10.
978 1658 1102 1689 Drum.
1129 1657 1180 1689 IV
1204 1668 1239 1699 p.
1265 1656 1336 1698 79).

208 1739 266 1777 *5
306 1736 386 1790 [Kr.
409 1743 465 1774 27.
496 1738 535 1774 G.
561 1735 634 1788 10].
686 1736 800 1775 Sorte
829 1736 967 1775 ductos
997 1735 1090 1775 fusti
1119 1739 1243 1775 necat.

207 1804 310 1838 Serv.
337 1804 384 1837 ad
407 1805 517 1847 Verg.
542 1804 585 1836 A.
611 1805 647 1843 ΙΙ
662 1802 746 1835 201:
775 1802 888 1836 ‘Sorte
912 1804 1062 1840 ductus’:
1084 1805 1134 1835 sic
1150 1804 1349 1836 Sallustius:
1375 1806 1472 1835 sorte
1490 1802 1621 1835 ductus

95 1850 184 1882 fusti
208 1853 318 1883 necat
344 1850 457 1888 [codd.
483 1845 601 1881 Bumiae.
628 1849 727 1880 furta
743 1851 796 1880 vel
815 1849 903 1880 furti
926 1851 1058 1891 negat3
1085 1848 1231 1886 Guetfi‘l
1249 1849 1364 1880 fnisse
1381 1851 1515 1890 negat3
1540 1849 1620 1880 edd.

93 1899 174 1928 vett.
198 1895 288 1928 furti
311 1893 465 1938 negatiJ.
519 1894 573 1938 Id.
601 1894 648 1926 ad.
671 1894 723 1925 VI
745 1893 807 1925 22:
840 1894 991 1935 Proprie
1025 1897 1134 1925 autem
1167 1894 1296 1926 ‘ductis
1318 1894 1497 1926 sortibus’.
1545 1892 1622 1925 Sal-

95 1942 233 1973 lustius.-
264 1943 361 1972 sorte
393 1939 521 1971 ductos
553 1939 641 1970 fusti
665 1941 787 1979 necat.
838 1937 927 1970 Cum
952 1939 1001 1970 M.
1028 1937 1200 1970 Crassum
1225 1938 1424 1970 exercitum
1448 1937 1621 1979 ignavum

96 1985 351 2018 decumatione
377 1983 807 2027 coercuisse—memoriae
831 1983 1012 2026 proditum
1037 1983 1086 2015 sit
1110 1983 1215 2026 (App.
1242 1984 1277 2015 b.
1297 1994 1329 2015 c.
1355 1984 1373 2015 I
1399 1982 1463 2014 118
1487 1993 1522 2024 p.
1541 1981 1620 2015 533.

96 2030 192 2063 Plut.
219 2030 341 2063 Crass.
370 2028 422 2062 10.
448 2030 573 2061 Drum.
600 2029 651 2061 IV
675 2040 710 2071 p.
738 2027 792 2068 79,
818 2027 890 2070 99),
916 2028 960 2060 de
988 2027 1060 2060 alio
1085 2028 1178 2060 duce
1206 2028 1263 2060 his
1288 2028 1392 2060 libris
1417 2038 1622 2060 conmemo-

96 2079 176 2108 rato
208 2075 305 2108 idem
335 2085 455 2117 neque
486 2077 628 2107 constet
658 2084 776 2115 neque
807 2073 888 2106 veri
919 2072 1037 2105 simile
1069 2074 1135 2113 sit,
1175 2074 1262 2115 quin
1297 2073 1414 2106 verba
1449 2072 1543 2105 haec
1577 2073 1623 2104 ad

97 2121 268 2153 Crassum
293 2120 489 2153 referunda
515 2122 552 2152 et
580 2119 674 2151 libro
699 2119 750 2151 IV
775 2118 1022 2151 adscribunda
1047 2119 1139 2158 sint,
1166 2119 1315 2151 dubium
1338 2128 1410 2150 non
1435 2122 1504 2150 est.
1554 2117 1623 2150 Ce—

96 2169 213 2198 terum
237 2166 375 2199 eisdem
399 2165 523 2198 verbis
546 2174 633 2196 usus
657 2165 748 2196 Tac.
776 2164 822 2196 ab
848 2174 928 2196 exc.
954 2163 988 2195 d.
1015 2163 1058 2195 A.
1084 2163 1141 2195 111
1164 2163 1220 2195 21.

211 2245 237 2285 6
269 2244 349 2297 [Kr.
373 2246 488 2282 11195.
519 2246 559 2282 G.
586 2246 629 2282 ΙΙΙ
651 2243 726 2296 18].
779 2242 876 2283 Dein
900 2242 1017 2282 lenita
1037 2243 1115 2282 iam
1140 2243 1196 2282 ira
1219 2247 1378 2294 postero
1397 2242 1459 2282 die
1480 2241 1623 2282 libera-

98 2312 200 2353 libus
223 2312 354 2352 verhis
383 2310 592 2363 permulcti
622 2315 724 2351 sunt.

209 2379 326 2412 Prisc.
358 2379 412 2412 IX
444 2390 479 2422 p.
511 2377 596 2410 487:
639 2380 750 2411 ‘mulsi
779 2378 928 2411 mulsum’
962 2382 996 2410 et
1028 2379 1225 2411 ‘mulctum'.
1271 2378 1451 2411 Sallustius
1482 2378 1516 2409 in
1548 2377 1625 2409 1111

97 2426 332 2459 historiarum:
363 2424 447 2456 dein
470 2441 516 2447 —
538 2423 732 2466 permulcti
756 2427 850 2456 sunt.
900 2423 1031 2464 Quarti
1062 2424 1147 2456 libri
1178 2424 1293 2456 fuisse
1318 2423 1500 2455 Prisciani
1526 2422 1624 2454 codi-

100 2481 162 2502 ces
186 2479 258 2502 uno
284 2479 464 2502 consensu
486 2471 680 2501 testantur.
729 2468 846 2501 Aliter
869 2469 964 2501 haec
987 2469 1103 2501 verba
1127 2469 1295 2511 intellegi
1318 2479 1390 2501 non
1414 2478 1523 2510 posse
1535 2467 1623 2498 nisi:

99 2516 247 2556 ducem,
282 2525 363 2547 cum
393 2514 511 2557 pridie
541 2514 598 2546 ira
628 2514 666 2546 in
697 2514 831 2546 milites
864 2514 1100 2555 saevivisset,
1134 2517 1280 2557 postero
1316 2514 1374 2545 die
1405 2523 1467 2544 eos
1491 2512 1625 2543 libera-

98 2560 194 2592 libus
218 2559 341 2593 verbis
364 2559 618 2602 permulsisse,
651 2559 792 2592 Kritzio
825 2559 1027 2591 concedere
1057 2569 1131 2592 non
1161 2569 1318 2602 possum.
1367 2558 1496 2589 Nonne
1529 2556 1624 2587 enim

57 2643 59 2646 Α
99 2604 247 2645 milites,
280 2614 362 2636 cum
390 2604 507 2647 pridie
538 2604 870 2637 vehementissume
895 2604 1051 2647 permoti
1082 2604 1257 2643 fuissent,
1289 2613 1356 2645 per
1378 2605 1524 2634 noctem
1552 2601 1626 2632 iam

99 2649 239 2682 mollita
261 2650 318 2682 ira
341 2649 561 2692 permulceri
585 2649 632 2682 ab
657 2649 749 2681 duce
774 2650 950 2692 potuere?
982 2652 1019 2682 et
1042 2660 1162 2682 nonne
1188 2653 1227 2680 ut
1251 2649 1305 2680 ita
1337 2647 1457 2678 locum
1480 2645 1625 2676 intelle-

101 2705 240 2737 gamus,
265 2695 360 2727 rati'o
384 2694 546 2737 postulat
570 2693 654 2735 (cfr.
673 2694 797 2727 Conm.
817 2705 852 2737 p.
872 2693 952 2735 17)?
1000 2695 1104 2734 Quae
1123 2704 1203 2725 eum
1227 2694 1280 2724 ita
1298 2693 1384 2732 sint,
1410 2701 1494 2722 num
1512 2690 1626 2723 verba

102 2750 182 2772 cum
207 2739 406 2772 Debrossio
432 2739 479 2771 ad
503 2739 676 2772 Crassum
700 2739 853 2780 milites,
874 2749 954 2771 cum
979 2742 1091 2771 antea
1140 2738 1163 2769 b
1190 2738 1243 2769 eis
1269 2736 1464 2768 crudeliter
1488 2744 1626 2777 poenas

102 2784 329 2827 expetiisset,
355 2784 429 2817 iam
453 2794 575 2816 rursus
598 2784 799 2817 lenientem
823 2784 1024 2816 referunda
1048 2783 1105 2815 sin
1125 2807 1133 2821 ,
1160 2781 1266 2814 valde
1292 2781 1440 2812 dubium
1465 2783 1533 2812 est.

165 2855 180 2875 ‘
217 2864 274 2902 *7
324 2863 404 2916 [Kr.
426 2868 482 2901 28.
515 2865 554 2901 G.
575 2862 652 2915 78].
697 2862 749 2902 'In
778 2862 875 2901 silva
906 2861 983 2901 Sila
1013 2861 1184 2900 fuerunt.

215 2929 317 2963 Serv.
345 2930 392 2962 ad
414 2931 524 2972 Verg.
551 2931 593 2962 A.
620 2930 690 2962 XII
707 2929 790 2961 715:
817 2928 901 2970 Sym
924 2939 1017 2960 mons
1041 2932 1092 2960 est
1111 2927 1294 2960 Lucaniae.
1321 2943 1365 2949 —
1388 2925 1569 2960 Sallustius
1585 2927 1628 2960 de
