1826 3282
531 239 829 268 ms'romARvM
854 241 940 267 Lm.
968 240 1003 267 11
1030 235 1157 271 3—5.
1382 272 1384 275 .
1544 226 1589 267 31

14 369 25 377 .
85 338 244 393 donia]‚
277 341 435 392 apiastri
465 339 611 386 similis,
640 352 740 392 quae
770 353 924 380 comesa
962 353 1031 380 ora
1070 341 1273 381 hominum
1306 341 1428 380 rietus
1461 339 1598 379 dolore

85 407 279 446 contrahit
308 412 346 447 et
374 409 483 460 quasi
511 408 674 448 ridentis
703 409 901 447 interimit.

197 474 290 508 Gell.
315 476 358 509 N.
376 475 419 508 A.
444 474 535 508 XIII
557 473 602 508 30
618 474 700 517 (29),
719 475 757 508 5:
784 476 860 508 Non
882 478 986 509 solum
1010 481 1118 520 autem
1140 478 1174 509 in
1198 477 1357 509 hominum
1386 475 1596 518 corporibus,

18 519 23 528 ⁶
80 521 145 553 sed
173 521 272 552 etiam
303 523 336 552 in
364 532 476 553 rerum
502 523 659 564 cuiusque
686 522 777 554 modi
799 522 938 553 aliarum
964 523 1105 563 ‘facies’
1130 523 1264 554 dicitur.
1306 522 1399 554 >Nam
1422 523 1541 553 montis
1564 525 1597 553 et

81 567 168 598 caeli
196 570 229 597 et
252 569 356 598 maris
371 567 532 607 x‘facies'‚
555 568 588 598 si
616 567 809 608 tempestive
841 567 986 605 dicatur,
1006 567 1115 609 probe
1140 569 1274 599 dicitur.
1323 567 1475 600 Sallustii
1494 566 1598 599 verba

78 615 156 643 sunt
181 621 229 643 eoe
258 611 402 644 historia
421 613 591 644 secunda:
616 611 784 644 Sardinia
808 612 845 643 in
866 612 992 645 Africo
1016 630 1061 635 —-
1083 613 1272 655 prominet.
1319 613 1460 645 Eadem
1484 611 1598 644 verba

81 656 234 688 eandem
258 656 303 690 ob
329 667 494 689 caussam
521 657 804 689 conmemoravit
827 658 917 690 Non.
943 669 978 700 p.
1003 656 1059 690 37.
1085 676 1127 680 —-
1153 657 1323 690 Ceterum
1352 657 1500 697 Isidori,
1533 657 1597 690 So-

79 700 163 740 lini,
196 700 300 734 Servi
329 701 428 734 locos
461 712 504 734 ex
535 702 623 734 Sall.
655 703 851 735 maximam
880 707 1022 745 partem
1052 703 1201 735 haustos
1234 714 1314 735 esse
1347 703 1519 745 adparet,
1553 713 1597 735 ex

80 746 208 788 quibus
247 756 341 788 quae
373 747 461 779 mihi
491 747 738 780 Sallustianae
768 748 945 781 orationis
976 748 1132 781 colorem
1163 759 1252 790 prae
1288 759 1327 780 se
1364 748 1460 780 ferre
1498 748 1595 782 vide-

78 791 230 832 bantur,
264 802 375 835 supra
409 793 525 835 posui.
583 793 674 825 Sunt
705 796 825 825 autem
857 793 895 825 hi
925 793 1013 826 loci:
1054 793 1141 825 Isid.
1174 793 1275 836 Orig.
1308 794 1393 825 XIV
1422 793 1466 826 39
1492 797 1529 826 et
1552 792 1597 825 40

77 847 112 879 p.
137 836 205 870 453
230 837 285 870 ed.
312 837 417 870 Otto:
444 837 578 870 &rdus
602 839 752 871 Hercule
772 843 979 881 procreatus
994 850 1065 871 cum
1081 849 1202 881 maqna
1224 841 1430 871 multitudine
1447 850 1469 871 a
1484 839 1596 880 Libya

75 883 252 924 profectus
281 883 475 915 Sardiniam
504 885 678 926 occupavit
707 889 741 916 et
774 894 817 916 ex
848 895 912 918 suo
943 878 1122 917 vocabulo
1153 884 1295 916 insulae
1327 895 1458 916 nomen
1483 885 1593 916 dedit.

76 927 182 959 Haec
205 927 244 959 in
264 927 391 961 *Africo
414 929 507 961 mari
538 929 637 961 facie
666 930 815 972 vestigii
838 929 987 962 humani
1010 930 1049 961 in
1073 930 1213 962 oriente
1241 927 1355 972 [conr.
1383 928 1458 972 em]
1486 940 1595 972 quam

76 972 114 1004 in
138 973 329 1005 occidente
356 972 467 1016 [conr.
495 984 569 1015 em;
600 978 740 1007 alterum
770 976 808 1007 in
839 986 885 1008 ea:
908 976 970 1008 hoe
994 978 1066 1008 loco
1091 973 1228 1017 recepi]
1262 974 1371 1007 latior
1402 976 1592 1018 prominet,

71 1018 181 1059 ferme
204 1019 344 1060 paribus
368 1019 544 1057 lateribus,
579 1031 663 1062 quae
687 1021 721 1052 in
744 1021 915 1053 meridiem
938 1025 973 1053 et
994 1021 1256 1062 septentrionem
1278 1025 1426 1057 vertunt,
1459 1032 1505 1054 ex
1530 1031 1594 1064 quo

76 1067 154 1095 ante
178 1065 404 1096 commercium
428 1075 450 1096 a
473 1065 705 1108 naviqantibus
732 1066 937 1098 Graecorum
963 1064 1067 1108 ἴχνος
1091 1063 1277 1108 appellata.
1324 1066 1434 1098 Terra
1448 1071 1544 1108 patet
1560 1069 1593 1098 in

74 1110 310 1150 lonqitudinem
335 1108 402 1149 (sic
427 1114 528 1142 recte
553 1121 651 1143 conr.
677 1110 849 1153 Kritzius)
874 1113 964 1144 milia
991 1111 1100 1149 CXL.
1127 1113 1160 1143 in
1185 1112 1390 1143 latitudinem
1415 1112 1482 1143 XL
1508 1110 1594 1154 [LX

74 1153 252 1193 Kritzius3
278 1165 448 1186 numerus
473 1154 733 1199 certe‘falsus].
775 1157 819 1189 In
843 1167 886 1189 ea
900 1155 1164 1200 neque'serpens
1177 1159 1336 1198 gignitur,
1363 1167 1469 1200 neque
1485 1160 1592 1199 lupus,

72 1200 137 1231 sed
155 1200 305 1241 saltfuya
328 1204 469 1237 tantum,
495 1202 621 1233 animal
642 1201 812 1243 exiguum,
837 1202 1020 1245 bominibus
1038 1203 1270 1244 pernitiosum.
1323 1203 1490 1234 Venenum
1515 1214 1594 1246 quo-

74 1254 137 1287 que
161 1244 208 1276 ibi
230 1255 296 1277 non
320 1248 480 1284 nascitur,
506 1248 573 1278 nisi
594 1246 700 1278 herba
722 1258 788 1289 per
809 1249 1001 1290 scriptores
1021 1249 1183 1289 plurimos
1207 1252 1239 1279 et
1260 1250 1383 1289 poetas
1399 1253 1592 1287 memorata,

75 1289 236 1331 apiastro
261 1290 400 1330 similis,
427 1301 520 1333 quae
544 1291 749 1324 hominibus
774 1293 885 1324 rietus
903 1292 1086 1326 contrahit
1104 1296 1141 1324 et
1158 1293 1262 1335 quasi
1285 1293 1446 1325 ridentes
1468 1294 1592 1326 interi-

73 1334 150 1366 mit.
199 1335 325 1368 Fontes
361 1336 462 1369 habet
491 1338 621 1369 calidos
652 1337 830 1381 Sardinia,
863 1339 1003 1380 infirmis·
1024 1339 1186 1370 medelam
1210 1339 1430 1380 praebentes,
1458 1339 1594 1380 furibus

15 1390 19 1393 ·
72 1383 277 1418 caecitatem,
295 1383 328 1413 si
341 1387 551 1414 sacramento
569 1383 649 1415 dato
666 1385 781 1415 oculos
798 1385 894 1427 aquis·
910 1385 981 1416 eius
997 1385 1181 1426 tetigerint.
1214 1384 1324 1416 Solin.
1335 1384 1511 1425 Polyhist.
1533 1384 1591 1417 10:

72 1424 265 1458 Sardiniam
282 1427 376 1468 apud
395 1427 560 1460 Timaeum
576 1428 791 1461 Sandaliotin
807 1431 950 1470 legimus,
976 1429 1171 1461 Ichnusam
1194 1432 1289 1471 apud
1305 1430 1455 1472 Crispum
1473 1428 1592 1473 [Chry-

69 1473 200 1513 sippum
226 1472 323 1504 Gerl.
350 1472 428 1504 sine
454 1483 597 1506 caussa.
634 1473 748 1506 ,Multi
771 1475 966 1517 scriptores
991 1475 1035 1506 de
1062 1485 1104 1507 eo
1136 1475 1280 1507 nomine
1313 1475 1455 1516 dixere3
1493 1476 1593 1509 velut

71 1515 181 1557 Myrs.
201 1516 245 1548 fr.
266 1516 307 1557 14
324 1517 405 1552 Vol.
422 1519 472 1550 IV
490 1518 544 1550 ed.
563 1519 696 1551 Miiller
712 1531 746 1562 p.
765 1518 849 1559 4593
869 1520 935 1552 cfr.
955 1520 1093 1552 Stiehle
1110 1520 1240 1552 Philol.
1260 1521 1351 1563 IVp.
1367 1519 1445 1553 501.
1487 1522 1591 1562 Quod

71 1560 102 1592 si
126 1561 318 1594 Sallustius
341 1563 379 1595 id
402 1574 534 1596 nomen
558 1565 743 1606 antiquom
767 1568 1119 1605 conmemoraverat,
1154 1576 1234 1597 eum
1267 1567 1378 1598 etiam
1401 1567 1446 1598 de
1477 1568 1590 1599 nomi-

70 1606 126 1638 nis
152 1607 342 1640 Sardiniae
366 1609 506 1651 origine
531 1609 665 1642 dixisse
683 1611 761 1642 veri
778 1610 1007 1643 simillumum
1032 1609 1113 1653 est].
1138 1629 1182 1633 —-
1199 1610 1363 1644 Sardinia
1385 1617 1437 1643 est
1461 1614 1591 1656 quidem

70 1651 195 1699 absque
224 1653 456 1695 serpentibus,-
486 1656 551 1687 sed
580 1656 670 1698 quod
699 1658 775 1687 aliis
797 1657 881 1689 locis
903 1667 1047 1698 serpens
1070 1661 1138 1694 est,
1170 1657 1234 1689 lzoc
1262 1657 1412 1698 solifuga
1431 1657 1589 1691 -Sardois

71 1699 174 1737 aar-is,
200 1700 323 1730 animal
342 1702 566 1742 pereaeiquum
589 1703 760 1743 simileque
785 1703 921 1734 araneis
941 1703 1065 1742 forma.
1114 1703 1204 1734 Huic
1227 1704 1431 1735 incommodo
1457 1705 1589 1736 accedit

70 1746 104 1773 et
126 1742 232 1774 herba
255 1742 444 1782 Sardonia,
478 1755 563 1787 quae
594 1748 628 1777 in
651 1746 769 1788 defluis
788 1747 962 1787 fontaneis
990 1751 1145 1789 provenit
1174 1750 1302 1790 largius
1332 1750 1431 1781 iusto.
1479 1749 1536 1781 Ea
1558 1753 1591 1782 si

69 1788 180 1820 edulio
201 1788 324 1829 fuerit,
356 1789 562 1822 vescentibus
585 1801 706 1823 nervos
729 1793 916 1830 contrahit,
946 1794 1034 1824 rictu
1057 1803 1122 1825 ora
1145 1794 1287 1832 diducit,
1313 1798 1349 1825 ut
1373 1798 1430 1836 qui
1451 1798 1588 1827 mortem

69 1836 248 1874 oppetunt,
274 1837 361 1866 velut
385 1836 563 1867 ridentium
582 1837 675 1877 facie
699 1838 879 1869 intereant.
912 1855 956 1860 -
984 1838 1112 1870 Fontes
1139 1848 1222 1870 sane
1253 1840 1357 1871 calidi
1379 1844 1411 1871 et
1434 1841 1589 1873 salubres

69 1876 196 1920 aliquot
219 1881 301 1910 Iocis
324 1880 559 1922 effervescunt.
587 1899 628 1904 —
653 1882 726 1914 Sed
748 1884 806 1925 qui
827 1884 932 1915 oculis
954 1884 1144 1922 medentur,
1174 1888 1208 1923 et
1231 1886 1456 1926 coar-queml&
1477 1889 1587 1918 valent

60 1922 210 1963 furibus.
260 1924 347 1956 Nam
372 1927 521 1971 quisquis
543 1932 756 1960 sacramento
780 1932 913 1970 raptum
937 1932 1048 1970 negat,
1072 1930 1194 1961 lumina
1218 1933 1313 1972 aquis
1329 1934 1509 1968 attrectat;
1533 1931 1590 1964 ubi

66 1969 249 2009 periurium
274 1980 339 2002 non
363 1975 424 2008 est,
449 1973 560 2003 cernit
582 1974 728 2011 darius,-
751 1975 783 2005 si
803 1974 951 2015 perfidia
974 1974 1105 2011 abnuit,
1132 1975 1301 2016 deteyitur
1319 1975 1455 2016 facinus
1479 1978 1587 2009 caeci-

66 2017 138 2045 tate
161 2018 196 2046 et
219 2018 338 2056 captus
361 2018 465 2048 oculis
489 2018 667 2050 admissum
698 2018 846 2050 tenebris
874 2020 1018 2060 fatetur.
1076 2019 1176 2052 Serv.
1205 2020 1252 2052 ad
1277 2021 1384 2063 Verg.
1410 2021 1489 2054 Ecl.
1517 2023 1587 2055 VII

67 2057 128 2090 41:
161 2060 195 2091 in
218 2058 383 2092 Sardinia
406 2064 491 2094 enim
515 2067 666 2095 nascitur
689 2065 853 2106 quaedum
877 2064 999 2102 herba,
1032 2069 1068 2096 ut
1091 2064 1272 2098 Sallustius
1299 2068 1397 2104 dicit,
1432 2067 1587 2110 apiastri

68 2103 206 2144 similis,
231 2104 326 2138 haec
351 2104 524 2150 [comesa]
549 2119 614 2140 ora
637 2109 820 2141 hominum
844 2110 956 2142 rietus
989 2110 1111 2142 dolore
1143 2111 1325 2143 contrahit
1350 2116 1387 2143 et
1411 2114 1515 2154 quasi
1538 2114 1585 2145 ri-

59 2148 196 2182 dentes
221 2150 407 2183 interimit.
439 2171 485 2175 —
518 2153 656 2186 Comesa
686 2155 896 2187 necessario
923 2155 1138 2188 addendum.
1189 2155 1360 2189 Ceterum
1385 2157 1497 2191 facile
1523 2160 1584 2192 ad-

66 2198 172 2236 paret
195 2195 360 2228 Servium
384 2197 498 2231 verba
522 2198 672 2231 Sallusti
695 2200 860 2242 pleniora
883 2201 1067 2233 rettulisse
1092 2212 1200 2244 quam
1223 2202 1411 2236 Isidorum.

180 2263 203 2302 3
234 2262 314 2316 [Kr.
339 2269 372 2302 5.
402 2268 441 2304 G.
466 2265 539 2318 14].
592 2266 803 2307 Daedalum
831 2282 877 2308 ex
899 2268 1025 2308 Sicilia
1050 2270 1283 2322 profectum,
1314 2283 1391 2322 quo
1420 2272 1586 2313 Minonis

66 2330 163 2369 iram
189 2335 305 2383 atque
335 2345 430 2383 opes
458 2333 624 2384 fugerat.

178 2398 292 2431 Prisc.
318 2400 368 2431 VI
393 2412 426 2443 p.
452 2401 536 2433 255:
564 2402 691 2436 ‘Minos
714 2404 863 2437 Minois*-
912 2406 1090 2438 Sallustius
1113 2410 1223 2440 tamen
1250 2408 1419 2442 ‘Minonis'
1442 2412 1585 2452 protulit

63 2445 247 2485 yenetivum
271 2446 304 2477 in
329 2445 365 2477 11
388 2447 623 2480 historiarum:
647 2450 851 2482 Daedalum
877 2469 918 2474 —-
944 2452 1102 2494 fugerat.

179 2513 238 2551 *4
267 2511 345 2565 [Kr.
367 2519 401 2552 6.
427 2517 465 2553 G.
491 2514 565 2568 13].
613 2516 721 2557 Serv.
743 2518 791 2557 ad
811 2517 925 2570 Verg.
947 2519 1042 2559 Aen.
1065 2519 1113 2559 vl
1141 2521 1189 2560 14
1209 2533 1247 2572 p.
1271 2521 1352 2562 352
1380 2522 1440 2562 ed.
1465 2523 1581 2565 Lion:

66 2577 256 2619 Daedalus
287 2593 377 2622 vero
407 2584 575 2634 primum
606 2584 838 2632 Sardiniam,
869 2593 912 2626 ul
941 2589 1037 2628 dicit
1064 2588 1288 2638 Sallustius,
1319 2594 1406 2641 post
1435 2590 1583 2630 delatus

65 2651 123 2685 est
153 2646 305 2688 Cumas.

177 2727 233 2765 *5
268 2726 346 2782 [Kr.
371 2735 390 2766 7
413 2738 449 2769 et
470 2735 502 2769 8.
533 2734 572 2770 G.
595 2737 634 2771 13
654 2740 690 2771 et
715 2731 767 2786 7].
822 2734 1010 2786 Apollinis
1034 2735 1111 2774 silio
1142 2739 1180 2775 et
1210 2735 1391 2787 Cyrenes,

175 2795 280 2828 Haec
304 2797 418 2829 verba
443 2809 486 2830 ex
510 2799 597 2832 Sall.
626 2801 747 2833 adfert
770 2802 876 2835 Prob.
904 2814 937 2845 p.
967 2803 1048 2842 107,
1083 2813 1196 2844 quae.
1231 2813 1311 2835 cum
1343 2803 1519 2846 Apollinis
1545 2808 1582 2837 et

62 2840 243 2883 nymphae
263 2840 423 2884 Cyrenes
440 2843 534 2876 filius
558 2845 669 2877 fuerit
684 2847 873 2879 Aristaeus
892 2858 1042 2889 eumque
1061 2848 1266 2880 Sardiniam
1283 2848 1477 2882 incoluisse
1497 2861 1580 2883 con-

64 2887 147 2923 stet,
172 2896 243 2917 non
267 2886 431 2920 dubitavi
456 2888 492 2920 in
517 2890 681 2932 reliquiis
704 2891 788 2923 libri
812 2892 848 2924 II
873 2903 1019 2934 ponere.
1069 2893 1123 2923 De
1151 2903 1192 2924 eo
1219 2893 1264 2925 ab
1290 2893 1461 2927 Sallustio
1485 2895 1579 2928 haec

63 2933 214 2963 narrata
244 2931 357 2964 fuisse
388 2936 546 2966 testatur
571 2935 673 2969 Serv.
701 2937 747 2968 ad
771 2938 881 2979 Verg.
911 2938 976 2969 Ge.
1005 2938 1021 2970 I
1049 2937 1087 2969 12
1113 2949 1147 2980 p.
1178 2937 1240 2970 173
1271 2939 1328 2971 ed.
1357 2940 1467 2973 Lion:
1498 2942 1577 2980 Hic,
