1838 3288
565 247 866 278 ms'romARvu
897 248 980 277 ma.
1011 248 1057 278 1v
1087 242 1143 280 62.
1169 243 1227 281 63.
1364 230 1368 234 ’
1586 235 1664 276 115

137 362 249 389 rum:
289 349 432 402 quibus
461 362 540 389 uon
570 350 743 390 humana
768 350 845 390 ulla
878 364 1007 403 neque
1037 352 1164 391 divina
1195 352 1372 398 obstant,
1412 351 1507 403 quin
1535 351 1664 389 socios

138 419 304 464 amicos,
335 417 476 470 procul
506 419 612 458 iuxta
645 419 760 464 sitos,
800 419 938 470 inopes
968 421 1216 473 potentisque
1253 421 1411 460 trahant
1443 419 1662 463 excindant,

73 497 114 530 18
138 487 346 538 omniaque
376 498 456 525 non
486 498 599 526 serva
633 490 671 525 et
708 498 890 526 maxume
930 499 1052 537 regna
1091 488 1242 527 hostilia
1280 488 1448 528 ducant?
1486 486 1663 538 Namque

138 555 254 604 pauci
286 554 526 599 libertatem,
563 566 656 605 pars
679 565 820 605 magna
851 555 974 593 iustos
1001 556 1182 595 dominos
1208 556 1362 596 volunt:
1396 567 1469 594 nos
1494 554 1664 606 suspecti

76 628 114 661 19
139 633 274 661 sumus
302 620 445 661 aemuli
473 626 512 660 et
539 622 579 660 in
608 626 788 672 tempore
812 622 984 662 vindices
1014 623 1199 662 adfuturi.
1258 623 1317 663 Tu
1348 636 1462 668 vero,
1500 623 1563 662 cui
1593 622 1662 661 Se·
1681 634 1696 658 5

137 688 292 735 leucen,
330 701 513 729 maxuma
550 688 731 734 urbium,
767 701 1014 742 regnumque
1046 691 1217 730 Persidis
1248 691 1402 731 inclutis
1431 691 1569 730 divitiis
1593 696 1663 736 est,

138 756 230 808 quid
261 757 310 796 ab
347 756 422 796 illis
459 757 533 796 nisi
566 756 701 796 dolum
729 758 768 796 in
803 769 992 808 praesens
1033 763 1071 797 et
1098 763 1232 809 postea
1272 759 1418 798 bellum
1456 759 1664 810 expectas?

70 834 116 868 20
137 823 304 863 Romani
343 837 452 864 arma
491 826 531 863 in
569 825 697 864 omnis
732 824 898 870 hahent,
933 838 1140 865 acerruma
1174 827 1213 865 in
1251 827 1338 872 e'oS‚
1376 826 1519 879 quibus
1554 827 1666 865 victis

138 891 261 944 spolia
298 905 480 932 maxuma
516 897 628 932 sunt:
669 893 850 932 audendo
886 898 924 932 et
960 893 1135 933 fallundo
1172 898 1210 933 et
1243 894 1344 933 bella
1379 907 1425 933 ex
1464 893 1576 937 bellis
1604 907 1664 934 se-

68 970 110 1003 21
136 960 265 1000 rundo
294 961 427 1011 magni
451 961 554 1001 facti.
613 961 690 1000 Per
719 961 826 1000 hunc
854 973 1007 1001 morem
1038 962 1267 1013 extinguent
1305 963 1434 1001 omnia
1462 967 1529 1001 aut
1559 963 1662 1002 occi·
1679 973 1710 998 10

138 1028 251 1067 dent:
299 1029 404 1081 quod
443 1028 538 1068 haut
569 1027 726 1068 difficile
762 1032 840 1073 est,
885 1030 918 1068 si
956 1034 999 1068 tu
1036 1029 1333 1081 Mesopotamia,
1371 1042 1444 1068 nos
1482 1031 1664 1070 Armenia

137 1096 491 1147 circumgredimur
530 1097 748 1136 exercitum
780 1097 865 1136 sine
902 1098 1122 1143 frumento,
1161 1098 1244 1137 sine
1286 1098 1456 1144 auxiliis,
1506 1099 1662 1138 fortuna

66 1176 111 1207 22
136 1168 203 1203 aut
238 1164 385 1203 nostris
417 1165 517 1203 vitiis
550 1164 680 1204 adhuc
718 1164 969 1205 incolumem.
1043 1165 1178 1217 Teque
1217 1165 1278 1205 illa
1319 1166 1421 1205 fama
1455 1171 1663 1218 sequetur:

136 1231 280 1271 auxilio
319 1232 541 1283 profectum
581 1233 734 1284 magnis
781 1232 943 1284 regibus
980 1232 1153 1272 latrones
1194 1235 1369 1285 gentium
1405 1233 1660 1285 obpressisse.

67 1311 111 1345 23
136 1299 249 1346 Quod
278 1300 334 1338 uti
365 1300 484 1339 facias
514 1312 656 1340 moneo
686 1300 924 1354 hortorque,
964 1313 1041 1341 neu
1070 1300 1182 1340 malis
1202 1302 1370 1352 pernitie
1400 1306 1534 1341 nostra
1557 1306 1707 1342 tuamif,

133 1366 330 1418 prolatare
361 1380 478 1420 quam
508 1369 693 1408 societate
725 1369 846 1408 victor
876 1369 974 1409 fieri.

245 1458 278 1490 7.
303 1458 408 1491 Arus.
435 1470 470 1501 p.
496 1459 582 1491 242:
618 1459 662 1491 In
682 1470 851 1501 praesens
874 1470 940 1502 pro
966 1461 1014 1492 ad
1033 1471 1211 1503 praesens.
1261 1460 1430 1493 Salustius
1453 1478 1497 1482 —
1522 1461 1658 1493 Histor.

132 1503 200 1535 IV:
234 1503 330 1543 Quid
355 1504 400 1536 ab
431 1504 603 1537 illis.uisi
628 1504 751 1537 dolum
781 1505 821 1537 in
844 1515 1022 1548 praesens
1047 1509 1084 1538 et
1107 1509 1238 1549 postea
1261 1505 1399 1538 bellum
1425 1509 1659 1549 exspectans.

132 1582 166 1614 2.
192 1583 424 1626 potentisque
449 1582 493 1618 23.
566 1583 766 1616 excindant
789 1583 834 1619 Q.
883 1585 1056 1618 excidant
1086 1596 1134 1618 eoe
1161 1585 1278 1618 Ursini
1306 1589 1339 1617 et
1366 1585 1538 1617 Giacconiz’
1565 1586 1662 1617 libris

135 1627 298 1660 Cor-tr—
321 1628 353 1661 3.
380 1639 546 1661 maxume
564 1627 608 1664 ΞΒ.
635 1646 679 1651 -
703 1629 736 1661 5.
763 1629 944 1663 Seleucea
961 1630 1004 1665 23.
1047 1630 1219 1663 Seleucia
1238 1631 1330 1663 Cort.
1355 1649 1400 1653 —
1423 1630 1456 1662 7.
1484 1636 1660 1673 expectas

131 1671 176 1707 Q.
202 1691 243 1696 —
271 1673 326 1705 11.
351 1674 528 1707 Ablatz‘vos
551 1674 821 1716 Mesopotamia
845 1680 879 1707 et
901 1676 1075 1708 Armenia
1099 1677 1191 1708 nolui
1213 1680 1247 1707 in
1263 1675 1503 1712 dubitationem
1524 1687 1657 1714 vocare,

130 1728 254 1751 memor
269 1721 405 1751 talium:
425 1722 534 1762 porta
551 1719 697 1752 Collina
713 1720 840 1753 urbem
857 1721 1009 1761 intrare,
1035 1721 1098 1754 via
1113 1722 1345 1755 Nomentana
1362 1720 1547 1764 proficisci
1562 1723 1658 1754 sitnil.

247 1819 306 1869 62
332 1819 413 1873 [ΚΓ.
437 1825 493 1858 20.
525 1823 564 1859 G.
586 1819 663 1874 50].
721 1820 824 1862 Tum
858 1834 951 1862 vero
977 1822 1207 1874 Atropateni
1242 1823 1555 1875 propinquantes
1583 1823 1659 1862 iam

131 1900 287 1928 amnem
316 1888 544 1943 Arsaniam.-

242 1967 348 2000 Arus.
372 1979 408 2010 p.
433 1968 519 2000 254:
544 1968 784 2011 Propinquant
808 1970 897 2001 illum
919 1971 1037 2002 locum.
1078 1968 1151 2002 Sal.
1178 1970 1272 2002 Hist.
1297 1970 1367 2002 IV:
1388 1972 1470 2001 tum
1493 1980 1580 2002 vero
1595 1970 1657 2002 Bi—

130 2012 235 2055 thyni
260 2012 419 2051 [Bithinii
443 2013 510 2046 Gu.
536 2016 593 2046 set
615 2013 654 2045 in
678 2024 712 2045 m
738 2038 750 2046 .
776 2014 920 2053 Bickinz‘]
945 2015 1234 2057 propinquantes
1258 2015 1332 2047 iam
1358 2025 1502 2047 amnem
1526 2015 1657 2047 Tarta-

130 2057 240 2090 nium.
297 2057 388 2091 Cum
418 2069 537 2102 neque
567 2058 704 2100 Bithyn
778 2058 853 2091 illis
886 2060 1011 2099 annis,
1045 2069 1195 2102 quorum
1225 2070 1284 2092 res
1309 2063 1437 2103 gestae
1463 2060 1556 2092 libro
1581 2061 1658 2092 1111

133 2105 328 2136 enarratae
354 2103 476 2144 fuere,
503 2104 700 2146 quidquam
724 2105 886 2147 gessisse
912 2108 1057 2137 constet
1080 2123 1124 2128 -
1148 2106 1222 2138 nisi
1246 2106 1341 2138 forte
1367 2115 1490 2138 eorum
1516 2105 1658 2137 auxilia

129 2148 168 2180 in
193 2148 356 2181 exercitu
379 2149 526 2182 Luculli
550 2149 664 2182 fuisse
690 2150 853 2192 opinaris
876 2169 930 2188 —,
960 2161 1079 2192 neque
1103 2150 1233 2183 fluvius
1257 2151 1456 2192 Tartanius
1480 2150 1574 2182 ullus
1598 2161 1657 2182 us-

130 2203 239 2235 quam
263 2194 432 2236 cognitus
449 2195 498 2227 sit
515 2194 692 2233 [Artanen
709 2194 769 2228 vel
785 2195 962 2227 Attanum
979 2196 1018 2227 iu
1033 2195 1210 2237 Bithynia
1227 2195 1341 2228 fuisse
1365 2196 1491 2228 docuit
1505 2196 1656 2238 Forbig.
1678 2224 1680 2226 ,

130 2249 255 2281 geogr.
283 2243 359 2271 ant.
384 2240 421 2272 11
436 2251 471 2283 p.
489 2238 582 2282 379J,
610 2250 691 2272 cum
715 2240 871 2283 denique
887 2240 990 2272 nulla
1005 2241 1044 2272 in
1060 2251 1099 2274 re
1118 2241 1267 2274 facilius
1285 2244 1321 2273 et
1338 2242 1478 2283 turpius
1496 2244 1658 2273 erratum

131 2293 211 2316 esse
229 2294 338 2326 quam
353 2285 391 2316 iu
406 2285 611 2317 nominibus
623 2285 781 2328 propriis
795 2285 1023 2328 exploratum
1036 2286 1095 2327 sit,
1109 2297 1181 2318 non
1194 2297 1324 2319 vereor
1339 2297 1386 2318 ne
1401 2286 1439 2318 in
1453 2286 1590 2318 crimen
1603 2289 1656 2318 te-

128 2329 308 2362 meritatis
331 2329 534 2372 incurram,
568 2330 599 2362 si
624 2331 820 2363 audaciore
846 2331 1101 2364 emendatione
1124 2331 1277 2375 efficere
1308 2331 1502 2372 studuero,
1531 2335 1572 2363 ut
1595 2331 1656 2363 hie

128 2373 230 2406 locus
261 2375 459 2410 conveniat
490 2385 571 2410 cum
601 2375 697 2408 Plnt.
730 2376 942 2409 narratione
975 2376 1020 2408 de
1050 2387 1176 2420 pugna
1209 2377 1255 2409 ad
1283 2377 1431 2410 fluvium
1461 2377 1656 2409 Arsaniam

129 2418 269 2460 (Drum.
294 2420 345 2452 IV
360 2431 395 2462 p.
417 2420 492 2452 152.
516 2421 681 2452 Momms.
706 2421 762 2452 III
776 2432 812 2463 p.
829 2420 899 2462 66),
926 2422 1018 2454 Luc.
1037 2421 1099 2455 31:
1125 2419 1192 2454 καὶ
1215 2417 1304 2460 τούς
1327 2418 1398 2464 μὲν
1423 2417 1556 2459 ἷππεῐς
1579 2415 1655 2454 oin&

127 2463 196 2507 τῆς
221 2459 385 2505 διώξεως
409 2458 633 2498 ἐνεκαλεῖτο
659 2459 698 2508 (ὁ
722 2461 994 2509 Λούκουλλος),
1019 2466 1168 2509 πρῶτος
1193 2461 1234 2499 δ’
1259 2461 1421 2510 οἷντέστη
1438 2469 1519 2505 τοῖς
1540 2460 1656 2508 'Arpo-

128 2511 315 2552 πατηνοῖς
338 2503 427 2543 κατ’
451 2504 570 2543 αὐτὸν
594 2501 678 2544 οὖσι
701 2506 797 2554 μετὰ
821 2511 896 2544 τῶν
911 2504 1079 2554 ἀρίστων
1094 2510 1161 2545 καὶ
1177 2510 1270 2555 πρὶν
1294 2509 1350 2550 εἰς
1375 2514 1504 2555 χεῖρας
1522 2506 1656 2544 ἐλθεῖν

130 2550 303 2598 φοβήσας
335 2549 533 2598 ἐτρέψατο.
582 2556 755 2589 Ceterum
785 2557 818 2589 si
848 2557 942 2589 haec
974 2558 1090 2590 verba
1121 2561 1299 2600 conrupta
1331 2568 1411 2589 esse
1442 2567 1655 2589 concessum

130 2599 260 2640 fuerit,
292 2600 384 2633 illud
413 2601 492 2634 iure
526 2602 652 2644 quaeri
682 2601 792 2642 licet,
826 2612 946 2635 annon
976 2603 1143 2635 inaudita
1170 2603 1236 2635 illa
1259 2602 1363 2635 verbi
1386 2601 1656 2644 propinquaudi

129 2646 350 2678 constructio
377 2647 491 2679 errori
516 2650 580 2679 aut
602 2647 835 2679 librariorum
859 2651 922 2680 aut
947 2649 1062 2690 ipsius
1093 2648 1326 2691 grammatici
1352 2646 1547 2678 tribuenda
1572 2646 1630 2677 sit.

129 2779 138 2788 ο
214 2735 408 2813 rtAdiunggo
440 2736 515 2769 iam
547 2747 593 2769 ea
610 2733 828 2780 ⁴fragmenta
858 2747 952 2780 quae
979 2748 1048 2780 quo
1073 2736 1334 2780 pertinuerint,
1366 2735 1514 2767 dubium
1546 2738 1655 2776 atque

127 2790 210 2813 mcc
246 2791 306 2813 um
332 2792 371 2814 es
393 2806 400 2813 .
641 2785 674 2806 ⁶·

667 2832 681 2849 ,
1391 2833 1395 2838 .

0 2859 7 2900 i
243 2859 295 2898 63
329 2860 410 2912 [Kr.
431 2865 487 2898 64.
522 2863 562 2899 G.
594 2860 665 2912 12].
733 2861 879 2900 Omnes
916 2861 1058 2912 quibus
1095 2864 1255 2899 senec-,to
1295 2871 1462 2910 corpore
1502 2860 1656 2898 animus

129 2926 307 2965 militaris
329 2932 424 2966 erat.

1288 2994 1312 3033 3
1328 2995 1350 3019 τε
