1826 3268
530 294 828 337 msmnnmvu
855 295 939 321 ms.
969 295 985 322 1
1019 287 1194 324 58-61,
1563 278 1611 319 21

103 395 197 428 haec
221 395 334 429 verba
359 396 577 439 pertinuisse
603 397 649 429 ad
675 396 827 429 eandem
852 407 939 434 rem,
966 396 1012 428 ad
1037 406 1143 438 quam
1161 395 1204 428 fr.
1223 395 1277 434 22,
1305 397 1341 428 et
1363 397 1456 427 euius
1470 393 1612 426 intelle-

103 441 259 484 gendum
283 452 363 474 esse
389 442 524 475 Sertori
541 442 622 484 (cfr.
642 441 736 473 Plut.
755 441 848 475 Sert.
867 440 899 473 6.
918 441 984 473 Iul.
1002 442 1137 484 Exsup.
1157 441 1176 472 7
1194 452 1229 484 p.
1246 439 1312 473 219
1331 440 1386 473 ed.
1413 439 1509 472 Gerl.
1535 439 1610 481 IV).

103 485 192 518 Cum
218 491 339 519 autem
364 487 471 519 Link.
500 498 567 519 em.
593 498 628 529 p.
655 486 700 519 23
717 497 768 528 sq.
796 487 914 518 sobrie
939 485 985 519 ne
1010 487 1140 518 nimius
1167 486 1320 518 ambitus
1344 485 1526 528 prooemio
1550 485 1613 516 tri-

101 531 274 564 bueretur
297 532 526 572 dehortatus,
558 532 672 564 verba
696 532 790 564 haec
815 532 934 574 potius
958 532 995 564 in
1020 532 1229 564 narratione
1255 532 1299 563 de
1324 531 1507 574 superiore
1533 530 1613 562 Ser-

101 577 169 609 tori
185 578 262 610 vita
273 577 389 610 videri
406 577 518 610 fuisse
536 577 745 617 monuisset,
762 576 831 609 hoc
848 577 927 609 loco
944 587 1077 619 ponere
1093 577 1216 617 malui,
1234 587 1302 609 nee
1318 587 1403 609 vero
1420 576 1614 608 obsecutus

101 632 178 654 sum
202 622 259 655 illi
285 623 394 655 etiam
420 623 463 655 fr.
490 623 533 654 22
556 622 615 654 hie
641 622 763 664 reponi
789 622 939 662 iubenti,
965 623 1116 665 primum
1135 622 1220 664 quia
1237 622 1271 654 S.
1291 632 1361 654 non
1384 621 1502 664 magis
1528 624 1613 663 apte

101 677 207 709 quam
230 667 268 699 in
291 667 380 700 belli
405 667 523 701 civilis
549 667 822 700 adumbratione
855 667 990 700 Sertori
1014 667 1232 699 mentionem
1259 667 1404 707 fecisse,
1430 667 1467 698 in
1492 660 1612 699 ἔπεισ-

98 710 193 754 οδίῳ
222 712 266 744 de
292 711 449 746 Sertorio
475 713 589 745 fusius
614 713 716 745 illam
742 723 817 744 rem
842 722 1011 745 narrasse
1036 713 1246 753 videbatur,
1273 712 1404 744 dehinc
1428 712 1520 754 quod
1542 722 1612 744 non

97 757 376 801 intellegebam,
410 769 513 800 quem
544 758 661 790 locum
691 768 800 791 voees
831 758 918 790 illae
951 758 1239 800 conloquentium
1269 757 1420 790 militum
1444 760 1525 800 post
1550 760 1613 789 aut

99 805 184 834 ante
211 813 255 835 ea
278 803 392 836 verba
415 803 552 836 habere
578 803 798 846 potuissent,
831 814 924 846 quae
956 813 1095 835 omnem
1128 814 1202 835 rem
1233 803 1394 836 breviter
1425 806 1481 835 set
1504 802 1611 845 plene

97 848 232 880 dictam
258 849 496 881 continerent.

210 926 298 967 *58
329 928 574 981 [Kr.1·n0.‚61.
606 931 645 967 G.
671 931 739 968 inc.
762 927 838 981 23].
897 928 966 968 Cui
1005 929 1078 968 nisi
1112 909 1260 980 pariter
1290 927 1443 969 obviam
1473 928 1608 967 iretur.

207 1007 342 1040 Donat.
369 1007 415 1039 ad
438 1008 521 1040 Ter.
547 1008 639 1040 Eun.
666 1008 684 1040 I
708 1007 740 1047 2,
762 1007 820 1039 12:
846 1008 997 1046 Pariter,
1022 1009 1188 1040 similiter.
1236 1007 1433 1040 Sallustius:
1458 1007 1516 1039 cui
1539 1006 1611 1038 nisi

96 1052 235 1094 pariter
258 1053 403 1086 obviam
425 1053 549 1085 iretur.
575 1071 619 1075 —
643 1054 723 1085 Non
747 1053 893 1085 dubium
912 1057 984 1093 est,
1011 1053 1096 1095 quin
1112 1063 1198 1086 vere
1217 1052 1324 1085 Link.
1345 1063 1412 1084 em.
1432 1063 1466 1094 p.
1493 1051 1536 1085 30
1553 1063 1606 1094 sq.

96 1097 324 1135 iudicaverit,
350 1098 443 1130 haec
468 1099 550 1141 ipsa
574 1098 688 1131 verba
712 1099 778 1130 Iul.
797 1099 933 1141 Exsup.
962 1110 992 1131 c.
1011 1098 1032 1130 8
1059 1098 1206 1147 eir-Sall.
1223 1098 1410 1130 hausisse:
1436 1102 1513 1130 tune
1529 1098 1610 1130 Ser-

94 1146 201 1175 torius
229 1145 272 1175 de
297 1143 408 1176 Marii
432 1148 604 1185 potestate
635 1154 774 1176 securus
797 1144 933 1176 Romam
962 1145 1050 1176 venit
1081 1148 1114 1176 et
1142 1146 1279 1176 omnium
1310 1144 1423 1184 coepit
1447 1153 1608 1175 accusare

92 1190 264 1230 seqnitiem
294 1193 328 1221 et
359 1199 406 1221 ea:
428 1188 537 1221 multis
563 1190 823 1231 promptissimis
849 1190 953 1228 factis
984 1188 1098 1231 Syllae
1129 1190 1326 1221 industriam
1357 1190 1518 1228 laudare,
1551 1188 1608 1220 cui

93 1233 163 1265 nisi
187 1234 331 1267 obviam
355 1234 478 1273 iretur,
496 1238 612 1266 ‘actum
636 1237 701 1266 iam
725 1239 758 1266 et
782 1234 979 1267 debellatum
999 1235 1104 1275 soret.
1144 1234 1198 1267 Ac
1222 1237 1322 1266 recte
1348 1233 1443 1276 apud
1459 1234 1544 1265 Exs.
1565 1244 1609 1265 ex

91 1279 184 1311 Don.
211 1279 391 1311 inseretur
413 1281 558 1320 pariter,
583 1280 607 1311 i.
635 1290 666 1311 e.
693 1279 871 1319 similiter,
898 1282 937 1311 ut
959 1280 1039 1322 ipse
1065 1279 1165 1312 Sulla
1191 1282 1329 1322 ageret,
1356 1282 1392 1310 et
1415 1279 1608 1311 videndum

94 1334 213 1357 annon
238 1325 324 1357 Sall.
350 1325 472 1358 verbis
499 1325 666 1357 addenda
690 1325 763 1357 sint
786 1330 897 1357 aetum¹
916 1326 981 1357 iam
1005 1330 1039 1357 et
1063 1325 1260 1358 debellatum
1278 1325 1375 1366 foret
1397 1324 1457 1357 vel
1477 1324 1568 1365 fore.

172 1452 173 1455 Ἴ
205 1403 291 1444 *59
322 1404 402 1458 [Kr.
420 1409 476 1443 59.
494 1406 536 1443 G.
555 1407 622 1443 inc.
647 1403 719 1457 14].
764 1404 988 1456 Hispaniam
1009 1404 1082 1444 sibi
1103 1405 1300 1456 antiquam
1322 1404 1485 1456 patriam
1508 1415 1604 1443 esse.

204 1483 305 1517 Serv.
326 1483 371 1516 ad
388 1484 497 1527 Verg.
515 1483 605 1516 Aen.
631 1485 649 1516 I
666 1483 748 1517 380:
775 1485 900 1516 Patria
923 1485 1007 1516 enim
1034 1485 1057 1516 i.
1083 1494 1113 1515 e.
1138 1485 1254 1516 civitas
1278 1483 1311 1515 in
1331 1484 1510 1526 provincia
1531 1493 1605 1515 esse

88 1533 211 1570 potest,
237 1540 303 1562 non
326 1533 436 1562 tamen
459 1534 496 1561 ut
517 1530 595 1572 ipsa
616 1531 791 1572 provincia
810 1532 931 1572 patria
953 1530 1009 1561 sit.
1060 1530 1158 1561 Licet
1181 1530 1214 1561 in
1237 1528 1397 1561 Sallustio
1422 1531 1538 1561 lectum
1560 1530 1605 1560 sit

90 1574 309 1617 Hispaniam
334 1575 404 1607 sibi
429 1575 614 1617 antiquam
638 1576 795 1618 patriam
821 1585 920 1614 esse,
952 1576 1016 1607 sed
1038 1576 1107 1607 illic
1132 1576 1179 1607 ad
1201 1575 1330 1607 laudem
1351 1575 1512 1617 pertinet,
1538 1585 1604 1606 non

90 1621 137 1652 ad
155 1621 341 1652 veritatem.
381 1620 434 1653 Id.
462 1620 507 1653 ad
522 1621 575 1653 ΙΙΙ
591 1619 676 1652 298:
703 1620 775 1653 Sed
798 1625 855 1652 aut
869 1621 1075 1663 provinciam
1090 1631 1155 1662 pro
1172 1621 1289 1661 patria
1310 1622 1432 1662 posuit,
1459 1621 1494 1651 ut
1519 1619 1604 1651 ‘Ita-

88 1666 165 1696 liam
195 1676 321 1708 quaero
350 1667 530 1708 patriam&
584 1666 671 1698 Item
701 1665 881 1698 Sallustius
909 1665 1126 1708 Hispaniam
1159 1665 1228 1697 sibi
1252 1665 1409 1708 patriam
1435 1675 1526 1697 esse.
1561 1683 1602 1687 —-

88 1710 193 1742 Haec
219 1710 264 1742 ab
291 1711 448 1743 Sertorio
473 1711 573 1743 dieta,
597 1711 724 1750 fuisse,
752 1722 819 1753 quo
843 1711 1087 1753 Hispanorum
1115 1711 1252 1743 animos
1278 1708 1348 1742 sibi
1374 1710 1601 1749 conciliaret,

89 1755 149 1797 qui
174 1759 311 1788 eertum
337 1767 416 1788 esse
442 1756 644 1798 negaverit,
672 1767 793 1788 eorum
817 1756 959 1789 videtur
985 1767 1083 1795 esse,
1117 1756 1175 1798 qui
1206 1756 1276 1787 nisi
1309 1766 1402 1797 quae
1435 1756 1602 1787 manibus

87 1801 190 1843 tangi
220 1801 374 1843 possint,
408 1811 478 1833 nou
504 1800 672 1840 credant3
704 1801 793 1833 illud
817 1801 975 1833 dubitari
1000 1801 1150 1843 poterit,
1186 1812 1253 1843 quo
1285 1801 1364 1833 loco
1397 1811 1442 1833 ea
1472 1801 1602 1832 dixerit

87 1845 278 1884 Sertorius,
304 1857 372 1878 nec
398 1849 520 1878 tamen
544 1846 621 1879 veri
646 1846 819 1878 dissimile
852 1857 897 1879 ea
928 1846 1027 1878 lecta
1051 1846 1182 1885 fuisse,
1216 1846 1277 1878 ubi
1303 1856 1384 1878 eum
1407 1846 1445 1878 in
1468 1846 1601 1888 Hispa-

86 1891 181 1922 niam
208 1892 433 1934 provineiam
459 1891 504 1923 ab
529 1891 705 1923 Marianis
730 1893 875 1924 missum
907 1891 1180 1934 provincialium
1215 1891 1352 1923 animos
1376 1891 1414 1923 in
1439 1891 1601 1923 favorem

86 1937 242 1978 partium
273 1947 418 1969 suarum
441 1937 603 1969 modeste
636 1937 768 1969 tuendo
802 1948 845 1970 ae
876 1937 1095 1969 blandiendo
1121 1936 1333 1979 perduxisse
1360 1934 1494 1980 (verba
1519 1939 1602 1968 sunt

84 1982 170 2014 Exs.
198 1993 230 2015 e.
255 1981 290 2023 9)
315 1985 500 2014 narratum
526 1985 617 2015 erat.
640 2022 642 2025 y
1556 1995 1566 2018 e

187 2061 252 2110 ,60
285 2061 365 2115 [Kr.
386 2066 443 2100 60.
473 2064 511 2100 G.
536 2061 612 2115 87].
669 2061 812 2101 Earum
853 2061 948 2102 aliae
986 2061 1185 2114 paululum
1223 2073 1453 2112 progressae
1481 2061 1599 2100 nimio

85 2129 199 2169 simul
228 2133 265 2169 et
294 2131 443 2170 incerto
474 2142 613 2174 onere,
655 2142 745 2169 cum
783 2142 950 2181 corpora
983 2142 1102 2182 pavor
1132 2130 1366 2180 agitaverat,
1406 2129 1599 2180 deprime-

82 2196 237 2237 bantur.

199 2265 291 2298 Gell.
317 2265 360 2298 N.
386 2265 428 2298 A.
453 2266 487 2298 X
513 2265 573 2306 26,
603 2265 661 2298 10:
694 2265 1091 2308 ProptereaSallustius
1121 2268 1154 2297 in
1185 2266 1300 2307 eodem
1324 2265 1408 2298 libro
1435 2265 1519 2303 [vid.
1545 2265 1598 2297 in-

75 2310 143 2343 ›fra
156 2309 212 2350 65]
239 2322 305 2343 non
328 2321 387 2344 eos
409 2314 522 2348 solum,
551 2313 609 2354 qui
631 2312 768 2344 navibus
791 2312 1009 2349 veherentur,
1041 2313 1105 2344 secl
1127 2315 1160 2343 et
1183 2311 1330 2353 scaphas
1355 2321 1483 2354 quoque
1509 2313 1599 2342 ‘mm-

82 2357 144 2388 tes'
156 2367 360 2399 proqressas
372 2356 464 2389 (licit.
499 2358 533 2390 V
531 2357 614 2389 erbu
630 2359 706 2399 ipsa
718 2359 819 2399 posui
826 2369 837 2389 .·
856 2357 1344 2399 earum—deprimebantur.
1379 2357 1468 2388 Non.
1483 2367 1518 2398 p.
1533 2356 1598 2388 307

85 2405 277 2443 conrupte:
304 2401 398 2433 Alibi
419 2403 461 2434 de
485 2404 604 2443 scalis:
631 2413 752 2435 earum
772 2403 867 2435 aliae
885 2402 1030 2445 paulum
1046 2403 1156 2434 nimio
1173 2412 1388 2444 progressae
1407 2402 1502 2433 inter
1518 2412 1598 2434 cum

83 2446 180 2478 sicco
198 2457 318 2485 onere,
338 2457 417 2479 cum
434 2458 548 2489 pavor
565 2459 715 2490 corpora
734 2448 952 2490 agitaverat,
971 2447 1276 2490 deprimebantur.
1293 2465 1334 2468 —-
1352 2448 1468 2479 Lecta
1486 2447 1598 2478 fuisse

81 2491 175 2524 haec
201 2491 326 2530 verba,
352 2492 414 2525 ubi
439 2503 496 2524 res
523 2493 567 2525 ab
594 2493 686 2525 Plut.
715 2494 807 2525 Sert.
837 2504 867 2525 e.
895 2494 914 2524 7
942 2496 1031 2526 extr.
1066 2493 1230 2535 exposita
1262 2496 1412 2524 narrata
1438 2496 1534 2531 erat,
1561 2492 1598 2524 in

81 2537 271 2580 propatulo
298 2540 363 2569 est.

195 2617 272 2656 *61
312 2617 392 2671 [Kr.
414 2622 470 2656 61.
502 2620 527 2657 G
563 2622 603 2655 81
631 2626 668 2657 et
687 2617 765 2671 82].
821 2618 1006 2658 Traditur
1035 2618 1167 2669 fugam
1205 2618 1244 2656 in
1274 2615 1416 2655 Oceani
1445 2616 1595 2665 longin-

83 2698 159 2737 qua
188 2687 413 2737 agitavisse,
446 2687 556 2726 cuius
585 2686 680 2726 duas
707 2687 876 2732 insulas,
916 2687 1157 2738 propinquas
1185 2686 1285 2724 inter
1322 2696 1362 2723 se
1394 2688 1429 2722 el
1460 2684 1594 2722 decem

82 2753 199 2793 millia
238 2754 403 2808 stadium
442 2754 580 2805 procul
618 2767 638 2794 a
672 2755 845 2795 Gadibus
881 2756 990 2799 sitas,
1031 2752 1233 2792 constabat
1269 2755 1406 2802 suopte
1440 2752 1594 2801 ingenio

82 2822 262 2862 alimenta
290 2821 520 2862 mortalibus
548 2823 722 2874 gignere.

193 2901 294 2934 Serv.
323 2901 368 2934 ad
390 2902 500 2944 Verg.
526 2901 616 2933 Aen.
642 2902 677 2933 II
700 2900 784 2933 640:
818 2903 954 2942 (milace,
982 2900 1165 2940 disponite,
1190 2899 1347 2939 cogitate.
1394 2896 1592 2929 Sallustius.-

81 2946 236 2978 traditur
259 2947 384 2989 fugam
408 2947 446 2978 in
470 2946 613 2979 Oceani
636 2946 833 2988 longinqua
859 2945 1069 2987 agitavisse.
1110 2943 1251 2975 Eadem
1267 2942 1381 2976 verba
1397 2943 1592 2975 memoriae

82 2991 239 3034 prodidit
262 2992 381 3025 Acron
406 2991 452 3024 ad
474 2992 562 3024 Hor.
587 2991 702 3034 Epod.
733 2989 783 3030 16,
809 2990 864 3023 42.
889 3008 934 3012 —
958 2989 1025 3022 His
1050 2989 1182 3029 verbis,
1208 2998 1254 3022 ne
1279 2988 1399 3021 dicam
1423 2988 1591 3022 certissu-
