1826 3282
251 278 304 317 22
660 286 958 313 msTomARVM
989 285 1071 311 Lm.
1100 284 1114 310 1
1142 278 1312 314 62—66.

252 402 365 430 mum,
394 393 431 422 at
455 399 571 431 paene
598 389 734 419 certum
761 389 815 418 est
841 385 1086 418 continuanda
1111 395 1191 417 esse
1217 395 1310 427 quae
1334 377 1424 417 Non:
1451 396 1486 427 p.
1511 383 1577 417 338
1602 395 1645 416 ex
1669 383 1760 416 libro

252 437 313 475 XI,
335 436 397 474 IX,
415 435 464 466 IV
481 433 534 474 (ut
557 432 639 464 libri
663 431 822 472 variant)
848 431 1026 464 servavit:
1045 431 1148 462 cuius
1175 432 1236 468 [sie
1251 431 1329 463 libri
1334 443 1347 467 ;
1371 440 1459 472 quas
1476 429 1524 470 ej.
1542 428 1652 472 Rota]
1671 424 1762 461 duas

252 499 296 503 -—
312 498 356 503 —
381 491 402 511 a
428 478 589 511 Gadibus
614 477 703 509 satis
731 476 834 515 [sitas
858 487 918 509 em.
947 477 1079 514 Carrio]
1107 494 1148 499 ——-
1173 494 1216 497 —
1241 476 1403 518 gignere.

366 556 454 597 *62
485 556 564 609 [Kr.
585 561 640 594 6⁶2.
673 558 711 594 G.
733 555 808 609 83].
865 556 971 595 Serv.
1001 556 1049 595 ad
1084 554 1199 606 Verg.
1235 554 1330 595 Aen.
1353 555 1383 592 V
1407 554 1509 594 735:
1539 551 1784 594 Secundum'

250 625 498 676 philosophos
524 625 701 674 Elysium
724 629 782 663 est
807 626 960 663 insulae
974 624 1227 672 fortunatae,
1256 635 1355 672 quas
1382 625 1441 663 ait
1465 623 1675 683 Sallustius
1697 623 1764 661 in-

253 696 379 734 clutas
401 705 484 732 esse
504 693 667 731 Homeri
687 691 945 731 carminibus.

365 761 537 802 Fortasse
562 770 633 791 non
658 759 830 791 dissensit
854 758 941 791 Sall.
970 758 1015 791 ab
1043 759 1094 790 eis
1143 769 1213 791 uae
1230 758 1325 790 Plut.
1353 758 1498 801 scripsit
1515 758 1607 790 Sert.
1626 757 1648 789 8
1673 759 1762 789 extr.
1812 792 1819 797 ,

253 799 345 839 ὥστε
362 802 470 848 μέχρι
493 804 566 837 τῶν
583 799 785 847 βαρβαρων
809 803 961 847 διῖχθαι
979 802 1105 836 πίστιν
1146 798 1288 847 σχυράν
1305 797 1445 836 αὐτόθι
1463 798 1504 836 τὸ
1518 796 1695 838 Ἠλύσιον
1712 797 1764 836 εἴ·

255 862 318 885 ναι
335 850 471 884 πεδίον
487 847 553 883 καὶ
569 845 639 893 τὴν
655 849 728 882 τῶν
746 843 983 893 εὐδαιμόνων
1001 843 1204 892 ἐνοίκησιν,
1223 841 1272 892 ἣν
1280 842 1444 891 ’Όμηρος
1460 841 1638 892 ὕμνησεν.

351 930 452 970 ἴῆοθ63
485 929 564 983 [Kr.
585 934 640 967 63.
673 931 711 967 G.
734 928 810 982 84].
862 928 1076 980 Maurique,
1111 940 1251 968 vanum
1281 939 1404 978 genus
1432 932 1473 967 ut
1504 927 1575 966 alia
1600 923 1764 972 Africae,

257 997 544 1038 contendebant
574 996 776 1049 antipodas
805 996 903 1035 ultra
933 996 1175 1047 Aethiopiam
1208 995 1313 1035 cultu
1342 995 1551 1035 Persarum
1580 996 1701 1035 iustos
1730 998 1769 1034 et

257 1067 434 1117 egregios
463 1076 593 1116 agere.

367 1134 482 1166 Prisc.
500 1134 584 1165 XIV
600 1144 635 1175 p.
652 1131 720 1165 994
735 1120 774 1163 19.
790 1143 824 1175 p.
841 1130 885 1164 4ss
893 1132 940 1164 H.
962 1132 1062 1164 Ultra
1073 1132 1283 1174 praepositio
1301 1132 1393 1173 apud
1405 1130 1596 1163 Sallustium
1604 1130 1636 1162 in
1646 1130 1767 1172 [ηραν-

256 1181 366 1212 thino:
382 1179 571 1220 Maurique
588 1196 633 1200 —
651 1188 774 1220 agere.
814 1178 905 1210 Non.
923 1189 959 1220 p.
981 1176 1065 1209 282:
1097 1178 1223 1209 Vanum
1239 1181 1289 1208 est
1305 1178 1463 1209 mendam.
1483 1193 1523 1198 -
1541 1175 1719 1208 Sallustius
1734 1176 1770 1208 in

257 1226 442 1267 iugurthae
466 1224 570 1256 bello:
594 1223 713 1255 Mauri
736 1233 869 1255 vanum
894 1233 1018 1266 genus.
1045 1240 1085 1244 —-
1112 1222 1252 1265 Tetigit
1270 1222 1398 1254 eadem
1415 1220 1565 1253 Tertull:
1585 1221 1629 1253 de
1649 1221 1769 1253 anima

257 1282 292 1313 p.
318 1269 384 1303 313
407 1269 492 1311 (vid.
519 1269 591 1300 inc.
618 1267 686 1310 73).
738 1267 1002 1300 Grammaticos
1033 1267 1070 1298 in
1102 1267 1204 1299 titulo
1236 1266 1319 1298 libri
1343 1266 1517 1298 memoria
1540 1266 1662 1308 lapsos
1687 1275 1769 1299 esse

257 1327 361 1348 nemo
385 1314 609 1355 infitiabitur.
659 1314 783 1355 Neque
810 1312 902 1345 alius
926 1313 1028 1345 loeus
1053 1313 1122 1344 fuit
1146 1313 1190 1344 (le
1215 1312 1286 1343 situ
1302 1312 1451 1344 Africae
1477 1311 1621 1343 dicendi
1645 1311 1716 1342 nisi
1732 1311 1771 1343 in

256 1362 370 1404 primo
395 1360 499 1392 libro.
1210 1390 1215 1406 ο

371 1439 455 1480 *64
497 1438 583 1492 [ΚΓ.
612 1409 686 1477 i21.
719 1440 757 1476 G.
787 1441 854 1477 ine.
880 1436 964 1490 87].
1016 1436 1148 1488 Steph.
1182 1437 1271 1488 Byz.
1300 1449 1337 1488 p.
1376 1436 1423 1475 15
1457 1435 1516 1475 ed.
1539 1434 1768 1474 westerm.:

245 1502 418 1559 ''Am-⁶9,
449 1500 575 1553 πόλις
604 1499 787 1558 Λιβύης.
836 1502 882 1544 οἱ
908 1498 955 1544 δὲ
976 1500 1076 1557 περὶ
1098 1497 1383 1543 Σαλούστιον
1407 1495 1462 1542 οὐ
1482 1497 1630 1553 πόλιν,
1661 1494 1773 1542 ἀλλὰ

259 1570 407 1636 τόπον
427 1569 536 1628 φασὶ
566 1569 639 1614 καὶ
667 1565 869 1625 ποταμὸν
900 1566 1026 1612 εἶναι.

373 1655 410 1687 Si
428 1664 520 1697 quae
538 1653 647 1686 venia
673 1652 904 1685 coniectandi
928 1652 1045 1691 (latur,
1073 1662 1154 1683 cum
1170 1652 1246 1690 Kr.‚
1275 1661 1355 1682 eum
1373 1650 1491 1683 locum
1505 1649 1591 1682 Sall.
1610 1649 1647 1682 in
1664 1649 1781 1684 rebus.

262 1702 307 1734 ab
333 1700 491 1733 Sertorio
516 1699 554 1730 in
577 1698 799 1731 Mauritania
825 1698 938 1740 gestis
963 1697 1087 1736 fuisse,
1114 1697 1193 1729 veri
1216 1695 1333 1728 simile
1361 1706 1440 1728 esse
1464 1706 1536 1728 non
1559 1695 1726 1738 negabis.

374 1780 425 1819 65
458 1778 609 1831 [Kr.64.
642 1780 680 1815 G.
703 1777 778 1829 85].
833 1777 968 1828 Itaque
998 1776 1196 1816 Sertorius
1237 1774 1312 1814 levi
1348 1775 1542 1826 praesidio
1570 1774 1706 1814 relicto
1733 1774 1772 1813 in

261 1847 486 1887 Mauritania
518 1850 683 1885 nanetus
708 1845 917 1884 obscuram
947 1843 1102 1883 no‘ctem
1133 1847 1242 1883 aestu
1271 1843 1443 1885 secundo
1483 1842 1618 1882 furtim
1656 1846 1772 1893 atque

263 1916 459 1955 celeritate
484 1916 603 1954 vitare
634 1901 827 1965 proelium
852 1914 890 1952 in
919 1917 1166 1963 transgressu
1199 1914 1360 1950 conatus
1388 1913 1456 1949 est.

375 1994 466 2027 Gell.
492 1994 535 2026 N.
562 1994 603 2025 A.
630 1993 663 2024 X
686 1991 741 2032 ⁶26,
770 1991 805 2023 l:
846 1992 966 2024 Asinio
999 1991 1145 2023 Pollioni
1172 1991 1206 2021 in
1238 1987 1380 2032 'quadam
1408 1990 1570 2031 epistula,
1604 1999 1699 2031 quam
1729 1989 1776 2021 ad

211 2050 215 2054 ’
262 2041 420 2073 Plancum
443 2040 591 2081 scripsit,
617 2042 650 2070 et
675 2038 869 2081 quibusdam
893 2038 981 2077 aliis,
1009 2037 1047 2068 G.
1073 2035 1232 2067 Sallustio
1256 2035 1389 2077 iniquis,
1415 2036 1549 2077 diqnmn
1571 2038 1652 2066 nota
1673 2035 1774 2066 visum

261 2090 320 2124 est,
348 2085 437 2128 quod
459 2087 492 2116 in
515 2086 622 2125 primo
647 2084 860 2115 historiarum
884 2083 986 2113 maris
1002 2082 1177 2112 transitum
1193 2081 1482 2123 transmissumque
1500 2079 1636 2112 navibus
1648 2080 1774 2121 factum

264 2131 529 2172 ‘transgressum'
556 2130 737 2170 appellavit
754 2137 875 2169 eosque
894 2128 950 2169 qui
969 2127 1094 2166 fretum
1111 2126 1380 2163 transmiserant,
1408 2135 1489 2168 quos
1508 2125 1773 2166 ‘transfretasse‘

262 2177 330 2208 diei
351 2178 482 2207 solitum
506 2178 566 2211 est,
595 2172 846 2214 ‘transm-esso&
873 2173 973 2204 dixit.
1027 2171 1143 2203 Verba
1166 2173 1243 2212 ipsa
1266 2171 1407 2203 Sallusti
1426 2171 1559 2212 posuit:
1582 2171 1706 2212 itaque
1732 2188 1774 2194 --

264 2223 414 2253 conatus
440 2221 505 2251 est.
561 2219 651 2250 Non.
678 2229 712 2260 p.
739 2217 822 2249 307:
858 2217 1103 2259 Transgressus
1134 2226 1155 2247 a
1180 2217 1303 2258 pedum
1334 2217 1446 2257 ,qradu
1474 2218 1617 2258 proprie
1641 2216 1773 2254 dicz'tur,

262 2267 325 2298 sed
348 2266 534 2297 auctoritas
558 2264 731 2296 vetustatis
762 2262 951 2294 liberiorem
982 2262 1141 2305 loquendi
1165 2272 1255 2293 usum
1280 2262 1388 2299 dedit,
1420 2265 1456 2293 ut
1479 2261 1658 2294 Sallustius
1681 2261 1773 2293 Hist.

263 2311 317 2343 lib.
343 2311 361 2342 Ι
391 2314 424 2342 et
448 2311 489 2342 de
520 2310 570 2341 his
602 2312 658 2351 qui
680 2311 893 2349 navigassent
917 2311 949 2340 et
974 2309 1015 2339 de
1040 2308 1123 2349 ipsis
1154 2306 1291 2338 navibus
1315 2317 1354 2338 eo
1386 2306 1486 2339 verbo
1517 2307 1567 2338 uti
1592 2308 1709 2344 voluit,
1740 2310 1775 2338 in

265 2356 379 2399 quibus
401 2356 528 2396 yradus
553 2364 618 2386 non
642 2355 704 2385 sit:
729 2355 770 2385 de
788 2353 902 2385 Sertio
923 2352 1127 2391 [Sertorio]:
1154 2355 1284 2384 nactus
1302 2352 1493 2384 obscuram
1510 2354 1654 2383 noctem
1672 2354 1776 2383 aestu

264 2401 422 2433 secundo
447 2397 585 2430 *****.
613 2417 654 2421 -
682 2399 759 2439 Quo
783 2398 878 2430 haee
903 2397 1100 2430 referunda
1117 2397 1200 2437 sint⁷
1229 2408 1270 2429 eo
1287 2398 1403 2429 minus
1420 2397 1566 2428 dubium
1591 2399 1658 2437 est,
1684 2395 1776 2438 quod

266 2447 420 2479 classem
452 2445 693 2477 Romanorum
724 2443 761 2475 in
792 2443 857 2475 illa
888 2443 1036 2486 regione
1070 2442 1183 2474 fuisse
1215 2438 1278 2474 Kr.
1312 2442 1573 2475 demonstravit
1604 2452 1648 2474 ex
1677 2441 1773 2474 Plut.

265 2492 397 2524 Sertor.
425 2502 455 2522 e.
476 2489 529 2522 12.
1590 2488 1598 2496 ’

379 2570 432 2610 66
465 2569 542 2623 [Kr.
562 2574 617 2607 65.
650 2571 688 2607 G.
707 2567 783 2620 86].
826 2567 1117 2618 ‘Transgressos
1148 2567 1272 2606 omnis
1294 2560 1432 2618 recipit
1459 2578 1571 2605 mons
1597 2564 1776 2589 ******

266 2641 497 2691 praeceptus
526 2650 547 2677 a
577 2636 779 2676 Lusitanis.

381 2705 517 2739 Gellius
541 2709 623 2748 post
645 2703 759 2737 verba
785 2703 829 2735 ad
853 2701 897 2735 63
921 2702 1040 2734 relata
1058 2702 1110 2734 sic
1127 2702 1264 2744 pergit:
1291 2702 1410 2733 deinde
1435 2702 1528 2742 infra
1550 2702 1599 2733 ita
1621 2701 1775 2743 scripsit:

266 2754 528 2794 Transgressos
552 2749 666 2782 omnis
698 2749 829 2790 recipit
853 2757 952 2780 mons
982 2750 1200 2789 praeceptus
1233 2757 1255 2778 a
1279 2747 1486 2787 Lusitanis;
1519 2747 1609 2778 Nou.
1637 2749 1774 2778 autem:

267 2799 320 2830 Ao
344 2798 420 2829 inde
446 2798 518 2839 qui:
549 2798 795 2837 transgressos
826 2803 948 2825 omnes
980 2792 1112 2834 recipit
1142 2802 1242 2824 mons
1273 2792 1492 2834 praeceptus
1524 2802 1545 2824 a
1576 2791 1773 2824 Lusitanis.

267 2844 404 2874 Nomen
428 2841 558 2873 montis
584 2840 629 2872 ab
656 2839 825 2872 Sallustio
850 2837 1100 2880 interpositum
1132 2837 1245 2869 fuisse
1278 2847 1321 2868 ex
1351 2836 1451 2869 Serv.
1479 2837 1525 2869 ad
1548 2837 1658 2879 Verg.
1683 2836 1774 2868 Aen.

267 2889 283 2918 I
307 2887 373 2918 518
405 2886 648 2927 eognovimus,
675 2888 730 2917 set
755 2884 860 2926 volgo
885 2883 1018 2916 Belleia
1042 2882 1222 2920 scribit-ur,
1249 2882 1290 2913 L.
1311 2885 1347 2914 et
1368 2881 1487 2914 Guelf.
1505 2882 1540 2913 11
1559 2882 1685 2918 Palem,
1713 2880 1775 2913 alii

268 2933 412 2969 Balleia,
444 2932 570 2969 Taleta,
596 2931 739 2962 Belona.
790 2929 910 2961 Guelf.
935 2929 953 2960 I
975 2926 1184 2960 monst''lera.
1232 2927 1391 2958 Kritzius
1418 2938 1439 2959 a
1460 2926 1624 2959 Casselio
1649 2925 1774 2959 confir-

268 2980 402 3015 matus,
431 2976 522 3018 quod
547 2975 616 3007 Bac
638 2975 763 3017 lingua
788 2974 931 3006 Celtica
957 2971 1391 3015 cacumensignificaret,
1418 2972 1553 3005 Balleia
1576 2981 1700 3004 verum
1723 2971 1774 3004 iu·
