1812 3268
811 233 945 262 lunnx
1551 220 1634 261 379

116 329 198 362 dem
211 333 237 363 t.
253 329 281 363 O
294 329 345 371 18,
355 331 387 364 4.
412 331 466 373 51,
478 331 522 365 39
535 332 627 375 (eod.
642 333 734 376 illo).
759 333 845 375 J60,
860 334 889 367 1.
908 334 1005 373 64,4.
1023 335 1079 375 74,
1094 335 1122 367 1.
1140 335 1176 367 H
1191 334 1245 368 111
1257 334 1302 367 70
1314 334 1457 376 (eodem
1473 342 1635 378 tempore

115 376 277 417 inopiam
297 380 333 408 et
349 377 510 410 laborem
527 378 685 411 tolerare
702 380 726 412 J
741 379 804 420 85,
823 379 892 422 33).
933 379 1033 423 illoq.
1060 381 1179 423 aliisq.
1202 381 1428 423 temporibus
1449 381 1472 414 J
1499 380 1582 420 100,
1600 381 1634 412 5.

114 420 214 453 bello
238 421 556 465 Carthaginiensi,
584 435 653 466 quo
679 428 704 457 t.
722 425 746 457 J
766 425 823 466 14,
843 425 875 458 5.
917 437 962 458 ex
980 436 1022 458 eo
1039 429 1065 458 t.
1085 425 1108 458 J
1128 425 1186 464 11,
1203 424 1236 458 8.
1278 436 1322 458 ex
1345 436 1414 468 quo
1436 429 1462 458 t.
1487 426 1522 458 H
1542 427 1560 458 I
1580 426 1632 458 12.

114 466 253 499 veritus
279 477 323 499 ex
349 467 435 499 anni
458 471 484 501 t.
507 469 532 500 J
554 468 616 509 50,
640 469 668 502 l.
710 481 754 502 ex
776 474 939 512 tempore
960 471 1084 513 parari
1101 471 1124 503 J
1141 470 1202 512 70,
1222 470 1254 503 3.
1295 471 1333 503 in
1349 471 1418 503 tali
1435 474 1461 503 t.
1480 471 1509 504 O
1524 470 1582 512 48,
1599 471 1632 503 5.

112 511 151 543 in
167 514 330 554 tempore
349 515 466 545 semet
484 514 609 546 adfore
627 515 651 546 J
667 513 723 555 56,
741 516 773 547 2.
799 515 835 547 Η
850 516 868 547 Ι
889 515 939 547 18.
966 516 1017 547 IV
1033 515 1073 547 61
1087 541 1095 556 ,
1117 515 1171 548 18.
1211 527 1276 558 pro
1293 520 1458 558 tempore
1473 516 1634 559 benigne

113 557 312 599 respondet
327 558 351 590 J
372 557 422 597 11,
444 557 472 590 l.
512 576 557 581 —
573 577 616 582 —-
633 570 755 602 pauca
772 560 907 593 milites
923 561 1090 593 hortatus
1105 561 1130 593 J
1146 560 1208 599 49,
1227 560 1258 593 6.
1298 578 1345 584 -
1369 578 1407 584 -—
1432 562 1556 604 parati
1580 562 1634 593 in·

113 602 279 644 structiq.
297 603 321 635 J
337 603 393 642 74,
411 602 443 635 3.
483 614 549 646 pro
572 607 598 636 t.
619 608 728 647 atque
752 605 832 638 loco
850 606 990 648 paratis
1007 606 1116 638 rebus
1131 607 1156 637 J
1171 606 1228 646 57,
1245 607 1278 638 2.
1312 617 1384 650 Ρῑο
1400 610 1426 639 t.
1447 610 1521 649 atq.
1538 607 1634 649 peri—

113 647 195 679 culo
221 649 420 680 exercitum
445 653 690 691 conpararent
713 649 742 682 C
764 650 826 691 30,
845 650 877 683 5.
918 650 984 683 illa
1002 661 1108 693 quam
1124 651 1219 684 haec
1236 654 1402 694 tempora
1420 653 1538 694 magis
1554 652 1634 694 pla-

113 695 199 724 cent
218 693 242 724 J
264 691 325 733 31,
345 692 400 725 20.
440 693 580 736 pleraq.
607 698 772 737 tempora
794 696 831 728 in
855 696 1023 728 venando
1049 707 1159 738 agere
1175 696 1199 729 J
1215 695 1254 737 6,
1276 695 1305 728 l.
1345 696 1446 730 locos
1468 700 1635 740 tempora

111 737 266 780 denique
285 741 454 770 naturam
469 757 513 761 —
530 740 673 772 vicerat
689 741 713 773 J
730 740 784 782 76,
807 741 835 773 1.
876 741 958 773 loca
983 744 1057 783 atq.
1082 745 1248 784 tempora
1272 745 1406 774 cuneta
1429 742 1595 785 explorat
1610 742 1635 774 J

110 781 166 821 35,
175 783 206 815 5.
241 793 307 825 per
324 794 369 816 ea
381 786 548 826 tempora
561 784 815 828 (quinquenni)
827 786 900 818 —J
911 786 1004 825 ll‚5.
1040 789 1122 829 post
1134 786 1259 819 Sullae
1275 790 1441 829 tempora
1451 786 1575 826 038,3
1586 789 1633 828 ej.

112 827 249 860 eisdem
272 829 496 871 temporibus
522 830 550 862 C
574 829 636 872 39,
655 830 688 863 6.
720 831 782 872 42,
805 831 832 863 1.
858 830 921 873 49,
945 831 972 864 1.
1012 831 1069 863 his
1093 835 1118 864 t.
1145 832 1172 864 C
1195 831 1256 873 51,
1276 830 1331 864 35.
1374 833 1503 874 quibus
1520 843 1589 876 ego
1606 834 1632 865 t.
1688 835 1690 837 ’

111 874 350 916 magistratus
369 874 523 917 adeptus
541 885 618 907 sum
634 876 659 908 J
674 876 707 915 4,
726 877 759 909 4.
1571 883 1574 884 ’

153 919 256 951 tendo
272 919 426 951 insidias
445 919 472 952 C
489 921 544 960 27,
563 921 594 952 2.
619 921 643 953 J
659 920 714 962 35,
733 922 765 954 5.
790 920 852 959 61,
870 921 902 954 3.
930 921 1012 960 113,
1031 921 1063 953 4.
1105 932 1235 953 manus
1254 922 1300 954 ad
1318 922 1460 954 caelum
1479 922 1506 955 C
1523 922 1579 963 31,
1597 922 1632 956 3.

111 962 309 996 Catilinam
334 968 463 997 contra
488 976 532 997 ac
557 970 658 998 ratus
684 970 764 998 erat
786 977 922 1008 magna
938 968 976 999 vi
993 967 1144 999 tendere
1163 967 1191 998 C
1209 966 1264 1008 60,
1283 967 1316 999 5.
1358 978 1465 1000 cursu
1481 969 1633 1000 tendere

111 1008 156 1040 ad
174 1009 333 1051 Capsam
349 1010 374 1041 J
389 1008 445 1050 91,
463 1010 495 1041 4.
539 1021 608 1053 quo
627 1012 799 1044 cedentes
818 1012 1012 1044 tenderent
1027 1012 1051 1044 J
1067 1011 1122 1052 51,
1137 1013 1171 1044 4.
1210 1012 1389 1045 Marcium
1406 1013 1445 1044 in
1463 1012 1633 1046 Ciliciam

108 1054 258 1086 tendere
276 1055 311 1086 H
328 1055 360 1086 V
382 1054 431 1086 11.
473 1056 651 1088 inconditi
668 1057 819 1089 tendere
838 1057 873 1088 H
889 1058 924 1089 II
941 1056 998 1089 58.
1392 1066 1401 1070 “

151 1100 322 1131 tenebrae.
360 1100 503 1132 incultu
528 1102 690 1134 tenebris
713 1103 822 1135 odore
848 1102 958 1134 foeda
981 1102 1051 1134 loci
1069 1102 1189 1134 facies
1207 1101 1235 1134 C
1251 1102 1314 1143 55,
1332 1103 1366 1134 4.
1409 1113 1453 1135 ex
1470 1103 1633 1136 tenebris

107 1144 240 1177 facilia
258 1145 338 1177 visu
353 1144 377 1177 J
393 1144 448 1186 98,
468 1146 500 1178 7.
543 1157 668 1179 casum
686 1148 723 1179 in
740 1148 907 1180 tenebris
924 1146 1172 1180 difficiliorem
1189 1148 1213 1180 J
1228 1147 1290 1188 97,
1309 1147 1341 1181 3.
1383 1148 1500 1180 clausi
1523 1149 1562 1181 in
1577 1152 1632 1181 te-

107 1190 229 1222 nebris
243 1191 267 1222 J
286 1190 338 1231 14,
359 1190 412 1222 15.

151 1237 261 1267 teneo.
293 1232 488 1268 Lentulum
506 1237 585 1279 ipse
604 1248 712 1269 manu
730 1241 859 1270 tenens
878 1237 906 1270 C
923 1236 980 1277 46,
997 1238 1030 1270 4.
1063 1240 1190 1270 cetera
1206 1237 1289 1270 loca
1305 1238 1485 1271 Numidae
1502 1242 1633 1271 tenent

104 1281 129 1312 J
151 1279 200 1318 19,
219 1281 252 1312 4.
295 1280 441 1313 Cretam
465 1283 583 1313 tenuit
607 1282 641 1313 H
658 1283 730 1315 115
753 1285 839 1315 conl.
854 1282 886 1315 6.
912 1281 966 1314 111
983 1282 1038 1314 39.
1063 1282 1119 1314 51.
1161 1283 1380 1325 Hispaniam
1404 1293 1477 1326 qua
1493 1293 1566 1316 non
1584 1285 1630 1317 ab

107 1325 272 1357 hostibus
291 1330 437 1361 tenetur
452 1327 487 1358 H
504 1327 540 1358 H
556 1326 611 1365 96,
628 1326 661 1359 9.
702 1328 821 1360 tenuit
838 1327 1011 1359 Lucullus
1028 1328 1247 1360 thensauros
1263 1329 1299 1359 H
1315 1328 1365 1360 IV
1380 1328 1436 1360 47.
1469 1332 1631 1362 vostrum

106 1381 257 1412 regnum
276 1372 385 1403 armis
412 1375 514 1404 tenet
529 1372 553 1404 J
569 1372 631 1411 24,
650 1373 682 1404 7.
725 1373 963 1415 magistratus
987 1373 1197 1414 provincias
1221 1373 1331 1416 aliaq.
1358 1373 1480 1406 omnia
1503 1377 1631 1407 tenere

107 1415 134 1448 C
152 1414 215 1457 39,
233 1417 265 1448 2.
307 1427 401 1458 quae
426 1417 497 1448 iste
523 1418 627 1459 quasi
652 1417 698 1449 ab
724 1418 884 1450 externis
907 1422 1014 1460 rapta
1038 1421 1141 1449 tenet
1164 1418 1199 1449 H
1219 1419 1238 1450 I
1253 1418 1315 1458 41,
1334 1418 1367 1450 5.
1409 1419 1559 1461 placere
1577 1421 1633 1452 ait

105 1461 285 1503 suaeuiq.
304 1462 407 1493 reddi
426 1466 462 1493 et
480 1461 605 1494 aliena
621 1465 725 1495 tenet
742 1463 776 1494 H
794 1463 811 1494 I
827 1462 882 1503 48,
905 1463 957 1494 14.
999 1463 1170 1495 obsessus
1187 1466 1317 1495 teneor
1332 1464 1357 1495 J
1373 1463 1429 1504 24,
1446 1463 1479 1497 3.
1513 1465 1631 1507 ipsum

105 1516 185 1538 cum
204 1507 368 1538 exercitu
388 1507 484 1539 fame
503 1510 541 1539 et
558 1507 655 1540 ferro
673 1508 835 1540 clausum
853 1510 999 1540 teneret
1015 1508 1038 1540 J
1055 1507 1111 1548 38,
1129 1507 1162 1540 9.
1203 1509 1241 1540 in
1259 1509 1436 1541 custodiis
1452 1510 1630 1542 teneban-

104 1554 164 1583 tur
180 1551 208 1583 C
225 1551 279 1588 50,
299 1552 331 1583 4.
373 1553 471 1592 inter
487 1555 594 1584 tanta
611 1553 705 1585 vitia
722 1553 898 1585 inbecilla
923 1556 1028 1585 aetas
1053 1553 1253 1586 ambitione
1277 1554 1477 1586 tenebatur
1493 1555 1522 1587 C
1538 1554 1578 1595 3,
1595 1556 1629 1587 4.

103 1597 142 1628 in
155 1597 317 1629 vitandis
330 1597 504 1639 periculis
518 1598 636 1640 magis
651 1609 757 1640 quam
776 1599 812 1629 iu
829 1598 1042 1630 ulciscendo
1059 1599 1260 1640 teneamini
1277 1599 1313 1631 H
1329 1599 1347 1631 Ι
1363 1598 1418 1638 41,
1432 1599 1461 1632 l.
1495 1611 1631 1643 magna

102 1653 160 1674 rne
179 1645 262 1684 spes
279 1642 456 1674 victoriae
477 1645 579 1674 tenet
597 1643 624 1675 C
641 1642 703 1682 58,
726 1642 778 1674 18.
820 1643 891 1674 nisi
918 1653 1023 1685 quem
1047 1643 1241 1675 inhonesta
1264 1662 1305 1667 —
1325 1644 1450 1677 lubido
1467 1648 1571 1678 tenet
1585 1663 1632 1669 —

104 1686 307 1728 ¹{gratificari
330 1687 354 1719 J
377 1686 415 1727 3,
434 1687 466 1718 4.
508 1687 580 1719 nisi
601 1688 756 1719 nondum
782 1698 845 1720 vos
869 1688 1128 1720 dominationis
1154 1697 1276 1720 eorum
1301 1690 1459 1722 satietas
1484 1694 1587 1723 tenet
1607 1692 1632 1724 J

103 1731 160 1771 31,
178 1731 234 1763 20.
275 1743 357 1774 neq.
376 1732 561 1765 lacrumas
578 1735 705 1764 tenere
723 1733 747 1765 J
763 1731 818 1774 82,
837 1733 871 1764 2.

147 1778 268 1809 tenuis.
301 1778 490 1819 ignaviam
507 1778 734 1810 tenuissuma
751 1788 815 1820 spe
835 1778 1032 1810 frustratur
1047 1778 1082 1809 H
1099 1778 1154 1810 III
1171 1778 1227 1819 61,
1247 1778 1300 1811 19.

147 1823 334 1861 Terentina
351 1823 410 1854 Gn.
428 1822 454 1853 C
473 1822 528 1862 47,
546 1823 580 1854 4.

146 1870 290 1909 tergum.
322 1868 368 1899 ab
386 1871 491 1910 tergo
509 1868 772 1900 circumvenire
789 1868 813 1900 J
829 1867 884 1907 50,
902 1867 935 1900 6.
961 1867 1016 1907 56,
1036 1868 1069 1900 4.
1099 1867 1173 1909 101,
1193 1868 1224 1901 3.
1270 1885 1307 1891 —-
1330 1886 1367 1892 —
1387 1879 1452 1903 eos
1469 1871 1630 1903 incurre-

103 1916 186 1945 runt
203 1913 238 1944 H
255 1913 267 1944 i
284 1912 339 1944 64.
384 1932 423 1934 --
442 1931 484 1936 —-
504 1913 700 1945 clamorem
719 1913 865 1956 accepit
881 1913 904 1945 J
920 1912 980 1953 58,
999 1913 1033 1945 4.
1074 1931 1118 1936 —-
1138 1930 1174 1935 —
1195 1914 1301 1957 signa
1320 1925 1455 1947 canere
1472 1917 1496 1948 J
1511 1915 1575 1957 94,
1594 1917 1628 1949 5.

102 1968 212 2001 super
228 1961 334 2000 terga
352 1958 467 1999 gladii
486 1961 522 1990 et
539 1961 645 1990 scuta
662 1958 685 1990 J
703 1957 758 1997 94,
780 1958 808 1990 l.
851 1961 957 1998 terga
978 1975 1014 1980 —
1036 1958 1287 1991 caedebantur
1303 1959 1339 1991 H
1354 1960 1410 1992 111
1425 1961 1480 1993 74.
1514 1964 1571 1993 ter
1599 1963 1630 1994 is

101 2003 317 2036 vinciebant
334 2004 367 2034 H
387 2004 398 2035 i
415 2002 469 2035 48.
499 2014 596 2035 more
617 2004 799 2045 equestris
816 2003 1096 2046 proelisumptis
1114 2005 1228 2047 tergis
1247 2008 1320 2047 atq.
1330 2004 1527 2039 r'edditisH
1544 2007 1557 2038 i
1595 2007 1628 2039 5.

101 2048 146 2081 de
170 2049 248 2080 vita
273 2051 347 2090 atq.
373 2052 476 2091 tergo
501 2049 606 2091 regio
629 2059 728 2080 more
753 2048 944 2080 consulere
969 2049 1005 2080 H
1027 2049 1045 2081 1
1069 2047 1102 2081 9.
1150 2050 1266 2092 tergis
1291 2050 1499 2083 abstinetur
1520 2052 1554 2084 H
1575 2053 1630 2084 III

143 2140 230 2171 tero.
264 2139 425 2170 triennio
445 2139 582 2171 frustra
600 2140 685 2170 trito
704 2139 738 2170 H
757 2140 769 2170 i
785 2138 840 2170 20.

144 2186 248 2215 terra.
279 2183 385 2216 homo
404 2185 561 2216 omnium
582 2194 669 2226 quos
688 2187 712 2215 t.
733 2185 889 2216 sustinet
906 2184 1225 2217 sceleratissumus
1242 2185 1266 2217 J
1289 2185 1340 2226 14,
1357 2186 1388 2218 2.
1423 2196 1517 2228 quae
1535 2190 1560 2219 t.
1581 2188 1627 2220 ab

99 2229 188 2271 ipsis
207 2229 367 2260 ambitur
382 2229 419 2260 H
435 2230 484 2261 IV
500 2229 556 2263 52.
596 2229 694 2261 orbis
712 2233 834 2260 terrae
852 2230 876 2262 J
897 2229 947 2269 17,
967 2229 988 2262 3
1011 2234 1048 2262 at
1064 2241 1095 2262 o.
1114 2233 1292 2262 terrarum
1312 2231 1340 2263 C
1356 2230 1389 2269 8,
1410 2231 1441 2265 3.
1467 2233 1500 2264 Η
1518 2233 1553 2264 11
1569 2233 1625 2265 94.

99 2274 149 2306 IV
165 2273 226 2313 61,
249 2273 300 2306 19.
341 2285 407 2316 per
431 2285 525 2307 cava
550 2277 671 2306 terrae
697 2275 730 2305 H
754 2275 790 2306 11
807 2274 862 2307 43.
903 2275 1096 2317 permixtio
1118 2278 1238 2308 terrae
1255 2277 1279 2308 J
1295 2276 1357 2316 41,
1376 2275 1428 2309 10.
1469 2278 1627 2311 cultores

100 2319 178 2350 eius
195 2322 316 2351 terrae
335 2320 358 2350 J
381 2319 430 2358 17,
442 2319 474 2350 7.
516 2319 688 2360 (sinuum)
707 2330 879 2361 proxuma
895 2323 1016 2352 terrae
1032 2321 1057 2352 J
1074 2319 1171 2359 78,2.
1213 2332 1277 2353 rex
1295 2332 1482 2354 maxumus
1500 2324 1536 2355 in
1554 2324 1626 2356 hac

100 2367 199 2396 terra
215 2364 240 2395 J
261 2363 334 2399 110.
358 2363 384 2395 l.
426 2367 526 2396 terra
543 2362 673 2406 mariq.
693 2363 721 2396 C
742 2364 794 2405 13,
813 2363 834 2396 3
851 2369 936 2397 conl.
955 2365 1016 2406 53,
1034 2366 1066 2398 2.
1092 2366 1127 2397 H
1143 2366 1193 2397 IV
1209 2365 1249 2398 61
1262 2392 1270 2403 ,
1295 2366 1345 2399 13.
1387 2368 1493 2400 caelo
1511 2372 1626 2400 terra-

100 2419 169 2450 que
187 2409 366 2451 pacnuri‘a
386 2419 561 2451 aquarum
578 2410 601 2441 J
622 2409 671 2446 17.
694 2409 726 2442 5.
768 2420 926 2452 aequore
944 2413 982 2442 et
998 2413 1097 2442 terra
1113 2413 1179 2443 vid.
1198 2413 1244 2443 ad
1260 2412 1294 2443 Η
1312 2412 1329 2443 Ι
1342 2411 1398 2452 41,
1416 2413 1447 2444 5.
1492 2417 1627 2445 cuncta

102 2454 217 2485 maria
235 2458 392 2496 terraeq.
412 2455 593 2496 patebant
611 2455 638 2486 C
661 2454 717 2494 10,
739 2454 754 2486 l
781 2457 867 2488 conl.
887 2456 921 2487 H
938 2456 973 2487 II
989 2455 1043 2493 41,
1068 2455 1118 2486 14.
1162 2466 1226 2487 aes
1251 2456 1411 2488 alienum
1430 2468 1496 2499 per
1511 2458 1626 2490 omnis

99 2501 217 2530 terras
235 2499 366 2540 ingens
386 2502 466 2531 erat
484 2499 510 2531 C
533 2499 589 2540 16,
609 2500 641 2531 4.
683 2500 720 2532 in
744 2501 853 2532 terris
877 2511 1007 2532 nomen
1032 2500 1151 2542 inperi
1176 2501 1213 2532 id
1235 2502 1389 2543 primum
1407 2502 1477 2534 fnit
1495 2502 1523 2534 C
1540 2503 1572 2543 2,
1595 2502 1625 2535 l.

98 2544 135 2575 in
155 2544 327 2576 extremis
346 2545 453 2576 terris
469 2545 605 2576 bellum
623 2545 778 2587 gerebat
795 2545 823 2577 C
845 2545 896 2585 16,
915 2545 946 2577 5.

141 2591 266 2621 terreo.
297 2599 342 2621 ne
363 2599 442 2621 eum
461 2589 640 2622 Lentulus
657 2608 697 2612 —
718 2590 817 2632 aliiq.
838 2590 1080 2632 conprehensi
1097 2592 1279 2621 terrerent
1296 2590 1323 2621 C
1341 2589 1397 2630 48,
1414 2591 1448 2622 4.
1482 2596 1626 2625 ceteros

97 2637 195 2666 metu
212 2637 352 2666 terrere
373 2634 400 2666 G
418 2633 472 2673 51,
492 2634 546 2667 30.
589 2635 753 2667 terrebat
771 2645 851 2667 eum
870 2638 1002 2667 natura
1019 2634 1223 2666 mortalium
1243 2635 1353 2667 avida
1371 2636 1491 2678 inperi
1507 2637 1530 2668 J
1546 2636 1579 2674 6,
1591 2637 1623 2670 3.

97 2678 291 2711 multitudo
309 2679 474 2711 terrebat
492 2690 572 2712 eum
593 2680 766 2721 clamore,
786 2681 898 2718 voltu,
918 2680 1057 2722 inpetu,
1078 2679 1162 2710 aliis
1178 2680 1202 2711 J
1218 2679 1275 2717 34,
1298 2679 1327 2711 1.
1361 2691 1454 2722 quae
1472 2683 1624 2723 negotia

98 2723 211 2755 multo
229 2724 347 2766 magis
360 2735 468 2767 quam
486 2725 661 2767 proelium
679 2725 775 2757 male
793 2727 992 2767 pugnatum
1012 2724 1058 2755 ab
1076 2724 1151 2756 suis
1169 2725 1358 2756 terrebant
1373 2726 1396 2757 J
1409 2725 1506 2766 54,7.
1540 2738 1624 2769 neq.

99 2779 143 2800 ea
161 2778 220 2800 res
238 2769 413 2802 Numidas
429 2773 543 2802 terret
559 2771 582 2801 J
599 2770 653 2809 57,
674 2770 705 2802 3.
746 2770 887 2802 hostem
906 2769 1097 2800 tormentis
1114 2769 1356 2811 sagittariisq.
1377 2773 1413 2802 et
1430 2771 1623 2804 funditori-

97 2813 165 2845 bus
183 2813 323 2845 eminus
341 2815 479 2846 terrere
496 2816 519 2847 J
535 2814 597 2855 94,
617 2816 649 2847 3.
692 2817 836 2846 ceteros
854 2814 998 2845 iudiciis
1015 2816 1171 2852 terrere,
1192 2825 1260 2855 quo
1278 2814 1424 2856 plebem
1441 2815 1624 2857 placidius

97 2860 305 2889 tractarent
323 2858 350 2890 O
368 2858 430 2899 39,
448 2859 481 2890 2.
524 2860 671 2891 territos
696 2857 911 2890 confirmare
935 2858 958 2890 J
975 2857 1037 2898 38,
1056 2858 1088 2891 5.
1129 2859 1316 2902 paulisper
1340 2861 1460 2892 territi
1484 2866 1624 2903 pertur-

98 2903 232 2934 bantur
247 2902 271 2934 J
288 2902 342 2943 59,
362 2904 396 2935 2.
436 2905 582 2936 territos
601 2904 713 2935 animi
731 2904 766 2934 Η
783 2904 833 2935 IV
850 2902 905 2936 50.
938 2913 1020 2945 neq.
1039 2903 1076 2935 in
1096 2915 1138 2936 eo
1155 2906 1304 2947 negotio
1321 2905 1459 2938 Marius
1476 2907 1624 2940 territus
