1838 3288
805 239 938 265 mni-:x
1556 225 1634 265 165

104 347 359 380 proxumorum
376 337 461 371 telis
477 337 514 370 H
530 338 565 370 11
581 337 636 370 52.
671 348 738 370 sua
757 341 820 370 aut
837 339 1038 371 amicorum
1057 337 1126 370 fide
1146 337 1174 370 C
1191 338 1247 376 24,
1265 338 1298 370 2.
1339 340 1482 391 tempus
1495 341 1564 371 aut
1580 338 1633 371 lo—

106 393 188 415 cum
204 394 350 426 pugnae
370 393 547 426 quaerere
570 383 595 415 J
617 384 678 420 55.
697 383 728 416 8.
772 384 896 416 iacula
914 385 1105 416 tormentis
1123 387 1186 416 aut
1203 394 1314 416 manu
1332 384 1468 416 emissa
1481 383 1507 416 J
1522 384 1578 425 57,
1597 384 1631 416 6.

105 439 139 460 m
191 429 222 460 is
239 429 455 461 industriam
472 438 580 479 quam
597 429 671 461 vim
689 432 752 460 aut
767 432 910 470 tempus
928 429 1090 461 deesseJ
1100 428 1129 469 1,
1139 429 1171 461 2.
1205 429 1294 461 viris
1311 432 1374 461 aut
1389 429 1474 461 loco
1490 430 1632 462 munita

102 439 198 513 J88,
207 474 239 506 4.
274 474 410 506 vitibus
427 477 490 506 aut
506 473 620 516 virgis
636 474 851 506 vinciebant
865 474 900 506 H
916 474 966 505 IV
982 474 1014 505 8.
1048 475 1171 506 Iovem
1190 478 1255 506 aut
1272 473 1384 506 alium
1401 484 1508 516 quem
1524 475 1631 507 deum

103 518 139 550 H
155 499 208 551 11'1
223 517 280 556 61,
294 517 343 550 15.
375 519 500 561 inopia
517 522 580 551 aut
597 518 672 551 alia
688 519 923 551 necessitudo
942 518 970 549 C
993 519 1042 557 17,
1053 519 1085 551 5.
1120 518 1166 551 ad
1184 519 1252 551 hoc
1275 522 1339 551 aut
1356 519 1457 551 aliud
1473 520 1550 552 tale
1567 530 1632 552 ne-

104 563 240 606 gotium
257 564 281 596 J
297 563 351 600 85,
371 563 423 596 10.
457 564 566 595 binas
585 567 648 596 aut
664 563 819 606 amplius
837 564 960 596 domos
979 563 1006 595 C
1024 563 1079 601 20,
1101 563 1151 596 11.
1185 564 1454 606 quinquaginta
1473 567 1537 597 aut
1555 575 1630 597 am-

102 608 207 650 plius*
222 609 326 641 milia
350 609 385 640 H
408 607 498 640 167.
538 619 606 651 per
622 608 839 651 Allobroges
865 612 926 640 aut
950 619 1016 651 per
1040 608 1152 640 alium
1176 609 1287 641 alium
1311 609 1472 641 indicem
1490 609 1518 641 C
1535 609 1592 650 49,
1616 609 1630 642 1

102 654 169 693 cfr.
189 653 217 685 C
234 653 289 694 20,
309 654 340 685 2.
365 653 421 693 51,
440 653 495 686 27.
530 664 572 686 ex
590 653 780 686 Volturcio
799 658 862 686 aut
880 654 1116 696 Allbrogibus
1142 654 1289 686 audisse
1308 654 1335 686 C
1353 653 1410 694 49,
1428 655 1460 687 4.
1494 655 1630 697 ubique

105 699 201 740 apud
219 699 343 731 socios
369 702 433 731 aut
455 698 572 730 hostis
598 698 625 730 O
649 699 712 738 51,
731 698 786 731 38.
816 700 853 731 in
877 699 1126 741 legationibus
1151 702 1214 731 aut
1235 699 1387 742 inperiis
1403 700 1428 731 J
1443 699 1499 739 40,
1522 666 1630 732 que

102 754 198 786 pace
217 747 281 775 aut
297 743 395 776 bello
410 744 435 776 J
450 742 564 782 40,1.
606 744 653 776 ab
676 748 781 787 tergo
806 747 870 776 aut
890 743 1069 776 lateribus
1091 744 1115 776 J
1139 743 1200 784 50,
1218 743 1250 776 6.
1292 745 1330 776 111
1353 725 1549 777 solitudine
1569 749 1632 778 aut

102 789 192 831 fuga
209 798 311 830 spem
327 779 464 821 habere
481 789 505 820 J
522 789 629 829 55,1.
663 800 774 832 supra
791 789 923 821 bonum
941 792 1004 821 aut
1019 769 1209 821 honestun'1
1227 789 1252 821 J
1267 788 1323 828 82,
1334 789 1362 820 2
1383 790 1492 822 Conm.
1503 801 1541 832 p.
1553 790 1628 822 126.

102 833 230 866 abdita
240 844 263 866 a
279 834 435 866 dominis
445 836 509 866 aut
525 834 623 876 ipsos
639 834 838 867 trahebant
849 835 884 866 H
899 833 1017 873 11167,
1032 834 1082 866 17.
1117 834 1290 866 acerbum
1310 839 1372 866 aut
1387 835 1496 867 nimis
1514 846 1630 877 grave

103 878 131 910 C
147 877 268 919 5l,23.
303 889 349 921 ap
352 879 399 911 ud
415 879 499 911 illos
517 882 602 911 sunt
619 883 683 911 aut
698 880 762 911 ubi
777 879 834 911 illi
850 879 1014 912 voluntC
1032 878 1087 920 20,
1097 878 1129 912 8.
1166 880 1262 921 apud
1278 890 1343 912 vos
1363 882 1426 911 aut
1442 880 1481 911 in
1497 884 1630 913 senatu

99 924 123 955 J
139 922 196 962 85,
213 923 268 955 21.
305 934 439 966 aspera
458 927 521 956 aut
539 924 639 957 fessa
656 924 766 957 bellis
783 925 819 956 H
834 926 870 957 11
886 924 928 956 41
941 950 950 965 ,
972 924 1023 957 14.
1066 925 1227 957 convicti
1244 925 1391 956 iudiciis
1410 928 1472 957 aut
1487 936 1554 968 pro
1571 926 1630 957 fa-

102 969 172 1001 ctis
190 969 365 1001 iudicium
381 970 555 1001 timentes
573 969 601 1001 C
621 969 679 1010 14,
699 969 730 1002 3.
772 971 896 1002 cuncti
921 975 984 1002 aut
1008 980 1144 1012 magna
1167 979 1253 1012 pars
1271 969 1499 1002 Siccensium
1521 970 1577 1012 56,
1595 971 1628 1002 5.

102 1024 196 1055 quae
214 1014 245 1045 si
262 1014 375 1046 dubia
392 1017 456 1046 aut
471 1014 599 1057 procul
616 1018 740 1047 essent
755 1015 780 1047 J
787 1014 842 1055 85,
851 1014 906 1047 48.
941 1015 1106 1047 exterriti
1124 1018 1187 1047 aut
1204 1015 1322 1047 saucii
1340 1016 1629 1048 consternaban-

101 1063 159 1091 tur
175 1059 211 1091 H
227 1059 245 1091 1
260 1058 316 1092 96.
351 1059 451 1092 fesso
470 1063 534 1091 aut
549 1059 752 1092 maioribus
769 1059 948 1092 adstricto
965 1060 990 1091 J
1006 1060 1068 1100 70,
1086 1059 1119 1093 3.
1159 1060 1225 1092 icti
1242 1061 1462 1103 fragmentis
1478 1061 1628 1093 navium

101 1107 165 1135 aut
188 1104 326 1136 adflicti
351 1104 454 1137 alvos
478 1105 656 1137 undarum
679 1106 718 1137 vi
741 1106 777 1136 H
793 1106 847 1137 111
863 1106 918 1138 24.
952 1106 998 1137 ad
1010 1106 1162 1148 ignaros
1181 1109 1244 1137 aut
1260 1106 1378 1137 minus
1395 1105 1511 1138 bonos
1528 1105 1556 1137 C
1573 1106 1628 1143 51,

100 1149 156 1181 27.
187 1149 324 1192 primus
343 1153 406 1181 aut
421 1150 459 1181 in
476 1150 603 1192 primis
621 1150 732 1182 ferire
747 1150 773 1182 J
787 1149 821 1189 6,
834 1149 862 1182 l.
897 1149 1110 1193 singulatim
1129 1154 1191 1181 aut
1206 1161 1271 1192 pro
1288 1150 1540 1192 magnitudine
1557 1151 1629 1183 dis-

100 1204 224 1227 serere
240 1194 265 1226 J
281 1194 336 1235 42,
354 1194 387 1226 5.
427 1195 594 1237 superior
618 1198 680 1227 ant
704 1206 823 1237 aequa
848 1205 959 1227 manu
974 1196 1208 1227 discessisset
1225 1195 1253 1228 C
1270 1194 1326 1235 39,
1344 1196 1377 1227 4.
1411 1196 1516 1238 quasi
1531 1197 1628 1228 vita-

99 1239 213 1271 bundi
231 1243 294 1271 aut
309 1239 492 1272 iacientes
509 1240 587 1272 tela
602 1240 627 1272 J
643 1239 698 1280 60,
717 1242 750 1272 4.
791 1241 914 1272 vivum
940 1243 1004 1271 aut
1019 1243 1198 1272 mortuum
1213 1241 1238 1272 J
1254 1239 1310 1277 61,
1327 1241 1359 1272 4.
1398 1241 1630 1274 voluntarius

101 1287 165 1317 aut
182 1295 227 1316 ex
243 1285 355 1317 sociis
372 1283 400 1316 C
418 1283 473 1326 50,
492 1284 526 1317 2.
561 1295 673 1327 agere
699 1289 763 1317 aut
786 1296 859 1317 non
883 1295 995 1327 agere
1018 1285 1054 1316 H
1071 1285 1124 1317 HI
1139 1283 1201 1325 61,
1222 1284 1274 1317 15.
1309 1285 1429 1317 audiri
1446 1289 1510 1317 aut
1527 1287 1629 1318 cerni

98 1330 122 1362 J
138 1329 194 1368 60,
212 1330 246 1361 4.
281 1330 414 1362 cadere
433 1333 498 1362 ant
514 1331 676 1362 sauciari
691 1331 716 1363 J
731 1329 787 1370 92,
805 1329 838 1363 9.
873 1333 1005 1372 captus
1023 1333 1087 1362 aut
1103 1331 1247 1362 occisus
1263 1330 1360 1362 foret
1375 1330 1399 1362 J
1415 1329 1471 1370 65,
1489 1329 1522 1362 3.
1555 1331 1630 1363 diei

101 1378 165 1407 aut
182 1374 270 1417 fingi
288 1378 426 1417 queunt
440 1375 464 1408 J
479 1375 535 1415 44,
554 1375 586 1407 5.
621 1376 757 1418 oppida
775 1376 902 1407 excisa
921 1379 984 1407 aut
999 1379 1154 1418 recepta
1169 1376 1205 1407 H
1220 1376 1256 1407 11
1272 1374 1327 1415 96,
1345 1374 1378 1407 6.
1413 1376 1630 1418 extinguent

101 1420 221 1452 omnia
240 1423 303 1452 aut
319 1420 491 1452 occident
510 1420 543 1452 H
558 1421 609 1453 IV
624 1419 679 1461 61,
699 1421 754 1453 21.
793 1424 932 1453 temere
950 1421 1091 1452 munita
1109 1423 1173 1452 aut
1190 1421 1269 1453 sine
1286 1420 1472 1463 praesidio
1487 1421 1512 1453 J
1528 1422 1584 1462 54,
1595 1421 1628 1453 6.

99 1465 266 1507 obpressi
283 1468 346 1497 aut
363 1465 498 1508 dilapsi
515 1466 637 1498 forent
653 1467 688 1498 H
705 1466 718 1497 i
734 1463 790 1498 52.
833 1466 1047 1509 obpugnare
1074 1469 1138 1498 aut
1160 1476 1293 1508 parare
1312 1466 1478 1498 omnibus
1494 1466 1588 1499 locis
1604 1467 1628 1498 J

99 1509 155 1550 60,
169 1509 198 1542 l.
233 1521 314 1542 cum
331 1511 427 1543 ratio
443 1510 634 1543 reddunda
650 1514 714 1543 aut
730 1511 958 1543 moriundum
975 1511 1068 1543 sitH
1082 1511 1119 1543 H
1134 1510 1258 1552 41,11.
1292 1511 1402 1553 signa
1418 1511 1627 1554 relinquere

101 1536 165 1587 au’t
180 1555 277 1598 pulsi
294 1555 377 1588 loco
394 1556 527 1588 cedere
546 1558 627 1588 ausi
645 1556 673 1588 C
690 1555 723 1597 9,
733 1557 766 1588 4.
800 1556 1034 1589 serviundum
1052 1559 1116 1588 aut
1131 1556 1416 1598 inperitandum,
1435 1556 1628 1589 habendus

98 1604 217 1633 metus
242 1604 300 1633 est
323 1604 386 1633 aut
409 1601 607 1634 faciundas
629 1602 666 1633 H
688 1602 707 1633 I
728 1601 858 1641 41,15.
898 1601 1058 1634 venditis
1080 1601 1187 1634 bonis
1205 1604 1268 1633 aut
1285 1601 1470 1644 dilargitis
1486 1602 1522 1633 H
1538 1603 1556 1634 I
1572 1601 1627 1634 31.

98 1646 244 1678 visundi
268 1649 332 1678 aut
355 1646 539 1688 spoliandi
563 1647 684 1689 gratia
709 1646 737 1678 C
761 1627 818 1687 61,
837 1645 871 1679 8.
911 1657 1047 1688 magna
1071 1657 1158 1689 pars
1182 1646 1367 1678 volnerati
1393 1650 1456 1678 aut
1473 1647 1589 1679 occisi
1604 1648 1628 1679 J

99 1689 154 1731 58,
173 1691 269 1723 2.—-
223 1703 271 1708 -
286 1701 332 1723 ex
347 1690 502 1723 licentia
519 1695 583 1723 aut
599 1692 682 1724 odio
700 1694 765 1724 aut
782 1692 941 1724 avaritia
957 1692 992 1723 H
1007 1692 1062 1723 III
1076 1691 1132 1732 61,
1148 1691 1198 1723 12.
1233 1692 1344 1723 armis
1362 1695 1426 1723 aut
1442 1692 1627 1724 deditione

100 1739 164 1768 aut
182 1736 308 1778 quovis
325 1736 432 1768 modo
447 1736 472 1768 J
488 1735 542 1775 36,
566 1736 596 1768 l.
638 1737 803 1768 tribunus
827 1739 890 1768 aut
914 1737 1128 1779 praefectus
1153 1740 1216 1769 aut
1231 1736 1379 1779 legatus
1397 1740 1462 1768 aut
1477 1741 1629 1779 praetor

98 1781 135 1812 in
154 1782 319 1813 exercitu
337 1782 458 1813 fuerat
476 1780 504 1813 C
522 1780 577 1821 59,
597 1780 630 1813 6.
665 1782 868 1814 certamine
885 1781 1071 1814 libertatis
1090 1785 1153 1813 aut
1167 1781 1310 1824 gloriae
1329 1784 1393 1813 aut
1409 1781 1626 1814 dominatio-

97 1826 154 1858 nis
170 1827 206 1858 H
220 1827 239 1858 I
256 1826 288 1858 7.
313 1827 367 1858 111
383 1825 438 1865 61,
450 1827 482 1858 5.
501 1837 546 1853 Σ
560 1837 690 1859 manus
707 1829 818 1869 atque
834 1826 963 1870 lingua
975 1827 1136 1869 periurio
1154 1829 1219 1858 aut
1234 1826 1413 1868 sanguine
1431 1827 1534 1859 civili
1551 1827 1627 1859 ale—

96 1871 162 1903 bat
185 1871 212 1903 C
239 1870 299 1912 14,
319 1871 350 1903 3.
390 1872 446 1903 uti
470 1871 645 1914 cuiusque
669 1872 858 1914 ingenium
885 1874 982 1912 erat,
1007 1872 1062 1903 ita
1085 1882 1162 1911 rem
1186 1871 1337 1904 facilem
1356 1874 1420 1903 aut
1436 1871 1627 1904 difficilem

96 1916 315 1948 nuntiavere
330 1917 354 1949 J
370 1915 426 1956 93,
439 1917 469 1948 7.
494 1927 622 1959 sparos
640 1920 704 1949 aut
719 1916 886 1959 lanceas,
905 1917 970 1948 alii
986 1917 1087 1949 sudis
1102 1915 1404 1958 portabantC56,
1413 1916 1445 1948 3.
1478 1927 1627 1949 monere

99 1961 174 2002 alii,
195 1961 260 1994 alii
276 1961 427 2002 hortari,
448 1965 511 1994 aut
528 1961 739 2005 significare
757 1972 868 1994 manu
886 1965 949 1994 aut
965 1962 1034 1993 niti
1052 1962 1266 2004 corporibus
1281 1961 1306 1994 J
1322 1960 1378 2001 60,
1395 1961 1428 1994 4.
1462 1961 1508 1994 ob
1527 1963 1626 1994 calo-

98 2017 173 2039 rem
191 2009 255 2039 aut
273 2007 523 2049 asperitatem,
543 2007 632 2039 item
649 2007 867 2040 solitudines
882 2007 907 2039 J
925 2007 979 2048 17,
998 2007 1030 2039 2.
1047 2020 1092 2034 =
1114 2017 1188 2039 non
1204 2006 1308 2039 locus
1324 2005 1420 2038 ullus
1439 2016 1549 2049 asper
1565 2010 1629 2039 aut

98 2052 232 2083 arduus
251 2051 278 2083 C
297 2052 335 2092 7,
356 2052 388 2084 5.
412 2052 448 2083 H
465 2053 501 2084 Π
516 2052 557 2084 41
569 2078 577 2089 ,
602 2052 641 2083 12
659 2053 720 2093 (ob
737 2052 859 2084 scelus
877 2055 941 2084 aut
959 2051 1181 2093 avaritiam).
1215 2062 1289 2084 non
1305 2069 1347 2074 —
1366 2055 1431 2083 aut
1446 2069 1490 2074 —
1506 2063 1627 2094 neque

95 2115 140 2119 —-
156 2107 274 2139 neque
293 2097 321 2129 C
343 2097 394 2135 13.
414 2097 445 2129 3.
485 2107 604 2139 neque
630 2108 717 2130 vero
743 2108 871 2140 agrum
896 2097 1049 2130 colendo
1075 2101 1136 2129 aut
1161 2097 1330 2129 venando
1357 2096 1384 2128 O
1402 2097 1442 2137 4,
1465 2096 1493 2129 l.
1519 2096 1574 2137 20,
1594 2097 1626 2129 2.

96 2140 151 2182 26,
171 2141 204 2173 2.
227 2141 283 2179 28,
304 2142 335 2174 l.
361 2141 416 2181 51,
436 2141 487 2175 16.
513 2143 567 2182 52,
591 2142 642 2175 10.
667 2142 722 2183 61,
742 2143 774 2175 7.
798 2143 823 2174 J
843 2142 896 2181 18,
918 2142 969 2174 12.
994 2141 1050 2182 31,
1073 2141 1124 2174 10.
1151 2141 1206 2182 50,
1218 2142 1250 2173 4.
1277 2141 1375 2181 61,3.
1402 2142 1501 2181 72,-2.
1529 2141 1626 2182 76‚1.

97 2186 151 2226 85,
171 2185 226 2220 29.
245 2187 301 2219 47.
327 2186 382 2227 96,
403 2187 434 2220 3.
459 2186 515 2227 98,
535 2187 568 2220 1.
593 2187 648 2227 99,
669 2188 699 2220 7.
730 2187 804 2228 100,
827 2188 855 2219 1.
882 2188 918 2219 H
935 2188 952 2220 Ι
967 2186 1022 2220 95.
1040 2186 1095 2220 97.
1122 2188 1174 2219 111
1191 2186 1245 2227 61,
1265 2187 1319 2219 24.
1345 2186 1466 2227 67,17.
1507 2198 1627 2230 neque

97 2250 134 2255 —
159 2242 277 2274 neque
301 2251 339 2254 —
358 2236 421 2264 aut
436 2232 461 2265 J
481 2231 534 2271 18,
554 2233 586 2265 2.
612 2233 666 2272 72,
686 2234 718 2265 2.
744 2233 799 2274 74,
823 2233 850 2265 1.
884 2233 920 2264 H
937 2233 954 2264 I
970 2231 1026 2264 88.
1066 2232 1170 2264 nulla
1187 2233 1400 2264 munitionis
1420 2235 1484 2264 aut
1500 2233 1626 2275 requie

96 2287 198 2309 mora
215 2277 249 2308 H
265 2278 283 2309 Ι
299 2276 354 2310 97.
373 2278 427 2310 74.
467 2277 558 2309 nihil
583 2279 702 2310 minus
727 2288 834 2320 quam
857 2279 931 2310 vim
950 2280 1014 2310 aut
1030 2277 1166 2310 bellum
1185 2280 1442 2320 expectantem
1458 2278 1483 2310 J
1502 2277 1556 2318 14,
1575 2278 1627 2309 11.

95 2322 167 2354 nisi
184 2323 343 2364 speratis
360 2322 526 2355 taedium
551 2326 616 2356 aut
637 2323 811 2366 pudorem
837 2333 919 2355 esse
938 2324 973 2354 H
989 2323 1007 2355 I
1023 2322 1078 2362 41,
1098 2323 1131 2354 7.
1163 2333 1209 2355 ne
1226 2326 1483 2365 torpescerent
1499 2333 1628 2355 manus

97 2370 160 2399 aut
179 2367 320 2400 animus
338 2367 365 2399 C
387 2366 438 2407 16,
449 2366 482 2401 3.
507 2368 532 2400 J
547 2367 580 2408 6,
591 2367 623 2400 3.
648 2368 703 2407 45,
714 2369 746 2401 2.
771 2367 826 2408 49,
838 2369 869 2401 2.
895 2369 931 2400 H
946 2369 964 2400 I
976 2367 1031 2408 41,
1047 2368 1075 2399 1.
1092 2382 1140 2396 =
1157 2368 1243 2410 quid
1260 2371 1325 2399 aut
1343 2378 1415 2410 qua
1432 2368 1476 2400 de
1495 2378 1628 2400 caussa

96 2412 227 2444 consili
244 2412 437 2444 habuisset
460 2412 487 2444 C
511 2413 573 2453 47,
597 2413 625 2445 1.
666 2413 728 2445 ubi
746 2414 909 2456 gentium
927 2418 991 2445 aut
1016 2413 1101 2455 quid
1120 2413 1282 2456 agitaret
1297 2413 1322 2445 J
1338 2413 1392 2452 54,
1413 2413 1444 2445 2.
1468 2413 1548 2454 ‘qui
1563 2413 1627 2445 ha-

95 2457 264 2497 buerint,
291 2458 425 2500 quique
450 2462 580 2500 postea
604 2458 835 2491 adcesserint
861 2462 924 2491 aut
947 2469 1018 2501 qno
1034 2458 1141 2490 modo
1158 2458 1254 2490 inter
1270 2468 1310 2490 se
1328 2458 1500 2500 permixti
1517 2458 1589 2489 sint
1605 2458 1628 2489 J

99 2501 150 2543 17,
171 2502 203 2534 7.
238 2503 318 2544 quis
336 2502 391 2534 illi
408 2502 517 2535 finem
535 2505 674 2535 statuet
697 2507 760 2536 aut
784 2503 864 2546 quis
881 2503 1130 2536 moderabitur
1155 2502 1184 2535 C
1200 2502 1255 2542 51,
1276 2501 1331 2535 36.
1365 2503 1456 2542 Quis
1475 2503 1629 2534 amicior

95 2564 143 2570 —
158 2551 223 2579 aut
240 2558 347 2589 quem
363 2565 408 2571 —-
424 2548 592 2581 invenies
607 2549 632 2580 J
650 2548 702 2588 10,
715 2548 753 2581 5.
779 2549 835 2588 24,
845 2549 877 2580 7.
910 2549 968 2581 An
985 2558 1166 2591 quoquam
1183 2565 1226 2570 —
1245 2550 1309 2580 aut
1323 2548 1514 2589 quisquam
1529 2547 1554 2578 J
1573 2547 1625 2586 14,

100 2591 151 2625 17.
181 2593 262 2645 quis
286 2593 374 2624 mihi
398 2593 482 2625 vivo
507 2594 694 2626 cruciatus
710 2594 803 2626 satis
827 2597 891 2626 aut
915 2596 1010 2636 quae
1034 2604 1156 2636 poena
1173 2596 1314 2624 mortuo
1331 2593 1366 2623 H
1382 2592 1419 2623 11
1435 2591 1491 2632 41,
1513 2590 1565 2623 13.
1582 2603 1629 2619 =

97 2638 250 2679 quasi—
263 2642 405 2670 tantum
422 2638 528 2671 modo
545 2649 618 2671 non
634 2649 700 2681 per
712 2642 829 2671 totam
845 2638 994 2671 Italiam
1009 2639 1083 2671 sint
1096 2641 1160 2670 aut
1173 2648 1246 2669 non
1263 2637 1315 2668 ibi
1332 2636 1414 2678 plus
1430 2636 1546 2678 possit
1564 2646 1628 2668 au-

97 2682 207 2715 dacia
224 2682 252 2715 C
270 2683 326 2722 52,
349 2682 464 2715 15.--
416 2695 464 2701 —
480 2687 544 2716 aut
560 2701 602 2706 ——
622 2688 685 2716 aut
703 2684 730 2716 C
748 2683 804 2724 33,
823 2684 855 2716 2.
882 2683 936 2724 39,
955 2683 987 2716 6.
1013 2683 1069 2723 51,
1092 2682 1145 2714 18.
1171 2682 1226 2717 52,
1247 2680 1300 2712 14.
1325 2680 1381 2718 61,
1399 2681 1431 2712 7.
1455 2681 1481 2712 J
1499 2680 1551 2720 14,
1575 2680 1627 2713 15.

99 2726 494 2768 16,—21.21‚1.23‚1.
520 2728 576 2769 25,
594 2727 627 2761 9.
653 2728 708 2768 31,
727 2729 782 2761 22.
808 2728 864 2769 37,
883 2728 914 2761 3.
934 2729 966 2761 4.
992 2727 1047 2768 49,
1067 2727 1099 2760 3.
1130 2726 1186 2765 81,
1205 2726 1236 2757 3.
1263 2724 1317 2765 84,
1337 2725 1368 2757 3.
1394 2724 1448 2765 88,
1467 2726 1500 2757 4.
1524 2706 1626 2766 9’2,.2

95 2771 152 2813 97,
171 2773 204 2805 2.
221 2773 254 2805 4.
271 2773 304 2806 5.
332 2772 407 2810 102,
425 2773 457 2806 3.
485 2773 561 2814 103,
580 2774 614 2808 7
643 2754 768 2814 1091.
802 2754 977 2812 Η1Π61,
996 2773 1052 2804 22.
1077 2770 1198 2804 IV20.
1216 2769 1273 2802 40.

143 2819 264 2849 autem.
300 2819 544 2860 Vid..pConm
548 2818 648 2851 .lll.
675 2818 816 2859 (3195
842 2818 946 2858 432
972 2816 1076 2856 462
1102 2814 1494 2855 4935025123
1518 2814 1627 2857 52,3.

97 2830 1270 2905 61,3.8.J3310‚5..814‚.1118,931‚2’0.48‚4.,90
1299 2859 1328 2892 1.
1354 2859 1627 2902 H18.48,17.
