1838 3288
227 224 306 266 208
919 235 1051 263 [anax

228 337 419 369 anteibant
436 335 470 366 H
486 335 503 366 I
519 333 579 374 48,
601 331 652 365 13.
694 333 814 366 odisse
841 335 893 366 ait
917 337 952 366 et
974 335 1015 367 ob
1038 336 1073 367 id
1096 336 1233 368 retinet
1249 336 1285 368 H
1302 336 1319 368 I
1335 335 1391 378 48,
1413 335 1464 369 18.
1506 337 1590 370 Scio
1609 337 1677 371 tibi
1692 354 1737 363 —-—
1769 342 1775 347 '

229 393 308 414 esse
333 383 367 412 et
390 389 430 412 ea
453 388 491 410 re
513 397 557 402 —
579 379 717 420 peteris
740 380 775 411 H
798 379 849 411 IV
872 379 933 421 61,
955 379 1006 413 16.
1047 381 1168 413 omnia
1194 392 1321 414 curare
1345 384 1380 414 et
1403 391 1444 414 oa
1460 387 1572 425 a'gere
1587 383 1611 415 J
1627 382 1682 425 85,
1700 383 1735 416 3.

227 427 374 458 turbata
392 425 512 457 omnia
529 427 613 456 sunt
630 425 664 455 et
680 425 722 455 ab
738 425 788 456 eis
804 425 840 456 H
853 424 934 466 148,
947 424 976 458 1.
1010 430 1177 458 senatum
1196 427 1412 459 consulebat
1427 429 1463 459 et
1477 429 1589 461 tunm
1602 428 1738 460 iuterim

226 473 248 503 J
266 470 318 510 39,
339 471 369 502 2.
395 470 430 501 H
446 470 498 501 111
515 468 570 510 67,
589 468 620 502 3.
662 472 698 501 et
715 469 787 501 iam
806 470 879 502 diei
897 481 1028 513 vesper
1046 476 1126 504 erat
1140 473 1164 504 J
1181 472 1235 512 52,
1255 471 1287 505 3.
1328 473 1375 504 Et
1392 483 1481 505 sane
1499 473 1678 506 Gracchis
1697 491 1736 496 ——
1785 501 1788 504 .

225 517 248 548 J
265 516 318 555 42,
339 516 370 547 2.
398 514 473 555 100,
493 513 524 546 5.
566 515 614 546 Et
630 515 744 556 primo
761 515 784 547 J
801 514 856 556 53,
877 515 905 547 1.
946 517 996 548 Et
1012 517 1148 550 Romae
1166 518 1190 549 J
1206 517 1262 559 62,
1283 516 1334 549 10.
1367 519 1416 550 Et
1432 518 1523 550 illud
1541 535 1579 540 —
1596 519 1621 551 J
1636 517 1692 559 85,
1702 518 1734 551 5.

226 562 274 592 Et
290 560 456 602 profecto
472 560 496 592 J
511 559 572 598 85,
591 558 645 591 23.
663 559 717 592 48.
759 561 807 592 Et
831 571 965 602 quaeso
990 562 1024 594 H
1040 563 1058 594 I
1073 562 1134 602 48,
1158 562 1208 595 13.
1248 563 1297 595 Et
1314 563 1406 596 forte
1422 563 1446 595 J
1461 562 1518 605 93,
1536 564 1568 596 4.
1589 592 1593 595 ,
1609 564 1657 596 Et
1674 563 1739 595 alii

226 607 260 637 H
280 606 331 638 111
349 604 403 646 67,
422 605 474 637 15.
507 606 556 636 Et
574 609 647 637 tum
664 606 700 637 H
716 606 772 637 III
788 605 843 646 67,
861 606 912 638 10.
937 607 1003 648 cfr.
1021 608 1055 639 H
1073 609 1090 639 I
1106 607 1159 640 26.
1178 607 1232 641 33.
1251 607 1305 640 56.
1324 607 1378 640 68.
1396 607 1450 641 70.
1469 608 1522 641 75.
1541 607 1595 642 83.
1629 609 1664 641 Π
1680 607 1736 641 84.

225 650 280 682 88.
314 651 366 682 ΙΙΙ
383 651 415 682 5.
434 650 488 683 23.
507 649 561 683 56.
580 649 633 682 70.
666 651 717 683 IV
733 650 788 682 51.
821 652 831 683 i
857 650 888 684 3.
911 651 962 684 11.
997 656 1121 685 castra
1140 656 1251 696 capta
1269 657 1306 685 et
1322 653 1497 696 proelium
1515 657 1552 686 et
1569 654 1639 687 dux
1657 664 1737 687 cum

225 696 314 728 urbe
333 696 447 728 deleti
464 696 499 727 H
515 696 553 727 II
568 694 623 737 96,
643 694 664 727 6
680 698 765 729 conl.
782 696 807 728 J
826 695 876 738 18,
896 697 917 728 4
933 698 979 738 ej.
999 696 1054 738 76,
1071 697 1103 730 6.
1130 699 1166 730 Η
1181 699 1234 730 lII
1253 698 1281 731 1.
1306 699 1356 731 IV
1373 698 1427 737 61,
1445 698 1499 732 20.
1523 699 1536 730 i
1553 699 1608 731 72.
1642 700 1737 732 Len-

226 741 322 773 tulus
341 745 378 773 et
396 741 580 783 Cethegus
598 741 733 783 aliique
752 741 778 773 C
797 741 860 783 48,
881 741 896 773 1
916 746 1001 775 conl.
1018 743 1042 775 J
1058 743 1097 784 5,
1120 743 1150 775 1.
1175 742 1209 785 9,
1227 744 1259 777 4,
1284 742 1340 784 84,
1359 744 1389 776 2.
1416 744 1451 776 Η
1467 745 1484 776 Ι
1499 743 1555 777 43.
1581 745 1616 776 Π
1632 743 1686 785 96,
1708 744 1737 777 1.

225 787 464 829 magistratus
483 790 519 818 et
536 787 690 829 inperia,
708 790 889 829 postremo
907 788 1023 820 omnis
1041 798 1128 821 cura
1143 789 1167 821 J
1184 788 1222 829 3,
1245 789 1274 821 1.
1316 790 1525 823 sacerdotia
1549 793 1586 822 et
1608 800 1738 823 consu-

226 832 338 870 latus,
362 842 447 874 pars
472 831 671 874 triumphos
695 842 779 865 suos
803 836 1033 866 ostentantes
1055 834 1079 866 J
1102 833 1163 875 31,
1184 833 1236 866 10.
1276 838 1449 876 praetura
1473 838 1511 867 et
1528 835 1738 867 consulatus

226 881 334 920 atque
353 877 428 909 alia
444 877 594 909 huiusce
612 878 708 910 modi
725 878 844 910 omnia
866 878 890 910 J
913 879 952 919 4,
970 877 992 910 8
1016 881 1100 911 conl.
1127 878 1188 919 41,
1209 878 1238 910 1.
1265 878 1326 920 89,
1344 880 1377 911 4.
1418 880 1536 912 vineis
1558 880 1735 913 turribus-

225 933 293 965 que
313 926 350 955 et
366 922 545 955 machinis
563 923 721 955 omnium
738 934 913 966 generum
928 924 952 956 J
969 923 1030 963 21,
1049 923 1070 957 3
1094 926 1179 957 conl.
1199 923 1260 964 34,
1279 925 1311 956 2.
1342 924 1370 965 l,
1389 925 1421 957 4.
1446 924 1502 966 62,
1523 924 1553 957 1.
1571 924 1604 958 8.
1629 923 1685 967 66,
1704 923 1735 958 3.

223 968 278 1009 71,
299 968 330 1001 3.
357 967 411 1008 78,
430 967 461 1000 3.
487 967 542 1008 80,
563 968 593 1000 1.
619 967 674 1009 81,
692 968 724 1000 2.
750 967 806 1010 94,
824 968 856 1002 3.
882 969 917 1001 Η
933 970 968 1001 ΙΙ
986 969 1041 1009 41,
1059 968 1091 1002 3.
1110 968 1142 1001 8.
1169 968 1224 1009 96,
1248 969 1276 1002 1.
1309 971 1363 1002 III
1378 969 1433 1011 67,
1455 969 1472 1002 1
1491 968 1544 1011 (et
1561 969 1663 1012 alia).
1685 969 1737 1004 10.

224 1014 356 1046 itinere
380 1016 488 1056 atque
513 1024 622 1056 opere
648 1017 849 1046 castrorum
876 1018 911 1046 et
934 1014 1072 1057 proelio
1095 1015 1119 1047 J
1142 1014 1203 1056 52,
1223 1015 1255 1047 5.
1282 1014 1341 1056 76,
1360 1013 1382 1047 6
1407 1014 1458 1057 (et
1474 1014 1576 1058 alia).
1602 1014 1664 1057 85,
1682 1013 1736 1048 10.

224 1061 258 1091 Η
274 1060 291 1091 Ι
308 1059 363 1099 41,
383 1058 414 1094 3.
439 1058 500 1100 48,
523 1058 577 1093 19.
599 1060 653 1091 ΙΙΙ
668 1058 710 1091 67
721 1084 729 1100 ,
751 1058 803 1093 10.
823 1059 875 1092 11.
919 1063 1099 1092 extorrem
1115 1061 1237 1103 patria
1254 1060 1376 1101 domo,
1395 1061 1542 1103 inopem
1559 1063 1596 1092 et
1613 1067 1736 1103 coper-

222 1109 298 1137 tum
316 1105 473 1137 miseriis
489 1105 513 1137 J
533 1104 584 1145 14,
606 1104 657 1136 11.
683 1104 737 1146 41,
755 1103 787 1137 9.
814 1104 867 1146 59,
888 1104 919 1138 3.
946 1104 1000 1146 76,
1018 1106 1050 1137 2.
1077 1104 1132 1147 85,
1147 1105 1188 1138 41
1208 1105 1260 1148 (et
1277 1106 1351 1138 alia
1369 1105 1487 1147 talia).
1513 1104 1568 1148 89,
1586 1106 1609 1137 4
1625 1105 1677 1147 (et
1692 1106 1737 1138 ob

224 1150 294 1192 ea).
320 1150 375 1192 92,
394 1151 426 1182 7.
452 1149 506 1190 95,
527 1149 560 1182 3.
586 1150 622 1182 H
638 1151 654 1181 I
674 1149 714 1182 10
733 1150 784 1191 (et
802 1151 847 1182 ad
865 1150 1114 1193 postremum).
1146 1151 1200 1183 111
1216 1149 1258 1183 61
1272 1177 1280 1193 ,
1301 1150 1353 1182 18.
1379 1152 1429 1183 IV
1446 1149 1502 1184 38.
1527 1150 1590 1192 61,
1612 1150 1663 1184 11.
1685 1149 1736 1183 16.

223 1197 333 1228 colite
359 1199 395 1228 et
419 1196 614 1228 observate
638 1195 870 1238 talem‚hune
893 1197 1028 1237 virum,
1054 1197 1250 1229 imitamini
1274 1197 1445 1229 virtutem
1463 1199 1499 1229 et
1516 1196 1699 1229 enitimini
1714 1195 1738 1228 J

225 1241 277 1283 10,
295 1241 327 1273 8.
369 1241 489 1284 leges,
518 1241 693 1273 maiestas
717 1244 859 1283 vostra,
885 1242 1010 1275 divina
1034 1245 1070 1274 et
1094 1242 1252 1274 humana
1269 1242 1391 1274 omnia
1406 1242 1430 1274 J
1447 1241 1508 1283 31,
1525 1241 1547 1274 9
1570 1244 1656 1275 cont.
1680 1240 1736 1274 20.

221 1287 334 1319 multo
352 1286 478 1319 labore
496 1286 680 1328 multaque
700 1297 800 1327 cura,
819 1290 1063 1329 praeterea—
1081 1288 1243 1330 parendo
1261 1290 1298 1319 et
1315 1298 1426 1329 saepe
1444 1305 1487 1309 —
1505 1287 1737 1328 eundoJ7‚4.

222 1333 316 1365 socii
332 1342 534 1374 nomenque
551 1332 705 1364 latinum
723 1335 759 1364 et
775 1343 881 1375 reges
902 1350 938 1355 —
958 1336 1140 1375 postremo
1158 1333 1273 1365 omnis
1291 1333 1423 1366 civitas
1438 1331 1525 1372 J43,
1535 1332 1568 1364 4.
1602 1332 1738 1365 discor-

214 1378 285 1410 dia
310 1381 347 1410 et
369 1378 527 1410 avaritia
553 1380 625 1419 atq.
646 1378 795 1410 ambitio
821 1381 856 1410 et
874 1381 1000 1410 cetera
1016 1378 1113 1410 mala
1130 1379 1164 1409 H
1181 1379 1198 1410 Ι
1214 1377 1246 1410 9.
1288 1378 1461 1411 virtutem
1485 1378 1676 1410 ostendere
1702 1381 1738 1410 et

224 1434 285 1456 eos
304 1423 472 1463 caedere,
485 1423 638 1455 fundere
657 1426 766 1465 atque
785 1423 946 1465 fugareJ
958 1422 1011 1464 58,
1024 1423 1055 1456 3.
1087 1423 1173 1455 boni
1188 1422 1359 1466 malique,
1378 1423 1520 1455 strenui
1534 1426 1570 1456 et
1583 1422 1738 1456 inbelles

219 1469 244 1501 J
260 1467 314 1509 67,
333 1469 367 1501 2.
400 1468 607 1500 libertatem
623 1469 777 1510 patriam
789 1469 1024 1511 parentisque
1040 1472 1076 1500 et
1091 1469 1166 1501 alia
1179 1469 1299 1501 omnia
1311 1468 1335 1500 J
1347 1467 1409 1508 87,
1427 1468 1448 1499 2
1471 1471 1556 1501 conl.
1575 1469 1598 1500 J
1617 1467 1692 1510 103,
1705 1468 1736 1500 7-

220 1515 256 1546 H
272 1515 289 1546 Ι
305 1513 367 1555 48,
386 1513 418 1545 5.
444 1514 467 1545 J
484 1513 544 1554 43,
565 1513 596 1547 3.
638 1514 777 1556 Pyrrho
793 1514 1006 1546 Hannibale
1024 1514 1268 1556 Philippoque
1289 1517 1325 1546 et
1341 1513 1522 1546 Antiocho
1539 1514 1574 1545 H
1589 1513 1608 1546 Ι
1623 1513 1685 1555 41,
1704 1513 1736 1546 4.

223 1559 428 1600 circumire,
446 1559 598 1599 hortari,
617 1569 793 1592 renovare
811 1559 990 1603 proelium
1008 1562 1045 1591 et
1062 1560 1142 1601 ipse
1161 1560 1283 1592 omnia
1300 1562 1479 1601 temptare
1498 1559 1523 1591 J
1538 1557 1593 1599 41,
1611 1558 1643 1590 5.
1683 1559 1735 1591 ia-

222 1605 338 1637 culari
356 1605 539 1647 equitare,
561 1608 701 1637 certare
721 1608 758 1637 et
774 1623 816 1627 —
830 1608 954 1637 tamen
977 1605 1142 1637 omnibus
1167 1614 1273 1636 carus
1299 1614 1379 1636 esse
1402 1604 1426 1636 J
1442 1602 1480 1645 6,
1502 1603 1531 1636 l.
1572 1603 1736 1646 plerique

224 1651 377 1692 cadunt,
404 1650 508 1682 multi
527 1650 732 1692 capiuntur,
750 1660 856 1682 nemo
877 1650 1038 1692 profugit
1056 1652 1092 1681 et
1107 1650 1286 1682 Numidae
1305 1667 1346 1672 --
1364 1649 1555 1682 discedunt
1570 1649 1594 1681 J
1609 1648 1664 1690 54,
1684 1648 1737 1681 10.

221 1707 395 1728 exercere
413 1714 454 1718 —-
474 1695 663 1728 consulere
681 1714 725 1718 -
740 1695 879 1738 pellere
899 1699 935 1728 et
951 1713 995 1718 —
1012 1695 1079 1727 soli
1095 1695 1133 1726 in
1150 1695 1291 1737 inperio
1309 1705 1419 1736 agere
1437 1695 1472 1726 H
1488 1695 1507 1726 I
1522 1693 1555 1726 9.
1588 1694 1738 1727 barbari

220 1741 372 1782 laetari,
394 1741 575 1781 exultare,
595 1744 758 1783 strepere
778 1744 813 1773 ct
836 1741 908 1783 ipsi
933 1741 1045 1773 duces
1070 1741 1215 1772 feroces
1235 1751 1315 1772 esse
1331 1740 1353 1772 J
1371 1738 1432 1779 98,
1451 1738 1482 1772 6.
1522 1740 1677 1782 probate
1694 1757 1737 1761 —

221 1787 380 1830 accipite
400 1806 440 1810 —
460 1787 609 1819 adnuite
628 1805 670 1809 -—
687 1790 724 1818 et
746 1787 880 1819 tradite
905 1786 1108 1829 exemplum
1133 1786 1167 1817 H
1183 1786 1201 1817 Ι
1217 1786 1277 1826 41,
1297 1785 1352 1817 25.
1392 1784 1540 1817 trahere
1564 1785 1684 1817 omnia
1701 1788 1739 1816 et

222 1851 263 1856 —-
282 1833 419 1874 facere,
439 1832 608 1875 polliceri
626 1843 668 1864 ac
687 1832 818 1864 deinde
837 1850 897 1872 -—,
925 1831 1055 1864 cedere
1079 1831 1233 1863 instanti
1258 1834 1294 1863 et
1316 1830 1425 1873 paulo
1450 1833 1532 1873 post
1555 1830 1691 1863 instare
1714 1830 1738 1861 J

221 1877 281 1920 36,
301 1878 334 1910 2.
358 1891 404 1906 =
426 1880 462 1909 et
486 1881 571 1910 acta
595 1878 770 1910 maiorum
793 1879 829 1909 et
847 1878 1069 1910 Graecorum
1094 1876 1268 1909 militaria
1284 1880 1484 1918 praecepta
1500 1875 1626 1918 legere
1642 1875 1666 1907 J
1681 1873 1735 1915 85,

224 1924 276 1956 12.
311 1927 347 1955 et
365 1924 478 1956 animi
497 1926 532 1956 et
550 1923 711 1966 corporis
729 1922 813 1965 (vis)
833 1923 859 1956 C
878 1923 916 1963 5,
939 1922 967 1954 l.
1011 1926 1047 1954 et
1065 1921 1242 1955 Gaetulos
1267 1926 1303 1953 et
1319 1921 1530 1963 Iugurtham
1554 1930 1663 1962 saepe
1680 1920 1736 1952 fu—

221 1970 326 2001 derat
340 1969 364 2001 J
380 1968 435 2010 88,
454 1967 484 2002 3.
528 1972 564 2000 et
581 1969 732 2011 gloriam
752 1972 788 2000 et
805 1978 956 2011 regnum
972 1968 1066 2000 ultro
1083 1970 1274 2001 venturum
1290 1966 1314 1998 J
1329 1965 1404 2006 8,2.
1439 1968 1476 1998 et
1492 1965 1584 1998 haec
1603 1968 1640 1998 et
1656 1965 1734 2006 illa,

222 2025 314 2057 quae
332 2017 444 2047 antea
462 2032 503 2037 —
521 2015 543 2046 J
561 2014 614 2055 24,
624 2013 656 2047 9.
693 2018 728 2046 et
745 2014 838 2046 haec
858 2017 894 2046 et
910 2013 1024 2046 multa
1037 2016 1230 2055 praetcrea
1242 2012 1265 2044 J
1282 2012 1336 2052 22,
1347 2010 1379 2044 3.
1411 2014 1448 2043 et
1462 2011 1565 2043 illum
1583 2013 1620 2043 et
1637 2011 1738 2053 equi*

221 2064 277 2092 tes
294 2061 477 2092 Romanos
493 2060 517 2092 J
533 2059 594 2101 65,
614 2060 645 2091 4.
688 2060 834 2092 fortuna
861 2062 896 2091 et
919 2059 1028 2091 maris
1053 2063 1090 2090 et
1113 2057 1201 2090 belli
1218 2057 1253 2089 H
1269 2058 1304 2089 11
1320 2056 1383 2097 41,
1405 2056 1456 2088 11.
1498 2061 1535 2088 et
1551 2065 1736 2089 numerum

223 2105 436 2148 ampliorem
453 2116 538 2138 vero
557 2109 594 2138 et
611 2108 743 2137 metum
759 2104 928 2137 hostilem
947 2103 1159 2136 efficiebant
1174 2103 1198 2134 J
1210 2102 1282 2143 105,
1294 2101 1325 2135 3.
1362 2105 1398 2134 et
1415 2102 1584 2144 operibus
1603 2104 1640 2134 et
1655 2100 1736 2134 loco

221 2151 379 2183 munitus
395 2151 419 2182 J
436 2150 496 2191 76,
516 2151 547 2182 2.
590 2154 626 2182 et
650 2150 807 2183 saevitia
824 2150 999 2192 temporis
1017 2151 1053 2181 et
1070 2148 1315 2191 oportunitate
1334 2147 1407 2180 loci
1423 2148 1447 2179 J
1464 2145 1519 2188 37,
1536 2147 1570 2179 4.
1611 2150 1648 2179 et
1662 2146 1737 2180 vim

222 2199 258 2228 et
281 2197 437 2238 gratiam
460 2199 621 2228 nostram
646 2196 803 2238 experiri
825 2196 849 2227 J
875 2195 955 2236 102,
973 2193 1006 2227 9.
1050 2197 1087 2226 et
1115 2194 1289 2227 virtutem
1319 2193 1472 2225 militum
1497 2195 1534 2224 et
1555 2192 1737 2224 fortunam

220 2244 437 2283 temptatam
452 2241 476 2273 J
492 2240 555 2282 62,
577 2241 607 2272 1.
646 2251 760 2283 penes
786 2241 932 2273 eosdem
958 2243 995 2273 et
1012 2239 1164 2282 gloriam
1190 2242 1227 2271 et
1243 2239 1391 2272 divitias
1409 2248 1489 2270 esse
1506 2238 1529 2270 J
1546 2236 1607 2278 31,
1624 2235 1657 2269 9.
1699 2240 1737 2270 et

220 2286 440 2319 familiarem
458 2289 495 2318 et
511 2286 675 2318 omnibus
692 2286 1024 2318 necessitudinibus
1042 2285 1327 2317 circumventum
1345 2283 1372 2315 C
1389 2283 1450 2324 21,
1470 2281 1503 2315 3.
1545 2286 1582 2315 et
1597 2281 1736 2325 proelio

220 2335 388 2364 strenuus
415 2335 451 2364 et
473 2332 588 2364 bonus
618 2331 770 2363 consilio
793 2332 816 2363 J
841 2331 877 2371 7,
897 2331 928 2363 5.
973 2334 1010 2362 et
1032 2330 1189 2363 invisum
1214 2333 1250 2362 et
1273 2329 1464 2362 obfensum
1488 2328 1559 2360 sibi
1581 2328 1604 2360 J
1627 2326 1683 2368 73,
1701 2327 1733 2360 2.

221 2376 284 2420 [et]
304 2378 344 2409 in
359 2387 451 2420 pace
471 2380 507 2409 et
523 2387 587 2419 per
604 2377 772 2408 inducias
791 2376 817 2408 C
835 2376 890 2416 51,
909 2376 940 2407 7.
982 2376 1045 2408 ubi
1070 2379 1106 2407 et
1130 2375 1290 2408 incolere
1310 2378 1346 2406 et
1362 2374 1519 2406 mereari
1537 2381 1735 2406 consueve-

220 2426 304 2455 rant
319 2423 343 2454 J
359 2423 420 2462 47,
442 2422 471 2454 1.
515 2425 550 2454 et
568 2422 630 2464 qui
646 2422 770 2454 fecere
790 2425 826 2453 et
844 2422 904 2463 qui
920 2422 1102 2463 scripsere
1122 2421 1148 2453 O
1167 2420 1205 2462 3,
1227 2420 1258 2453 1.
1300 2422 1336 2452 et
1352 2420 1562 2462 priusquam
1578 2417 1735 2461 incipias

222 2468 455 2508 consulto‚‚et
471 2468 534 2500 ubi
552 2467 775 2500 consulueris
792 2471 932 2499 mature
951 2467 1049 2498 facto
1067 2477 1157 2508 opus
1176 2468 1231 2498 est
1248 2464 1357 2506 Cl,6.
1391 2475 1459 2507 quo
1478 2467 1516 2496 et
1532 2466 1735 2497 ceterorum

220 2515 360 2546 animos
385 2512 555 2546 reficeret
579 2516 616 2545 et
639 2512 696 2544 illi
721 2513 947 2555 eriperentur
970 2512 997 2544 C
1022 2511 1083 2551 48,
1102 2512 1135 2544 4.
1179 2522 1285 2554 quam
1309 2513 1347 2543 et
1367 2510 1447 2552 ipse
1474 2509 1675 2542 adduxerat
1699 2511 1736 2541 et

219 2559 378 2592 Manlius
394 2559 574 2591 habuerat
590 2558 617 2590 C
635 2557 689 2599 56,
712 2557 741 2590 1.
783 2567 1000 2600 quamquam
1019 2560 1055 2589 et
1071 2557 1189 2599 possis
1216 2558 1252 2588 et
1268 2555 1406 2588 delicta
1424 2555 1593 2597 contigas
1609 2553 1634 2586 J
1649 2553 1681 2594 3,
1701 2553 1732 2586 2.

221 2608 258 2637 et
276 2604 402 2647 quales
419 2604 490 2638 viri
507 2604 603 2636 idem
620 2603 771 2645 adsequi
779 2603 1011 2645 nequiverint
1029 2605 1066 2634 et
1083 2612 1175 2644 quae
1192 2612 1329 2644 genera
1343 2601 1382 2632 in
1390 2599 1735 2633 senatumvenerint

219 2651 242 2682 J
259 2651 298 2691 4,
316 2650 347 2682 4.
391 2653 428 2682 et
449 2649 526 2682 illis
545 2667 585 2673 —
602 2659 729 2692 parum
754 2651 809 2681 est
834 2651 871 2681 et
894 2648 997 2681 vobis
1021 2647 1225 2679 remanebit
1241 2647 1264 2679 J
1281 2645 1342 2685 31,
1360 2646 1415 2678 22.
1458 2654 1673 2687 quamquam
1690 2661 1732 2667 -—

221 2707 323 2728 mora
341 2699 483 2738 tempus
500 2696 720 2727 inminuerat
738 2697 774 2727 et
789 2694 948 2726 intentos
966 2693 1105 2725 animos
1121 2692 1276 2734 putabat
1290 2691 1314 2723 J
1330 2691 1391 2732 44,
1411 2689 1442 2723 3.
1479 2693 1517 2722 et
1532 2689 1641 2722 victis
1658 2699 1732 2722 mu-

221 2742 382 2774 nimenta
405 2741 483 2773 fore
509 2744 545 2772 et
569 2741 600 2773 si
623 2741 799 2773 vicissent
822 2739 920 2772 nullo
942 2738 1189 2781 inpedimento
1212 2737 1236 2769 J
1257 2735 1320 2777 97,
1338 2735 1370 2769 3.
1412 2745 1559 2778 quqrum
1585 2738 1621 2768 et
1645 2733 1733 2767 fides

223 2786 371 2829 cognita
389 2789 425 2819 et
442 2786 591 2829 ingenia
607 2785 846 2819 validissuma
863 2786 968 2817 erant
982 2784 1005 2816 J
1025 2781 1098 2822 103,
1117 2783 1149 2815 2.
1183 2785 1219 2814 et
1234 2782 1478 2814 Romanorum
1494 2781 1631 2813 famam
1647 2790 1732 2813 ava-

222 2833 329 2864 ritiae
350 2832 483 2864 falsam
501 2835 537 2864 et
554 2831 692 2864 Sullam
708 2832 746 2863 in
763 2841 801 2863 se
822 2831 976 2863 amicum
991 2829 1016 2861 J
1035 2827 1115 2869 103,
1133 2827 1166 2860 5.
1208 2828 1287 2870 quis
1314 2830 1350 2860 et
1372 2826 1548 2869 Iugurtha
1571 2835 1677 2858 carus
1695 2827 1733 2858 et

221 2877 377 2909 Romani
394 2877 505 2909 invisi
524 2880 628 2909 erant
642 2877 667 2909 J
685 2875 765 2917 111,
783 2876 815 2908 2.
856 2878 895 2908 ut
918 2878 954 2908 et
978 2875 1078 2907 facta
1102 2874 1141 2906 in
1158 2873 1276 2917 gloria
1295 2874 1461 2905 numeret
1478 2874 1515 2904 et
1532 2888 1573 2895 —
1590 2870 1732 2904 avidius

223 2922 355 2955 fecerit
371 2923 405 2955 H
422 2923 439 2956 I
455 2921 510 2965 41,
531 2922 583 2956 19.
618 2925 655 2956 et
675 2939 710 2944 —
733 2924 926 2955 erexerant
943 2923 979 2953 et
1005 2935 1038 2943 —⁴
1054 2919 1150 2963 ignis
1169 2919 1337 2952 fecerant
1352 2918 1388 2950 H
1403 2917 1456 2950 ΠΙ
1471 2916 1527 2959 67,
1544 2917 1576 2950 5.
1593 2928 1640 2945 =
1663 2925 1731 2959 que
