1826 3282
243 257 296 301 28
655 271 952 300 111s'roR1A1va
984 272 1067 299 Lm.
1101 272 1115 298 1
1145 266 1347 301 91—-100,

310 419 313 422 .
357 374 401 413 91
440 373 519 426 [Kr.
540 377 596 411 93.
629 375 667 411 G.
694 371 770 425 71].
827 366 1005 412 Prudens
1034 373 1207 412 omnium
1234 385 1332 425 quae
1351 375 1508 413 senatus
1535 376 1751 413 censuerat.

356 446 645 479 Conmemoravit
669 445 771 478 Arus.
798 456 832 489 p:
851 445 918 478 256
942 446 1006 478 sub
1031 446 1201 479 lemmate
1225 447 1375 488 prudens
1392 448 1520 479 illarum
1535 457 1656 479 rerum.
1697 445 1752 480 Ad

243 493 272 524 Ι
278 492 417 533 epidum
442 492 480 523 in
504 492 532 523 Ε
537 491 651 523 truria
677 494 857 534 agentem,
884 494 940 524 set
956 502 1021 544 per
1039 492 1174 524 amicos
1192 492 1236 524 de
1256 492 1418 524 omnibus
1437 492 1556 524 senati
1580 491 1751 524 consultis

244 537 431 568 certiorem
458 537 606 575 factum,
633 540 824 580 spectasse
849 547 920 569 non
945 538 1022 569 sine
1047 537 1142 569 omni
1173 537 1250 570 veri
1281 538 1403 579 specie
1437 537 1527 569 coni.
1561 537 1616 569 De
1645 537 1751 570 Bron-

242 582 315 613 sius
340 581 421 622 (cfr.
449 581 561 615 Link
584 562 628 614 (le
653 582 770 624 praef.
797 582 874 614 urb.
893 594 927 624 p.
934 581 1021 633 10);
1046 593 1174 634 ‚neque
1198 593 1359 638 prorsus
1376 583 1522 615 divorsa
1547 585 1628 614 sunt
1659 582 1750 624 App.

240 627 274 658 b.
303 638 333 658 c.
359 627 377 658 I
403 626 466 658 107
490 638 524 670 p.
544 627 610 660 524
633 627 751 660 Bekk.
779 620 869 660 οὔδε
894 620 1007 666 αὐτὸς
1032 621 1182 670 οἷγνοων
1202 621 1254 680 3:³90
1298 624 1356 665 οἷς
1388 622 1576 668 ἐκαλεῖτος
1611 627 1753 659 scilicet

241 671 328 704 Sall.
360 672 474 704 verba
506 673 550 704 de
583 683 624 705 eo
657 673 756 705 dicta
787 673 955 705 videntur
987 673 1119 714 fuisse,
1153 673 1212 715 qui
1243 683 1336 715 quae
1368 675 1516 705 senatus
1547 675 1751 713 censuerat,

239 716 318 760 ipse
343 718 415 750 iam
439 717 657 760 providisset
680 718 864 750 decretum
888 718 943 750 iri.

352 796 405 836 92
438 796 515 850 [Kr.
537 802 593 835 94.
627 799 665 835 G.
687 796 764 850 30].
824 798 993 837 Sanctus
1021 800 1124 837 alias
1152 802 1189 836 et
1214 799 1370 846 inqem‘o
1398 798 1562 837 validus.

350 870 538 902 Edebatur
568 873 668 903 aliter·
698 871 894 903 secundum
929 870 1070 903 Charis.
1103 871 1139 902 II
1164 882 1197 913 p.
1228 870 1307 910 194,
1341 873 1415 911 set,
1450 881 1529 902 cum
1562 871 1637 902 eius
1667 870 1752 902 libri

239 917 324 947 alias
347 920 493 954 teneant,
519 916 565 947 H.
592 916 732 948 Keilius
756 916 942 958 perspexit
966 916 1148 948 titulorum
1174 918 1210 948 et
1236 915 1476 958 exemplorum
1493 915 1654 948 ordinem
1678 918 1750 948 tur-

239 961 363 993 batum
390 971 482 993 esse.
533 961 702 993 Ceterum
725 961 797 994 vid.
824 962 894 993 inc.
924 960 998 993 112.

352 1040 404 1081 93
435 1040 514 1093 [Kr.
535 1045 590 1078 95.
629 1043 667 1079 G.
690 1039 767 1093 64].
825 1040 906 1080 Nisi
937 1053 1026 1079 cum
1055 1041 1112 1079 ira
1142 1039 1232 1079 belli
1261 1040 1513 1080 desenuisset.

350 1108 464 1140 Prisc.
483 1109 515 1140 X
533 1120 567 1151 p.
586 1101 668 1140 512‘:
696 1119 716 1140 a
741 1109 863 1141 ‘seneo'
887 1110 999 1151 igitur,
1025 1119 1090 1140 non
1108 1118 1129 1139 a
1145 1108 1304 1141 ‘senesce'
1322 1109 1364 1149 fit
1378 1109 1599 1150 praeteritum
1625 1108 1750 1142 ‘senui'-

240 1155 418 1187 Sallustius
443 1156 476 1186 in
500 1155 517 1186 1
542 1155 773 1186 historiarum:
797 1154 868 1185 nisi
893 1172 934 1176 —-
959 1153 1198 1186 desenuisset.

351 1233 405 1273 94
434 1233 512 1286 [Kr.
534 1237 589 1270 06.
618 1235 657 1271 G.
678 1232 754 1285 72].
814 1233 964 1272 Liberis
996 1233 1078 1272 eius
1111 1232 1323 1272 avunculus
1354 1236 1446 1272 erat.

351 1302 484 1333 Donat.
513 1301 558 1333 ad
576 1301 658 1332 Ter.
678 1300 820 1332 Phorm.
846 1301 878 1333 V
894 1299 925 1341 6,
945 1300 988 1333 32
1011 1301 1105 1333 haec
1130 1300 1278 1332 Sallusti
1302 1300 1417 1333 verba
1440 1299 1493 1343 [in
1514 1298 1645 1342 primo]
1669 1310 1750 1333 con—

239 1347 385 1389 paravit
409 1357 487 1378 cum
513 1345 663 1378 Terenti
688 1346 836 1378 Patruus
860 1350 934 1378 tuus
958 1351 1010 1383 est,
1028 1350 1134 1388 pater
1157 1349 1305 1378 inventus
1330 1346 1460 1387 Phanio
1485 1348 1588 1378 uxori
1610 1350 1699 1377 tuae.

353 1427 405 1466 95
442 1426 520 1479 [Kr.
538 1431 594 1464 97.
626 1428 664 1464 G.
692 1424 787 1478 103].
844 1425 977 1478 Neque
1007 1438 1048 1465 se
1076 1426 1253 1476 recipere
1284 1430 1349 1465 aut
1379 1426 1573 1465 instruere
1603 1423 1752 1477 proelio

267 1506 410 1533 uivere.

240 1506 265 1545 q
352 1562 464 1593 Prisc.
491 1561 523 1593 X
548 1573 581 1604 p.
608 1560 674 1593 539
700 1572 761 1603 pro
765 1556 951 1603 'exemplo
976 1560 1134 1603 perfecti
1159 1562 1256 1603 quivi.
1304 1560 1467 1593 Nimisne
1498 1557 1615 1592 audax
1639 1555 1751 1592 habe-

240 1607 458 1695 'ppg'piegppd
494 1606 588 1639 haec
619 1606 733 1639 verba
778 1607 823 1639 ad
861 1606 1013 1644 eandem
1053 1616 1212 1649 pugnam
1243 1608 1351 1648 atque
1383 1606 1427 1638 fr.
1459 1605 1502 1638 68
1532 1606 1752 1648 pertinuisse

353 1731 406 1771 96
439 1731 517 1784 [Kr.
545 1735 601 1769 98.
633 1734 671 1769 G.
699 1731 794 1783 104]
842 1731 941 1782 Equi
971 1731 1053 1770 sine
1076 1730 1296 1779 rectoribus
1327 1731 1499 1770 exterriti
1529 1734 1595 1770 aut
1635 1731 1753 1770 saucii

242 1804 554 1839 consternantur.

353 1868 467 1899 Prisc..
494 1867 581 1899 VIII
605 1878 638 1909 p.
665 1866 748 1899 436:
776 1869 906 1898 ‘sterno
931 1869 1072 1898 sternis-⁷
1099 1869 1247 1906 activum,
1276 1869 1492 1898 ‘consternor
1511 1865 1752 1898 consternaris’

242 1915 425 1956 deponens.
473 1912 651 1945 Sallustius
675 1914 709 1944 in
732 1913 749 1944 I
772 1912 1005 1945 Ilistmiarum:
1022 1912 1113 1954 equi
1137 1930 1180 1934 ——
1205 1915 1492 1944 consternantur.

357 1993 409 2033 97
444 1992 522 2046 [ΚΓ.
547 1997 602 2030 99.
635 1970 673 2030 G.
700 1991 796 2044 106]
858 1991 905 2030 At
929 1984 1018 2031 inde
1038 1990 1142 2030 nulla
1164 1991 1386 2029 munitionis
1406 1995 1471 2029 aut
1491 1991 1626 2042 requie
1647 1979 1774 2030 mora'

243 2062 432 2113 processit
461 2061 508 2100 ad
539 2060 736 2111 oppidum.

354 2135 467 2166 Prisc.
494 2135 564 2166 VII
588 2145 622 2176 p.
645 2132 732 2166 367:
766 2133 852 2165 idem
875 2132 909 2164 in
932 2132 966 2164 I:
1000 2134 1037 2164 at
1060 2131 1144 2164 inde
1171 2149 1211 2154 —-
1238 2131 1284 2163 ad
1308 2131 1495 2174 oppidum,
1530 2133 1665 2175 ‘requie'
1686 2143 1754 2175 pro

244 2181 404 2223 ‘requiei'.

356 2258 407 2298 98
440 2258 519 2310 [Kr.
545 2262 621 2295 100.
653 2260 690 2295 G.
719 2255 815 2310 110]
873 2256 1021 2295 Locum
1056 2256 1257 2295 editiorem
1296 2268 1413 2307 quam
1449 2255 1659 2296 victoribus
1688 2256 1754 2296 de-

244 2326 356 2366 cebat
382 2327 495 2377 capit.

355 2393 457 2426 Arus.
476 2405 510 2435 p.
529 2392 595 2425 *223
619 2394 716 2425 decet
739 2392 809 2424 tibi.
850 2392 1001 2432 Eadem,
1029 2394 1085 2423 set
1109 2403 1176 2423 om.
1196 2393 1298 2433 capit,
1325 2394 1472 2434 propter
1496 2392 1656 2424 dativum
1674 2402 1754 2424 cum
1775 2426 1778 2430 ,

244 2439 385 2472 decebat
409 2439 636 2471 coniunctum
662 2437 944 2470 conmemoravit
969 2437 1068 2469 Serv.
1098 2437 1143 2469 ad
1167 2438 1275 2479 Verg.
1302 2437 1391 2469 Aen.
1418 2437 1506 2469 VIII
1533 2437 1607 2469 127.

358 2518 411 2558 99
444 2517 522 2570 [Kr.
547 2522 623 2555 101.
655 2519 693 2555 G.
720 2516 814 2569 116]
870 2516 1004 2567 Neque
1032 2515 1216 2555 detrusus
1243 2516 1470 2568 aliquotiens
1500 2519 1681 2555 terretur.

356 2592 470 2624 Prisc.
497 2592 562 2623 XV
586 2603 619 2633 p.
648 2589 734 2622 1015
759 2591 799 2621 P.
827 2601 860 2632 p.
885 2589 928 2620 78
950 2590 996 2621 Η.
1030 2590 1228 2632 aliquotiens
1252 2590 1293 2622 ab
1318 2591 1454 2633 aliquot.
1503 2590 1640 2622 Sallust.
1671 2594 1705 2622 in
1736 2590 1754 2622 1

244 2639 478 2670 historiarum:
499 2642 625 2678 'neque
650 2654 693 2658 -—
716 2638 884 2667 terretur.
911 2653 952 2657 ——
979 2635 1092 2666 Kritz.
1121 2638 1157 2666 et
1182 2635 1278 2667 Gerl.
1312 2646 1355 2667 ex
1379 2645 1485 2667 nonu.
1518 2635 1620 2666 libris
1644 2636 1755 2668 deter-

244 2688 350 2715 retur.
399 2683 549 2714 Videtur
577 2681 663 2713 mihi
695 2681 738 2713 de
769 2683 911 2712 oratore
943 2680 980 2711 in
1012 2680 1214 2712 contionem
1246 2681 1444 2722 prodeunte
1471 2690 1513 2712 ac
1538 2680 1685 2722 saepius
1709 2680 1754 2713 de

246 2729 369 2761 rostris
389 2728 539 2760 'detruso
563 2726 681 2769 potius
712 2726 845 2758 dictum
871 2725 1001 2764 fuisse,
1036 2736 1141 2767 quam
1166 2725 1210 2757 de
1236 2725 1349 2758 milite
1374 2725 1432 2758 vel
1457 2725 1618 2758 exercitu
1640 2725 1754 2758 muni-

246 2777 366 2806 menta
390 2773 545 2805 hostium
571 2772 801 2804 escendente.
1499 2783 1506 2792 -

367 2852 443 2891 100
472 2852 551 2905 [Kr
573 2856 648 2890 103.
671 2853 708 2889 G.
730 2849 806 2903 94]
845 2849 1095 2902 Numeroque
1110 2854 1321 2903 praestans,
1337 2851 1466 2901 privos
1485 2850 1567 2900 ipse
1582 2824 1749 2890 militiae.

357 2920 473 2951 A.·rus
487 2931 520 2962 p
547 2919 614 2951 256
637 2919 835 2961 praemisso
859 2919 973 2960 privas
996 2919 1092 2950 illius.
1119 2935 1162 2939 —-
1195 2917 1377 2960 Singulari
1400 2917 1502 2950 modo
1527 2917 1660 2949 dictum
1681 2919 1752 2959 pri—

245 2976 302 2998 vus
327 2966 388 2997 Kr.
405 2964 611 2997 inlustravit
630 2931 792 3007 Exemplo
810 2963 914 3006 Apul.
934 2963 977 2996 de
995 2963 1062 2996 (leo
1080 2962 1178 2996 Socr.
1197 2962 1257 2996 43:
1283 2963 1382 2995 turba
1403 2963 1631 3006 inperitorum,
1653 2964 1753 3005 priva
