1852 3294
809 232 942 259 rnnax
1551 204 1658 274 325-

153 335 323 375 profanus.
354 343 462 366 sacra
479 333 708 376 profanaque
725 333 848 364 omnia
864 331 1027 375 polluere
1045 330 1072 363 C
1095 329 1145 369 11,
1163 329 1196 362 6.

152 380 326 420 profectio.
358 379 623 421 profectionem
641 378 861 410 festinantes
878 377 914 409 H
930 378 947 409 I
967 375 1043 408 109.
1083 375 1239 408 Marium
1257 374 1478 418 fatigantem
1495 373 1538 406 de
1551 385 1632 417 pro-

110 424 271 457 fectione
287 425 311 456 J
327 424 382 463 73,
400 424 433 455 2.

153 470 304 510 profecto
327 469 442 502 virtus
467 468 582 500 maior
604 468 641 499 in
665 467 739 499 illis
764 467 833 499 fuit
851 467 878 499 C
896 464 952 506 51‘,
969 467 1025 498 24.
1067 467 1115 498 Et
1132 465 1300 508 profecto
1317 465 1371 497 ita.
1387 475 1426 497 se
1445 475 1503 497 res
1518 464 1634 497 habet

109 514 133 546 J
149 513 205 554 85,
224 513 278 547 23.
305 514 349 546 ib.
367 514 423 546 47.
465 514 559 546 Nam
581 513 749 555 profecto
775 516 838 544 aut
861 515 979 544 metus
998 514 1062 543 aut
1078 511 1213 543 iniuria
1230 514 1266 542 te
1285 510 1431 552 subegit
1449 509 1477 542 C
1494 509 1536 541 51
1548 534 1557 549 ,
1580 508 1631 541 18.

110 559 174 591 Set
189 559 357 602 profecto
375 559 523 591 fortuna
540 558 578 590 in
596 558 692 590 omni
710 568 748 589 re
767 557 973 590 dominatur
990 556 1017 588 C
1034 555 1072 595 8,
1096 555 1124 588 1.
1167 555 1296 598 quibus
1319 555 1488 598 profecto
1506 557 1634 587 contra

107 607 278 636 naturam
296 614 426 646 corpus
442 603 642 645 voluptati,
670 603 794 634 anima
818 602 920 634 oneri
944 602 1014 633 fuit
1032 600 1059 633 C
1077 601 1116 640 2,
1134 599 1168 632 8.
1210 600 1270 643 qui
1287 600 1452 642 profecto
1468 610 1541 632 non
1559 610 1634 631 am-

108 649 206 692 plius
228 652 380 692 possunt
411 648 595 681 alimentis
627 648 787 680 carceris
811 648 846 680 H
868 648 922 679 III
944 645 1006 686 61,
1029 645 1080 678 19.
1130 645 1234 686 Quae
1259 645 1423 688 profecto
1448 645 1634 677 incassum

107 705 178 771 3ἕὶ
181 694 230 771 b}
231 693 520 771 ”3212350321
522 692 595 770 ¹2⁵?
601 692 828 780 ¹530¹f00⁸ssis
846 690 1344 770 ’ἓξὲἓὲἶέἔζ“ἒῆῖῖἓῖ“ῗᾶο
1361 690 1634 767 ἶῗίὃῂέῗιῗῗὲἒὲ

173 765 180 778 ⁷
225 763 232 770 ·
589 763 597 778 ν
1249 761 1256 775 2
1323 759 1332 767 ·
1366 759 1371 766 ⁹

108 794 232 816 curam
257 784 443 816 haberetis
465 801 527 823 —-,
553 784 721 826 profecto
745 793 863 824 neque
889 792 946 814 res
971 793 1006 825 p.
1032 799 1073 804 —-
1098 784 1308 814 vastaretur
1323 781 1347 812 J
1364 779 1424 819 31,
1448 778 1500 812 16.
1542 779 1572 812 si
1588 797 1632 802 —

106 829 355 869 discessisset,
381 828 548 871 profecto
573 839 709 870 magna
734 828 858 860 clades
885 845 922 850 —
949 837 1025 859 rem
1049 838 1084 869 p.
1111 826 1356 869 obpressisset
1373 824 1401 856 C
1419 824 1480 863 39,
1498 825 1520 856 4
1542 826 1630 857 conl.

105 874 177 906 nisi
198 875 278 951 -ὀῙ
293 874 349 914 27,
368 874 403 906 2.
428 872 483 915 56,
502 874 536 906 5.
578 873 646 905 hoc
663 873 803 905 utinam
824 890 860 895 —
881 872 948 904 tibi
971 871 1193 915 placuisset!
1218 871 1384 913 profecto
1404 889 1444 892 —
1463 870 1629 912 accepis-

106 929 166 952 ses
181 920 206 952 J
225 919 241 951 1
268 920 301 960 2,
319 918 352 951 8.

149 964 297 1004 proficio.
328 974 437 997 orans
453 963 543 1005 nihil
560 963 804 1006 proficiebant
821 963 855 994 H
872 963 926 994 111
942 961 998 996 37.

149 1010 352 1049 proficiscor.
384 1010 582 1041 constituta
607 1013 732 1049 nocte,
760 1019 831 1050 qua
856 1007 1176 1050 proficiscerentur
1202 1005 1229 1038 C
1253 1005 1316 1046 45,
1339 1005 1367 1038 1.
1410 1005 1567 1037 monitus
1590 1007 1632 1036 ut

105 1058 216 1086 noctu
229 1054 548 1097 proficiscerentur
563 1055 585 1085 J
598 1053 671 1093 106,
682 1054 715 1085 4.
750 1053 832 1085 dum
852 1052 1034 1095 proficisci
1051 1055 1185 1094 parant
1201 1051 1224 1084 J
1244 1050 1296 1090 11,
1318 1050 1333 1082 1
1352 1049 1453 1092 (conl.
1473 1047 1502 1082 C
1515 1049 1570 1089 46,
1581 1049 1629 1091 3).

105 1101 231 1131 statim
249 1100 329 1142 ipse
346 1100 536 1142 profectus
554 1099 577 1131 J
595 1098 649 1140 36,
673 1098 687 1130 1
707 1101 793 1131 conl.
815 1097 889 1138 107,
909 1097 941 1130 6.
984 1107 1114 1140 cogere
1131 1096 1296 1128 homines
1315 1096 1477 1128 emeritis
1494 1095 1630 1138 stipen-

105 1145 175 1177 diis
193 1155 315 1177 secum
334 1144 516 1187 proficisci
533 1145 555 1175 J
574 1143 633 1183 84,
654 1145 686 1176 2.
729 1154 809 1175 cum
833 1143 890 1175 his
911 1143 951 1174 A.
970 1141 1146 1176 Manlium
1165 1140 1347 1183 proficisci
1364 1141 1466 1183 iubet
1481 1140 1506 1172 J
1521 1139 1577 1180 86,
1600 1139 1628 1171 1.

105 1190 158 1221 uti
175 1190 338 1232 Lepidus
364 1194 400 1222 et
418 1189 571 1221 Catulus
589 1189 749 1221 decretis
774 1188 995 1220 exercitibus
1019 1189 1241 1218 maturrume
1260 1185 1580 1228 proficiscerentur
1595 1185 1631 1216 H

104 1235 122 1266 1
138 1235 193 1266 44.
234 1245 301 1277 per
316 1245 469 1277 magnas
488 1235 705 1267 solitudines
723 1234 912 1276 profectus
929 1232 1098 1275 pervenit
1116 1231 1162 1263 ad
1181 1231 1358 1263 Gaetulos
1373 1231 1397 1262 J
1413 1229 1469 1265 80.
1490 1229 1521 1262 l.
1562 1240 1629 1272 quo

103 1280 208 1312 initio
230 1280 420 1322 profectus
444 1280 653 1311 intenderat
676 1279 700 1311 J
727 1278 808 1319 102,
830 1278 859 1310 1.
906 1278 1011 1309 domo
1034 1275 1358 1319 proficiscerentur
1379 1276 1403 1308 J
1426 1274 1487 1314 79,
1512 1275 1545 1306 4.
1586 1285 1631 1306 ex

102 1326 192 1357 urbe
217 1325 327 1368 paulo
353 1328 439 1357 ante
464 1325 607 1367 legatos
630 1324 878 1366 proficiscitur
894 1322 921 1354 C
939 1322 1001 1362 44,
1021 1323 1053 1354 2.
1095 1321 1303 1359 Daedalum
1328 1331 1372 1352 ex
1397 1320 1526 1353 Sicilia
1549 1329 1631 1362 pro-

103 1370 241 1402 fectum
258 1371 293 1402 H
309 1371 346 1402 II
362 1369 393 1403 3.
436 1381 458 1402 a
475 1370 595 1411 Libya
611 1369 800 1411 profectus
818 1386 859 1391 —
878 1367 1075 1409 occupavit
1088 1367 1123 1398 H
1140 1366 1175 1398 II
1193 1366 1226 1398 2.
1248 1379 1254 1387 ·
1270 1365 1407 1398 auxilio
1425 1365 1630 1407 profectum

103 1416 248 1458 magnis
266 1415 414 1458 regibus
431 1415 467 1446 H
482 1415 533 1446 IV
549 1413 605 1454 61,
623 1414 679 1445 22.
721 1413 959 1446 tribuniciam
983 1414 1205 1454 potestatem
1230 1421 1397 1444 evorsum
1420 1410 1580 1453 profecti
1596 1409 1632 1440 H

104 1461 122 1492 Ι
139 1460 201 1499 41,
219 1459 264 1493 23
286 1462 373 1493 conl.
399 1460 423 1492 J
451 1459 532 1499 103,
555 1459 582 1491 1.
626 1459 688 1491 illo
711 1459 900 1501 profectus
917 1458 952 1489 H
969 1458 985 1489 Ι
1002 1456 1058 1489 86.
1102 1456 1228 1489 eodem
1250 1456 1438 1499 profectus
1460 1455 1486 1487 J
1509 1454 1571 1495 35,
1596 1453 1630 1486 9.

105 1506 166 1547 qui
183 1505 230 1537 ad
249 1505 448 1537 Catilinam
472 1504 580 1536 initio
603 1505 764 1547 profecti
782 1506 866 1535 sunt
893 1502 921 1535 C
947 1501 1009 1542 39,
1028 1502 1060 1534 5.
1103 1502 1150 1533 ad
1175 1501 1374 1533 Catilinam
1398 1499 1631 1542 proficiscen-

104 1554 179 1583 tem
203 1550 248 1591 (J
263 1549 320 1589 97,
339 1549 372 1583 3.
401 1549 475 1590 103,
494 1550 535 1590 4)
563 1560 606 1581 ex
631 1549 762 1581 itinere
787 1551 985 1580 retractum
1011 1547 1038 1579 C
1057 1545 1119 1586 48,
1139 1545 1171 1579 3.
1215 1547 1262 1578 ad
1285 1545 1500 1588 Iugurtham
1522 1544 1630 1588 profi-

103 1596 255 1628 ciscitur
271 1596 295 1628 J
311 1594 366 1635 32,
387 1595 418 1627 5.
461 1595 508 1627 ad
524 1595 681 1626 Thalam
698 1595 721 1626 J
739 1594 794 1633 25,
813 1591 846 1625 6.
884 1593 930 1625 ad
946 1593 1101 1624 hiberna
1119 1592 1362 1624 Romanorum
1378 1591 1402 1623 J
1421 1590 1497 1631 103,
1514 1590 1548 1622 4.
1584 1589 1631 1622 ad

105 1641 304 1672 exercitum
322 1639 349 1672 C
367 1639 474 1679 27‚'4.
500 1640 524 1672 J
540 1639 596 1677 70,
605 1640 637 1671 4.
673 1650 730 1671 me
749 1639 796 1671 ad
813 1639 882 1670 hoc
901 1637 1037 1670 bellum
1054 1637 1194 1669 maiore
1212 1637 1332 1668 studio
1350 1646 1458 1678 quam
1477 1634 1630 1668 consilio

103 1685 306 1727 profectum
323 1685 358 1716 H
375 1685 413 1717 ΙΙ
428 1683 484 1724 96,
503 1685 536 1716 4.
577 1684 765 1726 profectus
783 1683 830 1715 ad
847 1682 1024 1724 requisita
1040 1685 1174 1714 natura
1192 1682 1227 1713 H
1243 1681 1256 1713 i
1272 1681 1328 1713 54.
1370 1682 1408 1712 in
1424 1681 1589 1712 Africam
1606 1681 1630 1712 J

103 1730 158 1770 39,
177 1731 209 1762 4.
236 1729 292 1768 86,
311 1730 344 1762 4.
385 1731 424 1762 in
440 1729 611 1772 Apuliam
630 1729 675 1761 ad
693 1728 917 1761 concitanda
935 1727 1090 1759 servitia
1107 1726 1134 1759 C
1152 1725 1213 1765 46,
1232 1725 1264 1759 3.
1306 1737 1387 1758 cum
1411 1725 1510 1757 omni
1528 1735 1629 1757 exer·

104 1777 179 1808 citu
196 1776 234 1807 in
252 1775 480 1807 Dardaniam
499 1775 532 1809 H
550 1775 586 1806 ΙΙ
602 1763 658 1806 33.
699 1774 736 1805 in
754 1773 914 1806 Galliam
933 1771 959 1804 C
977 1771 1031 1811 58,
1050 1772 1082 1804 4.
1124 1772 1163 1803 in
1179 1771 1388 1803 Numidiam
1405 1771 1429 1802 J
1445 1769 1501 1809 43,
1519 1770 1551 1802 5.
1592 1770 1631 1801 in

102 1820 297 1853 Manliana
315 1823 439 1852 castra
457 1819 485 1851 C
503 1819 563 1859 32,
587 1819 615 1851 1.
658 1819 696 1850 in
721 1829 847 1861 agrum
873 1817 1033 1849 fertilem
1050 1817 1074 1849 J
1090 1815 1154 1856 87,
1177 1816 1205 1848 1.
1248 1817 1287 1847 in
1303 1816 1459 1848 hiberna
1473 1815 1497 1848 J
1513 1813 1575 1854 97,
1595 1814 1628 1847 3.

104 1867 141 1898 in
165 1866 249 1898 loca
273 1865 353 1898 sola
377 1865 566 1897 obsessum
589 1864 716 1896 turrim
740 1864 880 1905 regiam
897 1863 921 1894 J
942 1861 1021 1901 103,
1046 1861 1075 1893 l.
1115 1862 1154 1893 in
1172 1861 1441 1904 expeditionem
1458 1860 1483 1892 J
1503 1856 1577 1899 103,
1595 1860 1628 1891 4.

103 1911 255 1943 Romam
273 1910 300 1943 C
314 1910 398 1951 34,l
418 1909 646 1952 (subplices).
673 1910 698 1941 J
715 1908 799 1948 29,7
818 1908 879 1950 (ad
896 1907 1134 1950 magistratus
1153 1905 1362 1949 rogandos).
1388 1904 1443 1946 88,
1459 1904 1487 1937 1.
1510 1904 1584 1946 104,
1595 1904 1628 1937 3.

103 1955 308 1988 Massiliam
326 1956 363 1987 in
382 1955 531 1988 exilium
549 1954 576 1986 C
594 1953 649 1992 34,
667 1955 699 1986 2.
1556 1952 1562 1965 ’

147 2001 316 2042 profiteor.
354 2000 528 2032 indicium
553 1999 743 2042 profitetur
765 1999 789 2031 J
811 1998 871 2039 35,
890 1997 922 2030 6.
963 1998 1062 2029 intra
1077 1997 1275 2040 legitumos
1293 1997 1371 2028 dies
1387 1995 1550 2041 profiteri
1566 2006 1628 2028 ne-

105 2048 273 2089 quiverat
288 2056 380 2088 susp.
400 2045 428 2078 O
448 2044 501 2086 18,
519 2044 551 2078 3.

147 2092 301 2133 profligo.
332 2091 536 2134 profligatis
554 2090 619 2130 eis,
640 2100 727 2131 quos
746 2089 938 2121 advorsum
955 2088 1052 2120 ierat
1068 2087 1092 2119 J
1111 2085 1186 2126 101,
1206 2085 1240 2118 8.

148 2137 314 2178 profugio.
346 2144 453 2169 nemo
469 2135 627 2168 omnium
645 2136 808 2166 intactus
825 2133 990 2177 profugit
1005 2133 1029 2165 J
1045 2132 1107 2173 54,
1129 2131 1181 2164 10.
1207 2130 1268 2172 67,
1288 2130 1309 2164 3
1331 2134 1417 2164 conl.
1435 2130 1489 2171 69,
1509 2132 1542 2163 4.
1576 2132 1630 2163 uti

103 2186 215 2214 noctu
239 2182 333 2214 clam
358 2191 483 2214 secum
505 2181 719 2223 profugeret
742 2179 766 2211 J
793 2178 875 2219 106,
893 2178 929 2211 2.
968 2189 1014 2210 ex
1038 2177 1127 2210 urbe
1151 2177 1369 2219 profugerat
1389 2176 1416 2208 C
1434 2175 1490 2218 46,
1509 2177 1542 2209 4.
1585 2187 1631 2209 ex

105 2227 238 2305 ῗξρῖῗο
253 2226 548 2304 ἒῗῗιὲἶῃΡΪιΟ-Ξῗὲῗὲ
564 2224 712 2302 ‘¹23⁶'2L
732 2222 1631 2301 .31³‘³153{.{{.¹‡¹⁰2¹‚}‘31P351ss5i3³¹7¹4¹⁸3³v1¹33³323

36 2358 39 2360 -
104 2297 179 2349 lain
196 2317 409 2360 profugiunt
425 2317 447 2348 J
469 2295 543 2355 103,
562 2315 594 2346 4.
629 2295 636 2310 ⁷
1008 2279 1032 2311 P
1119 2279 1142 2311 g
1377 2292 1384 2308 ⁷
1428 2292 1436 2300 ι

38 2375 44 2382 κ
148 2363 321 2403 profugus.
353 2361 489 2393 milites
504 2378 550 2383 —
565 2359 712 2403 profugi
728 2359 921 2392 discedunt
937 2359 962 2391 J
977 2357 1034 2398 56,
1050 2357 1083 2390 6.
1125 2358 1302 2400 profugus
1325 2369 1368 2390 ex
1385 2358 1509 2400 patria
1527 2357 1628 2390 abie-

105 2411 165 2438 rat
179 2408 202 2439 J
219 2407 282 2446 35,
304 2406 332 2438 l.
374 2405 525 2438 Troiani
543 2424 584 2427 —
602 2405 750 2448 profugi
773 2405 926 2437 incertis
943 2403 1090 2437 sedibus
1107 2404 1343 2445 vagabantur
1360 2402 1388 2434 C
1405 2402 1446 2443 6,
1467 2402 1497 2434 l.
1539 2413 1628 2444 quos

106 2469 147 2474 —
166 2452 342 2494 profugos
360 2451 405 2484 ob
423 2450 626 2483 discordias
644 2450 763 2482 civilis
780 2468 822 2473 -
839 2450 878 2481 in
895 2460 958 2482 eos
974 2449 1075 2482 locos
1092 2449 1237 2481 venisse
1255 2448 1279 2480 J
1297 2447 1351 2486 78,
1375 2447 1403 2478 1.

149 2497 322 2536 profundo.
353 2496 505 2528 divitias
523 2505 614 2538 quas
629 2495 854 2538 profundant
868 2495 907 2526 in
925 2494 1148 2527 extrudendo
1166 2493 1258 2524 mari
1277 2492 1304 2524 C
1321 2491 1376 2531 20,
1401 2492 1452 2523 11.

148 2542 341 2582 profundum,
371 2541 490 2573 hiavit
506 2540 634 2572 humus
654 2542 692 2563 4
737 2540 892 2573 rofunda
904 2541 939 2572 H
957 2540 1007 2571 IV
1024 2538 1079 2571 37.
1112 2537 1295 2580 profunda
1313 2537 1472 2569 avaritia
1488 2537 1513 2569 J
1528 2536 1626 2576 81,1.

105 2587 286 2629 profunda
302 2587 423 2629 inperi
441 2585 572 2628 cupido
588 2586 624 2618 H
641 2586 692 2617 IV
735 2585 762 2626 1,
781 2585 814 2618 5.
1151 2612 1154 2613 γ

106 2675 134 2708 C
148 2633 305 2671 protum
322 2631 379 2664 sni
397 2631 424 2664 C
441 2631 474 2672 5,
493 2631 525 2663 4.
542 2640 648 2663 :eo
665 2631 849 2674 profusius
866 2648 911 2653 —-
928 2629 1097 2671 quaestui
1116 2630 1189 2669 atq.
1210 2627 1368 2669 sumptui
1386 2626 1529 2659 deditus
1548 2630 1629 2659 erat

147 2702 337 2763 prdgoniefl.
369 2732 516 2764 quorum
533 2722 748 2764 progeniem
764 2739 804 2744 —
823 2719 922 2752 me‘J
940 2718 995 2758 14,
1012 2715 1045 2750 6.

148 2767 356 2808 progredior.
388 2766 483 2799 aliae
503 2766 648 2808 (naves)
667 2765 854 2808 paululum
871 2772 1090 2806 progressae
1107 2762 1142 2793 H
1163 2763 1180 2794 I
1197 2761 1254 2794 60.
1297 2771 1475 2804 nusquam
1500 2763 1628 2795 etiam-

105 2814 193 2843 tunc
210 2812 389 2854 Lepidum
406 2821 638 2854 progressum
658 2812 692 2842 H
709 2812 726 2843 Ι
741 2809 797 2849 48,
816 2809 848 2841 6.

151 2857 339 2895 prohibere.
371 2857 416 2888 ab
433 2856 568 2888 iniuria
585 2856 752 2887 Maurum
768 2853 940 2896 prohibet
955 2853 979 2884 J
999 2851 1079 2891 107,
1102 2851 1131 2883 1.
1173 2852 1205 2884 si
1230 2852 1276 2884 ab
1299 2852 1377 2884 iure
1401 2853 1565 2895 gentium
1588 2863 1629 2885 se

109 2900 339 2944 prohibuerit
355 2901 378 2933 J
394 2901 451 2941 22,
469 2901 501 2933 4.
542 2899 770 2942 prohibendo
795 2909 817 2931 a
840 2897 985 2930 delictis
1002 2897 1026 2929 J
1042 2896 1098 2938 45,
1117 2897 1149 2930 3.
1190 2897 1417 2940 insequentis
1439 2897 1629 2931 moenibus
