1826 3268
0 0 44 47 ξε.

550 265 846 297 Ηιετοιιιᾼιινιι
869 232 951 292 mi3.
982 264 998 290 1
1028 256 1200 294 50—54.
1578 246 1630 287 19

109 367 286 410 Lepidum
318 377 430 410 aegre
461 366 642 399 ferentem
674 367 810 398 frustra
840 368 1011 411 suscepta
1044 363 1196 396 consilia
1228 365 1265 395 et
1294 361 1415 394 uxoris
1447 360 1629 393 adulteria

109 416 285 445 mortuum
310 422 390 445 esse
417 415 563 444 constat
586 411 725 453 (Drum.
750 412 800 444 IV
816 422 851 454 p.
871 405 963 452 346),
989 414 1114 442 tamen
1139 408 1290 441 Sallusti
1315 407 1430 441 verba
1454 406 1516 440 vix
1540 408 1626 449 apte

111 458 158 490 ad
181 461 332 490 mortem
357 458 435 490 eius
459 457 676 489 referentur.

222 549 275 587 50
309 547 388 601 [Kr.
411 553 466 586 52.
498 549 537 586 G.
558 517 635 600 77].
687 546 801 598 Apud
831 546 1037 585 Mutinam.

223 626 476 659 conmemorat
505 626 598 658 haec
621 626 736 659 verba
760 625 875 657 Prisc.
901 626 967 657 XV
991 636 1025 667 p.
1054 623 1139 656 1008
1163 624 1204 655 P.
1230 634 1264 666 p.
1290 621 1333 654 67
1358 623 1404 654 H.
1439 632 1482 654 ac
1508 631 1628 674 quam-

112 682 217 714 quam
241 671 401 704 dubitari
432 674 553 714 potest
582 682 666 703 num
692 670 950 714 grammaticus
983 681 1028 702 ea
1054 680 1098 701 ex
1122 669 1236 711 primo
1261 668 1352 700 libro
1377 667 1493 710 petita
1518 667 1629 709 signi-

110 717 240 756 ficarit,
265 720 389 749 tamen
414 717 531 749 nullus
556 717 609 748 eis
634 716 785 749 idoneus
810 716 910 748 locus
935 715 1005 747 nisi
1029 715 1067 746 in
1083 715 1151 746 hoc
1175 714 1266 745 libro
1285 713 1471 755 adsignari
1495 715 1627 755 potest.

109 761 165 794 Ad
195 762 374 794 Mutinam
406 762 501 794 enim
524 762 575 794 M.
602 762 752 801 Brutus,
786 762 836 793 M.
862 761 995 803 Lepidi
1020 760 1159 799 socius,
1192 759 1310 792 victus
1337 762 1392 790 est
1416 758 1555 810 (Drum.
1579 757 1629 789 IV

110 818 146 850 p.
171 806 238 840 344
254 807 341 849 sq.);
368 807 439 839 alio
463 807 541 840 loco
567 807 709 850 copiam
735 807 812 839 eius
837 806 961 849 oppidi
986 804 1278 838 conmemorandi
1304 804 1416 836 fuisse
1434 803 1629 838 nescimus,

221 909 300 948 *51
336 908 415 962 [Kr.
437 913 492 947 54.
517 911 560 950 G.
579 908 654 962 57].
702 909 811 949 Serv.
836 909 884 948 ad
906 907 1020 958 Verg.
1039 907 1134 947 Aen.
1151 906 1183 946 X
1206 906 1304 946 168:
1333 907 1472 958 Cosas3
1493 907 1630 945 civitas

65 964 69 971 ¹
116 977 290 1024 Tusciae,
304 989 405 1026 quae
420 989 583 1017 numero
595 979 741 1016 dicitur
755 979 955 1025 simulari
965 977 1178 1016 secundum
1189 975 1430 1014 Sallustium.
1461 973 1519 1012 Ab
1533 973 1630 1012 Cosa

112 1045 301 1096 Lepidum
329 1046 367 1084 in
399 1045 618 1085 Sardiniam
649 1045 848 1095 aufugisse
885 1049 1038 1083 constat
1068 1044 1216 1094 (Drum.
1241 1042 1290 1081 IV
1309 1054 1346 1094 p.
1370 1042 1479 1095 346).
1530 1041 1630 1080 Alibi

112 1113 221 1152 locus
246 1113 328 1152 eius
358 1113 489 1164 oppidi
518 1113 839 1166 conmemorandi
867 1113 926 1151 vix
961 1113 1090 1152 suerit.

225 1225 278 1265 52
311 1225 390 1278 [Kr.
411 1230 466 1263 55.
497 1228 536 1263 G.
558 1225 635 1278 62].
690 1225 900 1283 Curionem
929 1226 1098 1277 quaesit,
1139 1225 1196 1264 uti
1225 1213 1512 1264 adulescentior
1543 1227 1581 1261 et
1609 1234 1631 1261 a

112 1293 246 1346 populi
274 1294 468 1344 suffragiis
497 1294 648 1345 integer
678 1293 1054 1334 aetati·concederet
1083 1292 1282 1332 Mamerci.

225 1373 338 1406 Prisc.
363 1374 396 1405 X
425 1385 460 1416 p.
486 1372 570 1406 535:
602 1375 753 1406 similiter
785 1373 926 1417 ‘quaeso
958 1374 1112 1416 quaesi'‚·
1142 1371 1275 1404 Probus
1296 1375 1413 1403 iumen
1448 1371 1630 1413 ‘quaesivi'

113 1419 205 1457 dicit,
230 1423 264 1451 et
286 1421 410 1457 melius,
437 1420 582 1462 quamvis
600 1420 803 1461 primitivum
827 1428 955 1462 quoque
980 1419 1065 1455 eius,
1091 1420 1113 1449 i.
1140 1428 1169 1449 e.
1196 1418 1357 1460 ‘quaero'‚
1385 1417 1555 1460 ‘quaesivi'
1577 1416 1631 1455 Γα-

112 1466 158 1496 cit
169 1466 403 1507 praeteritum,
420 1465 484 1496 sed
499 1464 680 1497 Sallustius
695 1467 729 1496 in
747 1465 765 1496 I
780 1464 1017 1496 historiarum.-
1044 1462 1237 1494 Curionem
1255 1466 1324 1494 cet.
1367 1462 1499 1505 quaesit
1518 1462 1630 1493 Hertz

115 1520 159 1542 ex
185 1509 227 1542 G.
264 1511 426 1553 quaesivit
451 1509 497 1542 al.
525 1527 568 1532 -
592 1509 692 1541 Cum.
719 1510 828 1542 Mam.
854 1509 1030 1541 Aemilius
1050 1508 1211 1550 Lepidus
1229 1507 1418 1548 Livianus,
1438 1517 1543 1550 quem
1569 1517 1630 1539 an-

112 1559 176 1587 tea
198 1549 346 1598 pr'opter
370 1555 727 1598 praetermissionem
753 1554 954 1596 aedilitatis
980 1553 1189 1586 consulatus
1206 1552 1389 1596 repulsam
1405 1553 1532 1584 tulisse
1551 1552 1628 1584 Cic.

115 1601 148 1632 d.
175 1600 235 1632 off.
259 1601 296 1632 ΙΙ
322 1600 374 1640 17,
399 1599 443 1632 58
466 1603 634 1639 testatur,
663 1611 696 1632 a.
722 1601 765 1632 77
792 1610 872 1632 cum
896 1601 942 1631 D.
967 1599 1070 1631 Iunio
1095 1599 1206 1630 Bruto
1232 1598 1357 1630 consul
1381 1598 1502 1638 fuerit,
1530 1601 1631 1629 recte

113 1645 171 1678 De
195 1645 360 1678 Brossius
384 1646 582 1688 perspexit,
608 1645 705 1677 illius
731 1645 1002 1688 conpetitorem,
1031 1644 1235 1683 Curionem,
1263 1654 1285 1676 a
1302 1643 1378 1676 viro
1397 1644 1551 1686 quodam
1570 1653 1631 1674 au-

116 1686 286 1723 ctoritate
311 1701 445 1733 magna
469 1690 638 1733 (Appium
664 1690 855 1723 Claudium
878 1690 1100 1732 interregem
1125 1689 1252 1728 fuisse,
1278 1689 1340 1721 Fr.
1365 1689 1383 1720 I
1406 1689 1461 1728 47,
1480 1689 1534 1728 2⁹,
1561 1699 1633 1720 non

116 1735 194 1768 sine
218 1736 297 1769 veri
321 1735 443 1778 specie
469 1735 698 1778 suspicatus)
712 1739 913 1778 permotum
939 1745 1031 1774 esse,
1062 1738 1102 1767 ut
1127 1745 1149 1767 a
1173 1734 1349 1777 petitione
1375 1734 1582 1766 desisteret.

229 1838 282 1877 53
315 1837 394 1890 [Kr.
425 1841 482 1876 89.
514 1840 552 1875 G.
574 1836 651 1890 67].
713 1837 821 1876 [dem
861 1837 990 1877 secere
1021 1838 1094 1876 Gn.
1127 1836 1308 1875 Octavius
1346 1841 1384 1876 et
1414 1836 1458 1882 Q.
1491 1836 1633 1888 Caepio

116 1907 199 1946 sine
233 1906 342 1956 grau·
373 1906 602 1957 cuiusquam
630 1906 898 1956 expectatione
930 1917 1058 1957 neque
1087 1910 1190 1944 sane*
1210 1903 1342 1943 ambiti
1370 1904 1538 1955 publice.

229 1985 329 2018 Serv.
358 1985 404 2017 ad
427 1985 536 2027 Verg.
562 1986 653 2016 Aen.
678 1985 728 2017 IV
752 1984 835 2018 283:
866 1982 1032 2027 [ambire]
1055 1985 1222 2027 siynificat
1253 1988 1286 2015 et
1310 1994 1435 2026 rogare
1461 2002 1504 2005 —
1534 1985 1634 2016 Dice—

115 2031 215 2063 batur
238 2035 272 2063 et
297 2030 414 2063 ‘ambio
431 2031 529 2063 illum’
550 2041 618 2072 pro
637 2033 731 2073 ‘rogo
748 2031 858 2062 iltum‘.
900 2030 1079 2062 Sallustius
1095 2031 1129 2061 in
1145 2034 1273 2071 primo:
1296 2029 1398 2061 Idem
1415 2047 1457 2052 -—
1474 2029 1632 2071 publice,

116 2078 149 2109 Ιι.
173 2087 204 2108 e.
228 2086 334 2119 neque
357 2077 454 2108 valde
477 2080 602 2118 royati.
635 2093 679 2098 —-
709 2075 825 2108 Acute
850 2076 913 2107 ΚΥ.
945 2075 984 2107 in
1010 2075 1065 2106 ed.
1091 2074 1299 2107 novissume.
1329 2075 1534 2117 suspicatus
1565 2079 1631 2114 est,

116 2122 211 2154 haec
235 2121 349 2154 verba
374 2121 420 2153 ad
445 2122 597 2154 eandem
621 2132 698 2153 rem
732 2126 841 2163 atque
866 2120 1093 2163 praecedens
1125 2120 1168 2151 fr.
1196 2125 1397 2162 spectasse.
1447 2120 1550 2159 Quae
1576 2130 1631 2152 su-

119 2167 232 2210 spicio
258 2177 300 2198 eo
325 2176 489 2198 maxume
516 2166 764 2206 confirmatur,
798 2166 891 2208 quod
916 2166 983 2198 Gn.
1012 2165 1188 2198 Octavius
1221 2175 1253 2197 a.
1281 2163 1324 2196 76
1349 2164 1456 2206 (678)
1483 2176 1562 2197 cum
1589 2166 1632 2198 G.

119 2212 305 2244 Scribonio
331 2212 486 2244 Curione
513 2211 636 2244 consul
661 2212 742 2251 fuit,
770 2223 855 2254 ergo
878 2211 943 2243 hos
968 2212 1041 2243 iam
1066 2211 1251 2253 superiore
1277 2221 1370 2242 anno
1389 2212 1634 2252 conpetitores

118 2258 231 2290 fuisse
254 2258 334 2290 veri
358 2257 589 2289 simillumum
614 2260 680 2290 est.
728 2257 957 2290 Praenomen
988 2266 1068 2288 cum
1098 2256 1195 2288 nullo
1226 2256 1328 2288 modo
1360 2256 1476 2288 omitti
1507 2256 1632 2299 possit,

120 2314 187 2346 ego
215 2303 276 2335 Gn.
302 2303 514 2345 interposui.

232 2405 317 2444 *54
348 2404 434 2457 [Kr.
455 2409 511 2442 56.
540 2408 579 2443 G.
601 2407 628 2443 11
654 2404 712 2457 l].
766 2405 815 2444 M.
848 2405 994 2455 Lepido
1030 2417 1119 2444 cum
1159 2403 1341 2443 omnibus
1378 2406 1498 2456 copiis
1527 2404 1632 2444 Italia

121 2472 231 2524 pulso
255 2473 411 2524 segnior
428 2485 554 2524 neque
575 2473 704 2512 minus
722 2474 849 2523 gravis
871 2477 908 2511 et
930 2472 1129 2524 multiplex
1155 2485 1248 2511 cura
1266 2477 1396 2524 patres
1414 2473 1632 2512 exercebat.

232 2552 368 2584 Victor.
395 2552 440 2584 ad
466 2551 542 2584 Cic.
568 2563 602 2595 p.
628 2551 672 2584 59
696 2552 757 2584 Or.
790 2556 866 2584 ilem
896 2555 1064 2595 copulatio
1094 2551 1306 2584 rationabiles
1335 2552 1508 2584 verborum
1527 2554 1634 2594 pluri-

120 2609 243 2630 morum
268 2607 363 2629 unam
385 2608 457 2629 rem
479 2599 635 2635 continet,
661 2602 804 2630 maxime
827 2601 860 2630 si
880 2599 914 2630 in
938 2601 1136 2630 nar-ratione
1160 2599 1214 2631 sil.
1240 2608 1310 2629 cum
1324 2599 1516 2639 praemissa
1530 2597 1634 2629 verba

120 2645 224 2675 tertia
245 2653 396 2685 persona
417 2644 594 2680 concludit.
619 2647 654 2674 ut
677 2643 726 2675 M.
751 2643 892 2686 Lepido
915 2660 961 2666 —
985 2642 1194 2675 exercebat.
1235 2643 1333 2674 Hae(-
1362 2644 1465 2674 tertia
1483 2652 1635 2694 pter-sonu

121 2700 218 2721 unam
240 2699 310 2720 rem
321 2689 407 2730 fecit
430 2692 569 2720 omnium
583 2691 804 2730 superiorum.
844 2688 946 2721 Serv.
966 2689 1012 2721 ad
1028 2689 1138 2730 Verg.
1156 2688 1246 2719 Aen.
1265 2686 1382 2719 1630:
1408 2687 1634 2739 Nonignara

123 2734 209 2766 mali
233 2733 375 2765 miseris
399 2743 609 2766 succurrere
634 2734 745 2766 disco.
795 2733 905 2773 Quare
931 2735 1006 2766 ‘non
1031 2734 1150 2765 disco’.
1144 2735 1159 2753 ‘²
1207 2731 1290 2771 Quia
1319 2743 1384 2764 non
1407 2743 1477 2764 sum
1499 2734 1632 2774 ignara.

123 2779 188 2812 Bis
210 2780 295 2811 enim
317 2779 559 2822 intelligimus‘
562 2781 649 2817 non',
674 2783 831 2821 utsupra
854 2780 1011 2812 dfflmus.
1051 2779 1109 2810 Sic
1133 2778 1330 2810 Sallustius:
1354 2778 1501 2819 segnior
1515 2788 1632 2820 neque

124 2825 241 2856 minus
265 2825 387 2867 gravis
413 2828 449 2856 et
472 2824 658 2877 multiplex
684 2835 783 2857 cura.
809 2843 851 2847 —-
875 2825 990 2856 Acute
1009 2823 1168 2854 Kritzius
1194 2833 1236 2853 ex
1262 2833 1302 2854 eo
1320 2822 1457 2862 ordine,
1476 2832 1545 2865 quo
1561 2824 1631 2865 Ap-

125 2870 265 2912 pianas,
292 2869 499 2902 Sallustium
525 2870 763 2912 apertissume
789 2873 944 2906 secutus,
972 2878 1029 2900 res
1048 2867 1243 2905 enarravit,
1270 2867 1456 2907 conclusit,
1482 2868 1632 2911 scripto

125 2924 201 2946 rem
229 2918 389 2946 nostrum
420 2914 466 2947 ab
497 2914 651 2947 tumultu
681 2916 760 2957 Lep
762 2914 871 2946 idano
902 2914 948 2945 ad
972 2913 1171 2945 Sertoriani
1201 2911 1288 2943 belli
1313 2912 1492 2955 principia
1515 2916 1631 2946 trans-

127 2968 288 3001 gressum
314 2970 406 2991 esse.
456 2959 523 2991 Cui
547 2960 717 2992 transitui
748 2959 862 2992 verba
885 2958 950 2990 illa
974 2957 1206 2990 inservivissc
1234 2957 1312 2999 quis
1341 2969 1410 2990 uon
1436 2959 1633 3002 perspicit?

1308 3015 1366 3055 2*
