1780 3276
579 255 879 283 ms'romARvM
909 255 993 282 Lm.
1025 255 1040 280 1
1077 248 1139 283 41.
1571 238 1620 277 13

29 365 74 399 20
212 358 347 410 Neque
379 359 452 397 iam
476 358 567 410 quid
599 357 838 396 existumetis
868 355 916 394 de
946 354 1022 400 illo,
1051 359 1107 394 set
1136 357 1323 406 quantum
1350 352 1524 391 audeatis
1555 365 1620 392 ve—

96 439 211 466 reor:
240 439 288 465 ne
320 425 418 465 alius
447 424 564 464 alium
592 425 811 475 principem
833 426 1084 474 expectantes
1111 426 1200 461 aute
1231 421 1437 472 capiamini
1469 443 1515 448 -
1541 432 1619 458 non

96 494 236 545 opibus
267 495 368 538 eim,
408 505 509 544 quae
539 491 667 531 futiles
703 496 741 530 et
774 494 990 541 conruptae
1023 494 1133 534 sunt,
1172 492 1231 528 set
1261 491 1390 527 vostra
1426 488 1617 533 socordia,

92 574 168 611 per
199 573 316 613 quam
360 565 518 611 captum
555 560 612 598 ire
652 558 742 598 licet
782 562 820 597 et
858 569 975 609 quam
1012 557 1157 596 audeas
1197 560 1275 594 tam
1302 555 1422 594 videri
1451 554 1615 595 felicem.

27 637 68 669 21
96 629 192 668 Nam
223 632 380 679 praeter
411 627 594 666 satellites
614 625 906 666 conmaculatos
934 626 1021 676 quis
1045 624 1182 663 eadem
1212 622 1300 667 volt,
1334 627 1400 662 aut
1425 624 1511 674 quis
1540 635 1616 662 non
1638 638 1653 662 5
1698 646 1706 650 ,

93 697 223 735 onmia
246 699 392 734 mutata
422 699 580 745 praeter
605 693 819 732 victorem?
874 691 1031 731 Scilicet
1052 691 1203 736 milites,
1231 702 1398 742 quorum
1429 692 1619 741 sanguine

93 762 260 802 Tarulae
290 762 522 813 Scirroque,
560 761 754 813 pessumis
780 772 1006 804 servorum,
1045 759 1197 798 divitiae
1239 762 1372 809 partae
1402 764 1504 797 sunt.
1560 759 1617 797 An

93 830 236 882 quihus
262 829 460 880 praelatus
490 830 527 868 in
549 828 840 878 magistratibus
869 827 1072 879 capiundis
1094 826 1280 870 Fufidius,
1312 824 1449 864 ancilla
1480 827 1617 876 turpis,

26 910 69 942 22
95 898 289 937 honorum
320 898 494 936 omnium
526 896 941 935 dehonestamentum?
999 894 1132 946 Itaque
1161 905 1382 932 maxumam
1404 893 1497 932 mihi
1521 893 1618 933 fidu-

95 967 193 1005 ciam
231 966 334 1016 parit
366 965 489 1004 victor
520 965 736 1009 exercitus,
776 965 837 1002 cui
872 975 943 1014 per
983 966 1038 1000 tot
1076 961 1235 1001 volnera
1272 968 1310 999 et
1339 959 1494 1000 labores
1523 961 1664 1001 nihilne

24 1042 74 1076 23
92 1037 250 1084 praeter
279 1037 487 1084 tyrannum
519 1033 735 1083 quaesitum
766 1035 836 1070 est.
901 1030 982 1069 Nisi
1023 1029 1123 1068 sorte
1161 1028 1410 1067 tribuniciam
1449 1034 1618 1079 potesta-

94 1105 173 1140 tem
203 1111 384 1139 evorsum
414 1099 581 1151 profecti
611 1103 721 1144 sunt,
759 1111 832 1150 per
866 1111 975 1138 arma
1006 1097 1202 1136 conditam
1233 1109 1254 1135 a
1283 1096 1496 1136 maioribus
1525 1098 1617 1141 suis,

93 1169 226 1219 utique
257 1169 341 1206 iura
373 1171 411 1205 et
436 1166 576 1205 iudicia
605 1166 762 1205 sibimet
791 1169 1092 1217 extorquerent:
1132 1165 1288 1214 egregia
1328 1163 1475 1203 scilicet
1514 1177 1618 1203 mer-

70 1235 202 1279 cede,
233 1247 323 1282 cum
353 1233 514 1284 relegati
543 1234 582 1272 iu
607 1233 771 1284 paludes
797 1237 835 1273 et
861 1233 974 1272 silvas
1002 1231 1277 1271 contumeliam
1298 1235 1413 1282 atque
1436 1224 1617 1271 invidiam

25 1314 69 1346 24
93 1314 225 1347 suam,
265 1303 438 1353 praemia
479 1314 600 1352 penes
634 1313 781 1352 paucos
819 1300 1092 1350 intellegerint.
1160 1298 1243 1344 Qua
1271 1311 1315 1338 re
1351 1299 1468 1348 igitur
1509 1304 1662 1339 tant015

92 1370 247 1419 agmine
277 1374 393 1421 atque
424 1370 562 1408 animis
592 1369 760 1408 incedit?
818 1368 915 1414 Quia
944 1366 1139 1407 secundae
1169 1379 1234 1406 res
1266 1367 1364 1405 mire
1399 1371 1490 1405 sunt
1520 1368 1618 1406 vitiis

92 1438 287 1488 optentui:
326 1425 697 1489 quibuspatefactis
728 1449 844 1488 quam
871 1436 1102 1486 formidatus
1133 1439 1191 1474 est
1211 1442 1290 1473 tam
1322 1439 1617 1475 contemnetur:

91 1505 164 1544 nisi
196 1504 296 1544 sorte
327 1506 457 1556 specie
486 1505 720 1544 concordiae
752 1509 789 1544 et
814 1505 934 1555 pacis,
967 1516 1067 1555 quae
1095 1502 1233 1542 sceleri
1264 1507 1302 1541 et
1326 1503 1515 1553 paricidio
1545 1516 1615 1543 suo

206 1627 257 1660 14.
285 1628 388 1661 Arus.
415 1640 449 1671 p.
476 1628 559 1661 258·
587 1629 1035 1671 Releyatinillumlocum.
1086 1626 1157 1659 Sal.
1186 1628 1378 1659 Histor.1·
1413 1626 1555 1670 relegat
1579 1628 1615 1659 in

89 1673 256 1749 Ρᾶιηᾰῗῗῧ.
284 1718 414 1750 Senec.
443 1722 602 1751 eontiox.
629 1719 714 1750 VIII
742 1718 780 1749 153
813 1730 846 1760 p.
873 1717 940 1749 240
971 1718 1026 1749 ed.
1056 1718 1157 1749 Burs.
1202 1718 1292 1749 Iunc
1326 1720 1438 1749 retulz‘t
1447 1722 1615 1772 alequam

96 1763 298 1803 Thucydidis
324 1763 498 1801 [debebat
516 1764 746 1795 Demosthenis·
764 1763 939 1815 sciibere]
965 1766 1161 1795 sententmm
1181 1761 1307 1795 δειναὶ
1327 1773 1398 1805 γαρ
1417 1758 1460 1794 αἱ
1476 1773 1615 1805 ευπρα-

91 1806 170 1847 ξιάι
196 1804 412 1850 συγκρύψαι
439 1806 503 1840 καὶ
529 1803 727 1840 συσκιάσαι
753 1803 798 1840 τὰ
826 1801 992 1840 ἑκάστων
1014 1802 1282 1850 ἁμαρτήματα,
1310 1810 1432 1840 demde
1450 1808 1615 1840 Salus-tla—

89 1864 184 1884 nam:
215 1863 274 1884 res
306 1853 489 1885 secundae
521 1854 610 1885 mire
645 1857 727 1885 sunt
758 1853 855 1886 vitiis
880 1853 1056 1895 optentui.
1085 1871 1125 1875 —
1158 1853 1332 1895 Porphjr.
1362 1853 1407 1885 ad
1431 1854 1518 1885 Hor.
1546 1854 1613 1896 Ep.

87 1898 103 1930 Ι
134 1897 187 1938 18ι
209 1896 270 1930 29:

203 2032 233 2065 l.
267 2036 439 2076 quantum
465 2033 632 2065 audeatis
658 2032 700 2068 23.
752 2036 926 2075 quantum
954 2044 1018 2066 vos
1045 2033 1214 2065 audeatis
1242 2034 1332 2066 Cor-t.
1367 2052 1410 2055 —-
1441 2034 1472 2065 4.
1508 2043 1613 2075 quam

89 2081 231 2120 raptum
256 2078 300 2110 iri
325 2078 414 2110 licet
439 2082 476 2110 et
501 2088 606 2120 quam
634 2079 771 2110 audeas
796 2082 870 2109 tum
896 2079 1012 2110 videri
1038 2079 1184 2110 felicem
1210 2078 1254 2113 23.
1306 2078 1441 2110 audeat
1471 2080 1550 2110 Vut.
1569 2082 1612 2110 αΙ.

89 2123 218 2155 audias
255 2125 334 2156 Vat.
366 2124 399 2155 ·2.
449 2128 594 2165 captum
630 2124 682 2154 ire
714 2124 802 2155 licet
836 2127 872 2154 et
904 2133 1011 2164 quam
1045 2124 1179 2155 audeat
1212 2128 1287 2156 tam
1319 2123 1435 2156 videri
1468 2123 1613 2155 felicem

91 2168 181 2200 Cort.
232 2178 338 2211 quam
362 2172 507 2210 raptum
532 2169 585 2199 ire
604 2169 699 2200 ·licet
725 2169 758 2200 ei
790 2179 895 2210 quem
921 2168 1018 2200 haud
1043 2169 1179 2210 pudeat
1210 2172 1285 2200 tam
1318 2168 1614 2201 videri'felicem

89 2212 147 2245 Or.
179 2212 274 2245 1831.
323 2213 411 2245 lieet
436 2214 480 2252 ei,
509 2223 613 2255 quem
639 2214 774 2255 pudeat
798 2224 861 2246 vos
887 2217 960 2245 tam
987 2214 1102 2246 videri
1127 2213 1274 2245 felicem
1292 2216 1343 2245 vet
1367 2213 1402 2245 ei
1427 2220 1532 2255 quem
1550 2225 1613 2256 pu-

87 2258 174 2290 deat
199 2262 274 2290 tam
298 2258 415 2291 videri
441 2258 586 2290 felicem
612 2260 657 2290 id.
688 2258 784 2291 1835.
835 2259 898 2290 sed
925 2263 1048 2291 vostra
1066 2259 1231 2290 socordia
1250 2258 1426 2300 conrepti.
1465 2258 1615 2290 Scilicet

88 2313 195 2345 quam
222 2304 358 2335 audeas
383 2307 458 2335 tam
484 2304 600 2335 videri
624 2303 772 2336 felicem
797 2303 897 2335 Linlc.
949 2314 1054 2345 quam
1082 2308 1228 2345 captum
1254 2304 1306 2335 ire
1330 2303 1419 2335 licet
1446 2307 1482 2335 et
1508 2314 1614 2346 quam

88 2349 255 2380 audeatis
280 2351 355 2380 tam
380 2349 495 2381 videri
520 2349 650 2380 felices
677 2349 796 2390 Md'lzty
815 2349 859 2380 Ν.
875 2349 920 2381 Α,
948 2349 1116 2380 LXXVII
1139 2360 1175 2390 p.
1193 2348 1237 2380 78
1261 2359 1312 2391 sq.
1364 2348 1523 2387 Quantam
1549 2350 1614 2380 Le-

84 2394 160 2435 pidi
189 2394 272 2425 haec
302 2397 353 2425 est
387 2397 576 2425 sententia:
614 2394 678 2425 iam
708 2405 794 2425 nune
826 2392 952 2433 Sullam
983 2395 1063 2435 capi
1091 2404 1207 2435 posse,
1250 2404 1316 2425 non
1348 2395 1424 2425 lieet
1460 2397 1617 2435 eonz'unye'

90 2441 175 2470 ante
202 2438 411 2480 capiamini,
439 2449 545 2480 quam
571 2442 718 2481 captum
742 2439 796 2470 ire
821 2438 926 2470 licet:
953 2441 1040 2471 unde
1066 2439 1213 2480 adparet
1238 2439 1351 2470 ultima
1373 2439 1476 2470 verbu
1493 2441 1540 2470 acl
1562 2450 1615 2470 so-

88 2484 239 2515 cordiam
259 2484 449 2524 pertinere.
499 2483 571 2522 Qua
586 2494 625 2515 re
650 2495 716 2515 una
739 2486 855 2516 vocula
880 2485 1084 2525 interposita
1101 2502 1144 2506 —
1160 2488 1364 2525 praesertim
1388 2495 1457 2515 cum
1478 2483 1508 2517 23
1535 2495 1615 2515 non-

88 2530 196 2560 nullus
219 2530 305 2560 tales
330 2531 466 2561 lacunas
490 2528 612 2561 habeat
631 2547 672 2550 —
686 2531 871 2572 paucisque
896 2530 1014 2560 leviter
1030 2532 1164 2560 mutatis
1182 2531 1230 2560 itu
1246 2531 1338 2561 locus
1362 2529 1499 2560 restitui
1509 2539 1614 2570 posse

86 2573 272 2611 videbatur,
299 2577 334 2605 ut
357 2575 526 2606 sententia
549 2577 717 2611 communi,
745 2585 811 2616 qua
834 2578 943 2606 tamen
961 2574 1076 2606 Sullae
1099 2584 1209 2606 mores
1229 2578 1460 2615 tangerentur,
1489 2578 1615 2615 quantu

83 2621 205 2660 populi
225 2619 386 2651 socordia
409 2623 508 2656 esset,
534 2622 797 2660 exprimeretur.
838 2619 992 2661 Sequens
1015 2629 1101 2651 nam
1121 2623 1273 2660 pertinet
1299 2619 1346 2650 ad
1367 2620 1614 2659 eoeplicundum,

88 2674 150 2695 cur
174 2662 216 2695 L.
242 2674 308 2696 non
332 2668 506 2702 vereatur,
538 2665 620 2706 quid
641 2666 785 2706 populus
809 2665 851 2696 de
876 2665 971 2699 Sulla
996 2665 1187 2696 eoeistumet.
1212 2681 1256 2685 —
1280 2663 1312 2694 5.
1339 2662 1417 2695 vult
1442 2661 1485 2696 23.
1513 2680 1554 2684 —
1579 2661 1612 2694 6.

88 2708 279 2740 victoriam
310 2708 353 2743 23.
402 2709 578 2741 victorem
612 2709 724 2741 Kritz.
797 2708 947 2741 Scilicet
972 2708 1106 2740 milites
1134 2708 1222 2740 libr-:z
1271 2707 1326 2738 An
1353 2707 1523 2744 [scilicet]
1550 2707 1613 2738 mi-

88 2753 173 2785 lites
198 2754 300 2786 Link.
333 2772 374 2776 —
406 2754 439 2785 7.
469 2753 629 2786 Tarulae
655 2754 846 2796 Scirroque
871 2752 915 2787 23.
965 2753 1142 2785 Tam-ulae
1169 2752 1370 2793 Seyrroque
1395 2754 1447 2783 vel
1470 2752 1613 2793 Scyrto-

90 2808 157 2840 que
183 2801 227 2830 al.
253 2817 296 2820 —
320 2797 352 2830 8.
381 2799 570 2840 capiendis
595 2797 638 2833 23.
710 2798 875 2830 Fufidius
900 2797 944 2832 23.
995 2798 1166 2828 Fusidius
1193 2797 1285 2828 Cort.
1311 2814 1354 2817 —
1385 2795 1418 2828 9.
1445 2797 1520 2828 suis
1545 2797 1614 2828 ita-

90 2853 158 2884 que
183 2843 264 2875 iura
281 2842 323 2877 23.
348 2843 490 2885 'utiquo
508 2845 694 2875 iamdudum
711 2854 770 2875 em.
798 2860 843 2866 —-
861 2843 916 2874 15.
943 2842 1202 2883 intellegerent
1227 2839 1258 2875 23
1282 2842 1419 2872 secund.
1438 2842 1612 2883 Heysium.

92 2888 212 2930 Utique
228 2889 428 2920 emendanti.
468 2888 729 2931 intellegerint.
757 2905 799 2910 —
828 2887 879 2919 17.
906 2886 1086 2928 optenttui
1111 2885 1154 2920 23.
1219 2885 1418 2918 labefactis
1443 2884 1487 2921 23.
1513 2886 1614 2919 labe-

90 2932 242 2965 factatis
269 2934 360 2965 Gort.
410 2933 611 2975 patefactis
637 2933 756 2974 Muhly
781 2934 802 2964 l.
829 2942 859 2964 c.
879 2943 917 2973 p.
945 2930 999 2962 79.
