1838 3288
551 264 853 292 ms‘romARvn
884 264 968 290 ms.
1001 263 1024 290 v
1060 255 1112 292 14.
1141 257 1192 292 15.
1557 243 1631 286 121

116 376 225 410 posse
252 366 421 399 arbitror.
470 366 633 399 Primum
657 366 773 404 enim,
806 375 1023 407 quamquam
1054 363 1306 396 certissumum
1336 363 1393 394 est
1423 359 1638 394 Sallustium

118 414 197 445 eius
236 413 413 444 orationis
450 412 674 444 mentionem
712 410 867 450 fecisse,
912 414 1036 442 tamen
1074 409 1275 451 longiorem
1321 417 1402 439 eum
1440 405 1638 448 expositio·

117 468 199 490 nem
231 458 399 490 oratione
431 457 583 499 obliqua
621 455 839 494 relaturum,
876 465 948 487 non
985 456 1102 497 ipsum
1134 454 1337 486 orationem
1367 451 1639 495 conpositurum

117 503 253 542 fuisse,
285 503 318 535 si
342 502 427 545 quid
453 513 497 535 ex
520 501 669 535 relicuis
694 501 772 533 eius
796 500 944 542 scriptis
969 500 1090 532 conici
1113 499 1222 538 licet,
1257 497 1436 537 credibile
1463 507 1537 529 non
1569 499 1638 537 est,

116 548 319 590 longiorem
344 551 467 580 autem
491 558 573 580 eam
598 546 862 588 expositionem
879 545 992 577 fuisse
1018 547 1221 576 statuamus
1237 552 1392 576 necesse
1410 544 1479 583 est,
1505 542 1537 574 si
1561 541 1639 584 qui·

117 593 199 625 dem
233 603 275 625 ex
305 593 429 625 verbis
458 592 533 624 illis
557 591 770 634 Pompeium
802 590 918 622 omnis
948 589 1020 622 sibi
1051 589 1196 622 habitos
1226 589 1381 621 honores
1407 597 1639 620 enumerasse

117 637 408 670 concludendum
433 637 590 670 videtur.
638 636 782 668 Deinde
808 645 903 667 cum·
922 634 1097 667 simulata
1128 634 1325 673 modestia,
1358 637 1484 665 tamen
1515 633 1569 665 ita
1600 634 1640 664 ut

116 683 170 716 rei
195 694 218 715 a
242 693 281 715 se
307 686 432 726 gestas
457 683 634 721 ecferret,
661 682 729 715 Gn.
755 680 970 723 Pompeium
996 680 1042 712 ad
1070 674 1243 722 popu'lum
1267 679 1402 711 dixisse
1428 680 1567 710 certum
1591 677 1641 710 sit

117 728 296 770 (Momms.
322 728 379 760 111
401 739 436 770 p.
464 727 540 760 102.
565 728 691 760 Drum.
717 727 769 759 IV
791 738 826 769 p.
851 725 946 766 405),
970 725 1133 767 ineptum
1157 724 1228 756 fuit
1252 724 1296 756 de
1320 723 1535 764 honoribus,
1563 722 1639 765 qui-

116 773 184 806 bus
209 772 379 806 adfectus
404 775 513 812 esset,
537 771 735 815 magnifice
759 771 877 813 loqui,
910 781 979 803 nec
1005 769 1199 812 quidquam
1224 769 1449 811 perversius,
1477 778 1584 810 quam
1609 766 1640 800 si

116 818 287 861 populum
313 828 435 851 eorum
461 818 719 857 admonuisset,
747 827 841 859 quae
867 816 992 849 Sullae
1019 825 1151 847 caussa
1176 814 1339 846 fecisset.
1387 813 1540 846 Scilicet
1563 816 1640 845 tum

116 863 241 906 populi
263 867 389 906 partes
413 874 453 896 se
478 863 676 896 defendere
701 862 911 894 simulabat.
961 860 1071 893 Certe
1101 859 1213 892 multo
1239 859 1366 891 melius
1392 869 1499 901 quam
1524 858 1640 891 Sallu-

118 909 210 940 stius
234 919 382 941 munere
407 919 472 941 suo
496 908 645 940 functus
671 918 752 940 esse
777 906 994 940 iudicandus
1019 906 1115 938 foret
1139 904 1243 936 Cass.
1261 904 1332 936 Dio
1349 904 1503 936 XXXVI
1526 903 1548 936 8
1566 906 1602 936 et
1618 901 1641 935 9

116 953 205 986 ficta
229 954 396 986 oratione
420 954 635 996 Pompeium
661 964 706 985 ea
729 952 938 994 loquentem
956 951 1112 990 faciens,
1139 949 1270 992 quibus
1296 952 1333 981 et
1354 949 1499 981 labores
1517 959 1560 981 ac
1578 959 1639 991 pe-

116 999 233 1031 ricula
255 999 294 1031 in
318 999 528 1031 memoriam
552 1001 816 1031 revocarentur
846 1000 883 1030 et
908 996 1089 1039 cupiditas
1120 996 1171 1027 oti
1197 1005 1241 1026 ac
1273 994 1414 1036 requiei
1440 995 1639 1036 aptissume

116 1043 361 1076 simularetur.
410 1044 581 1086 Denique
605 1054 724 1075 nonne
749 1042 827 1076 veri
843 1042 961 1074 simile
980 1044 1047 1080 est,
1074 1040 1286 1073 Sallustium
1310 1043 1386 1071 tum
1411 1050 1492 1071 cum
1517 1039 1560 1071 de
1579 1049 1638 1070 ca-

114 1088 261 1120 lumniis
294 1092 332 1121 et
362 1089 454 1122 dolis
485 1089 653 1131 Pompei,
695 1092 736 1120 ut
773 1087 844 1120 sibi
876 1087 994 1119 maius
1026 1096 1133 1128 quam
1164 1084 1231 1116 ulli
1262 1087 1427 1117 veterum
1458 1085 1639 1126 inperium

114 1134 273 1166 militare
298 1134 524 1174 traderetur,
558 1136 777 1176 exponeret,
809 1133 854 1165 de
887 1132 967 1164 eius
991 1132 1140 1174 ingenio
1165 1140 1210 1162 ac
1234 1130 1392 1162 moribus
1417 1132 1492 1160 tam
1524 1129 1639 1161 libere

115 1179 268 1216 dixisse,
293 1182 335 1211 ut
358 1180 396 1211 in
420 1179 520 1211 illius
546 1179 744 1211 amicorum
761 1186 938 1210 summum
963 1177 1083 1209 odium
1107 1175 1275 1208 veniret?
1312 1174 1369 1206 An
1393 1174 1505 1216 igitur
1522 1175 1639 1206 incre-

114 1223 227 1256 dibile
254 1227 310 1256 est
333 1224 386 1256 ibi
412 1235 503 1262 eum,
530 1223 662 1267 quibus
686 1223 795 1256 rebus
811 1222 1006 1265 Pompeius
1031 1231 1071 1254 se
1096 1221 1238 1253 iactare
1264 1230 1309 1252 ac
1333 1219 1485 1262 gloriari
1510 1219 1640 1252 solitus

115 1272 225 1310 esset,
251 1269 414 1302 dixisse?

235 1382 284 1421 14
315 1382 401 1436 [Kr.
427 1387 479 1421 17.
517 1385 557 1421 G.
580 1381 641 1435 5].
709 1382 835 1433 Saepe
867 1380 1134 1421 celebritatem
1169 1379 1338 1418 nominis
1374 1377 1557 1429 intellego
1594 1379 1640 1417 ti-

113 1454 296 1490 mentem.

226 1530 342 1562 PriSc.
353 1530 478 1562 XVIII
486 1541 519 1573 p.
530 1530 615 1562 225:
635 1530 900 1571 Participiorum
915 1531 1023 1560 autem
1040 1528 1224 1560 accusativi
1231 1526 1435 1569 frequenter
1449 1536 1514 1567 pro
1531 1527 1639 1567 infini-

114 1577 158 1607 tt's
172 1574 283 1619 verbis
295 1580 475 1617 ponuntur,
491 1579 526 1607 ut
534 1575 811 1608 Sallzcstiusz’nV:
827 1584 892 1617 spe
911 1573 1133 1606 celebritate
1142 1572 1299 1604 nominis
1316 1570 1496 1613 intellego
1510 1571 1639 1603 timen-

114 1623 204 1663 tem,
222 1631 290 1662 pro
316 1614 465 1653 ‘timer-e'.
491 1620 725 1661 Emendatio,
741 1630 849 1662 quam
867 1618 1028 1658 exhibui,
1049 1629 1092 1651 eo
1117 1617 1234 1650 minus
1258 1616 1450 1649 reiciunda
1466 1619 1534 1656 est,
1559 1627 1640 1648 cum

114 1668 299 1708 optumam
323 1667 513 1698 contineat
537 1666 769 1698 sententiam.
818 1665 875 1697 De
902 1674 972 1706 quo
998 1664 1094 1696 enim
1118 1662 1185 1695 illa
1207 1662 1323 1695 verba
1345 1661 1446 1694 dicta
1469 1662 1642 1694 videntur

115 1720 196 1742 esse
213 1713 251 1743 et
265 1721 287 1743 a
303 1712 398 1753 quo?
426 1710 594 1743 Cassium
608 1711 777 1749 Dionem,
796 1710 856 1752 qui
871 1710 915 1742 de
932 1709 1041 1741 rebus
1058 1709 1104 1741 ab
1115 1707 1273 1741 Gabinio
1291 1707 1388 1740 actis
1402 1710 1479 1739 tam
1493 1707 1641 1749 copiose

114 1758 254 1795 narrat,
270 1756 368 1788 unde
382 1756 550 1788 hausisse
562 1755 741 1788 credibile
759 1758 826 1794 est,
843 1755 915 1786 nisi
931 1765 975 1787 ex
983 1754 1136 1786 Sallusti
1148 1753 1338 1785 historiis?
1353 1755 1391 1785 et
1405 1755 1447 1784 ut
1460 1753 1499 1784 id
1513 1762 1639 1794 negeS,

114 1803 238 1833 tamen
272 1802 524 1833 certissumum
557 1806 614 1833 est
644 1801 740 1833 hunc
766 1810 906 1842 quoque
937 1800 976 1831 in
1007 1800 1060 1831 eis
1091 1798 1200 1830 rebus
1232 1797 1457 1840 exponendis
1489 1797 1642 1829 multum

115 1846 243 1878 fuisse.
292 1847 524 1888 Quamquam
549 1846 661 1889 igitur
685 1856 733 1878 an
758 1846 801 1877 fr.
832 1844 872 1877 13
897 1855 941 1877 ex
958 1844 1110 1886 Pompei
1134 1843 1300 1875 oratione
1325 1845 1505 1885 sumptum
1531 1845 1639 1881 esset,

114 1901 171 1923 me
197 1891 368 1924 dubitare
394 1891 485 1931 dixi,
521 1895 644 1923 tamen
677 1891 777 1923 nullo
801 1890 906 1922 modo
931 1889 1139 1932 negandum
1164 1891 1252 1930 puto
1279 1888 1416 1921 Gabini
1441 1888 1642 1920 orationem

115 1936 162 1968 ab
181 1935 216 1968 S.
235 1937 478 1979 perscriptam
496 1937 624 1968 fuisse.
667 1937 738 1976 Qui
757 1935 855 1978 apud
867 1935 1024 1967 Dionem
1042 1934 1195 1966 XXXVI
1216 1933 1256 1965 12
1280 1933 1468 1975 Pompeio,
1495 1933 1557 1975 qui
1574 1944 1605 1965 c.
1619 1933 1642 1965 9

113 1981 292 2014 invidiam
317 1992 356 2014 se
381 1982 510 2015 timere
536 1982 697 2019 dixerat,
723 1981 781 2013 his
805 1980 928 2013 verbis
954 1979 1169 2022 respondet:
1201 1974 1300 2021 μηδὲ
1333 1971 1390 2011 ὅτι
1415 1974 1515 2017 τινὲς
1540 1978 1642 2021 φθο-

115 2024 223 2059 νοῦσι
249 2025 443 2070 φοβηθῇς.
469 2020 565 2059 ἀλλὰ
591 2024 657 2059 καὶ
683 2019 739 2058 δι’
764 2019 857 2058 αὐτὸ
882 2023 995 2058 τοῦτο
1011 2024 1156 2068 μᾶλλον
1173 2020 1405 2066 σπούδασον,
1429 2016 1523 2057 ὥστε
1548 2019 1643 2066 πρός

114 2081 154 2104 τε
178 2066 249 2114 τὴν
272 2067 376 2114 παρὰ
402 2071 476 2105 τῶν
500 2067 686 2105 πλειόνων
711 2070 848 2114 φιλίαν
871 2068 939 2103 καὶ
963 2065 1057 2113 πρὸς
1084 2064 1130 2102 τά
1155 2069 1267 2113 κοινῇ
1291 2067 1409 2102 πᾶσιν
1433 2063 1528 2113 ἡμῖν
1552 2079 1641 2112 συμ-

116 2112 296 2159 φέροντα,
322 2114 388 2150 καὶ
412 2116 486 2150 τῶν
503 2112 790 2162 βασκαινόντων
807 2125 846 2149 σε
865 2110 1113 2158 καταφρόνει.
1155 2115 1252 2155 Quid
1269 2115 1405 2158 igitur?
1429 2116 1642 2157 ineptumne

114 2162 185 2194 fuit
211 2162 408 2195 Gabinium
433 2163 480 2195 ad
505 2163 677 2206 populum
702 2162 888 2195 dicentem
916 2162 1060 2194 facere:
1096 2161 1164 2194 Gn.
1195 2160 1412 2202 Pompeium
1446 2160 1642 2192 celebrita-

115 2209 188 2239 tem
212 2208 368 2240 nominis
393 2208 533 2249 timere,
561 2208 656 2251 quod
680 2208 765 2240 inde
789 2218 835 2240 ne
861 2207 931 2240 sibi
955 2206 1096 2239 invidia
1121 2209 1337 2239 nasceretur
1360 2206 1575 2239 vereretur?

232 2311 282 2349 15
315 2310 404 2364 [Kr.
434 2314 486 2348 18.
519 2312 558 2348 G.
580 2309 635 2362 6].
687 2310 809 2350 Video
840 2309 1079 2360 indigentem
1111 2308 1213 2348 dona
1248 2309 1516 2360 quaesiturum
1550 2320 1642 2359 pro-

114 2381 331 2429 per-antem.

226 2457 343 2489 Prisc.
362 2457 486 2489 XVIII
509 2468 542 2500 p.
561 2456 630 2489 226
654 2457 808 2489 eandem
833 2457 877 2489 ob
905 2467 1073 2489 caussam
1099 2467 1143 2489 ac
1169 2457 1212 2488 fr.
1242 2455 1283 2488 14
1306 2456 1537 2499 interpositis
1561 2458 1643 2498 post

115 2504 358 2544 quaesiturum:
391 2497 446 2545 [τὸ
471 2500 667 2544 πορίζειν].
709 2502 813 2542 Quae
830 2502 945 2534 verba
970 2513 1189 2545 quamquam
1214 2512 1287 2534 non
1311 2501 1404 2533 nihil
1429 2501 1642 2543 suspitionis

113 2546 270 2587 habent,
304 2551 429 2580 tamen
452 2548 515 2580 vix
539 2547 612 2579 alio
637 2547 741 2579 modo
766 2558 875 2589 quam
899 2558 968 2590 quo
999 2547 1166 2580 exhibuit
1188 2548 1336 2587 Hertz.,
1372 2546 1548 2578 constitui
1579 2557 1643 2588 po-

114 2594 255 2631 terunt;
283 2597 382 2625 certe
404 2594 558 2635 ¹qratiae,
593 2592 687 2634 quod
709 2592 884 2625 Krehlius
908 2595 990 2635 post
1015 2594 1199 2635 quaesitum
1225 2592 1374 2634 scripsit
1397 2591 1562 2633 quodque
1588 2591 1642 2622 ita

116 2636 305 2679 explicant
336 2641 377 2670 ut
407 2639 499 2670 dona
525 2639 662 2679 ¹qratiae
686 2638 762 2670 sint
793 2638 919 2681 populi
951 2638 1092 2670 romani
1115 2637 1308 2675 benificia,
1343 2646 1386 2668 ex
1419 2635 1642 2678 glossemate

112 2692 237 2724 ¹qraeee
262 2686 388 2715 natum
407 2686 474 2715 est.
510 2683 721 2725 Indiqentem
743 2686 862 2715 utrum
887 2682 1072 2725 significet
1098 2692 1232 2724 egenos
1264 2681 1358 2721 (Cic.
1385 2680 1489 2712 Lael.
1515 2679 1554 2720 8,
1580 2681 1641 2712 27:

116 2726 334 2769 Quapropter
364 2739 386 2759 a
416 2732 540 2760 natura
569 2729 647 2760 mihi
674 2729 807 2760 videtur
835 2730 949 2770 potius
981 2739 1077 2770 quam
1102 2728 1144 2759 ab
1168 2727 1356 2767 indiyentia
1378 2730 1457 2758 orta
1481 2725 1642 2766 amicitia)

116 2781 163 2803 an
187 2771 352 2805 lubidine
366 2773 596 2815 *inexplebili
621 2773 783 2816 agitatos
809 2773 902 2813 (Cic.
928 2773 1019 2806 Tuc.
1045 2773 1096 2804 IV
1119 2771 1152 2811 9,
1172 2770 1229 2812 21)
1254 2781 1382 2813 parum
1408 2770 1535 2810 refert,
1561 2781 1642 2802 cum

114 2817 259 2859 utrique
282 2818 365 2860 pari
388 2818 492 2850 modo
517 2818 613 2850 dona
639 2821 830 2860 quaerant.
880 2817 985 2858 Quod
1010 2818 1042 2849 si
1068 2816 1152 2848 talis
1178 2818 1235 2848 est
1259 2816 1457 2855 sententia,
1483 2819 1524 2847 ut
1548 2816 1642 2848 vitu-

114 2865 300 2903 perentur,
327 2863 387 2905 qui
411 2863 593 2905 pecuniae
620 2863 718 2896 avidi
742 2873 783 2895 se
809 2862 996 2903 conrumpi
1027 2871 1099 2893 non
1124 2861 1228 2893 modo
1252 2860 1459 2902 patiantur,
1485 2863 1543 2893 set
1567 2864 1641 2893 stu-

115 2906 238 2945 deant,
264 2906 343 2939 fieri
367 2918 440 2940 non
465 2911 604 2950 potest,
630 2911 670 2939 ut
692 2907 759 2939 illa
782 2907 899 2940 verba
922 2907 960 2938 in
985 2906 1150 2938 oratione
1177 2905 1301 2937 Catuli
1326 2904 1414 2947 (vid.
1440 2905 1544 2939 Cass.
1570 2906 1641 2939 Dio

114 2951 269 2984 XXXVI
296 2951 337 2984 14
361 2952 455 2995 sqq.)
481 2953 594 2985 fuisse
620 2953 822 2995 opinemur.
872 2953 1002 2994 Inepte
1029 2951 1126 2984 enim
1150 2951 1199 2991 is,
1227 2951 1288 2993 qui
1311 2962 1376 2994 pro
1401 2954 1554 2985 senatus
1578 2962 1641 2985 au-
