1826 3282
513 205 814 273 HISTORIAizVM
845 247 927 272 Lm.
959 247 975 272 1
1005 239 1182 283 67—69.
1369 239 1373 243 ’
1559 231 1612 273 23

94 347 244 379 dicavit.
294 346 382 378 Fuit
405 346 575 390 oppidum
599 347 721 386 Belon,
747 346 791 378 de
818 357 886 388 quo
913 346 1032 379 Strab.
1059 357 1094 389 p.
1124 345 1188 378 140
1212 346 1370 379 Casaub.
1393 345 1456 378 188
1479 346 1611 379 Mein.2

93 387 191 425 Εἶτα
208 390 409 434 Μελλαριά
425 391 619 434 ταριχείας
638 388 776 435 ἔχουσα
793 389 860 424 καὶ
885 386 978 434 μετὰ
1003 390 1124 424 ταῦτα
1140 386 1266 424 Βελών
1289 386 1398 429 πόλις
1414 388 1480 424 καὶ
1495 402 1622 436 ποτα-Ι

91 432 173 480 μός.
225 431 407 480 ἐντεῦθεν
437 433 478 470 οἷ
510 431 664 470 ὃιοὶπλοι
695 431 856 480 μάλιστα
895 433 992 469 εἰσιν
1023 433 1078 475 εἰς
1111 437 1247 480 Τίγγιν
1261 436 1335 481 ,τῆς
1356 436 1611 481 Μαυρουσίας

91 480 158 516 καὶ
177 477 339 525 ἐμπόρια
356 480 422 516 καὶ
438 484 628 525 ταριχεῖαι
653 486 690 514 et
714 482 839 524 Steph.
866 483 953 523 Byz.
973 494 1006 525 p.
1027 483 1069 514 72
1089 483 1144 515 ed.
1171 484 1309 515 West.:
1333 477 1477 524 Βελών,
1502 477 1610 520 πόλις

92 527 158 561 καὶ
175 523 343 571 ποταμὸς
368 522 410 561 ἐν
426 527 472 571 τῇ
487 524 647 570 Βαιτικῇ
670 526 736 570 τῆς
750 521 955 565 Ἱσπανίας.
990 522 1010 560 ὁ
1027 527 1184 571 πολίτης
1199 523 1394 566 Βελοὶνιος.
1442 528 1535 560 Plin.
1561 529 1608 561 H.

90 574 134 606 N.
160 574 192 605 V
218 573 254 613 1,
280 575 319 605 2:
346 572 514 616 (Tingis)
541 573 646 605 abest
679 584 700 605 a
724 573 862 605 Belone
895 573 1026 615 oppido
1051 573 1229 606 Baeticae
1261 572 1422 616 proximo
1454 574 1611 613 traiectu

90 619 193 651 XXX
216 619 264 650 M.
291 628 389 661 pass.
437 618 479 650 Id
503 618 673 661 oppidum
699 618 807 659 (nune
832 617 999 660 Belonia)
1026 618 1133 650 situm
1158 619 1272 651 fuisse
1298 619 1420 651 docuit
1441 619 1611 652 Mannert

91 674 215 706 geogr.
241 664 259 695 I
281 675 316 706 p.
343 662 409 696 293
433 663 529 695 int‘er
552 664 620 695 duo
645 664 909 706 promontoria,
947 674 1095 705 quorum
1121 663 1275 696 alterum
1299 675 1394 696 nunc
1419 665 1463 696 de
1487 664 1608 704 Plata,
1627 681 1639 698 x

91 708 245 741 alterum
268 709 420 741 Paloma
444 709 660 741 nominatur.
709 709 826 740 Huius
859 719 991 741 nomeu
1017 709 1202 751 antiquum
1225 710 1263 741 in
1288 710 1478 753 scripturis
1502 709 1609 742 libro-

89 764 166 786 rum
191 754 294 787 Servi
317 754 434 786 latere
459 757 556 797 puto,

202 833 253 873 67
284 831 362 886 [ΚΓ.
385 837 441 871 66.
474 836 512 872 G.
538 833 634 886 120]
682 834 730 873 At
758 845 830 885 per
861 846 1016 873 omnem
1050 825 1478 886 provincianrmagnae
1505 839 1609 875 atro-

87 914 227 952 cesque
258 902 400 950 famae
443 903 570 947 ibant,
612 913 700 940 cum
740 914 787 940 ex
825 914 895 941 suo
935 902 1099 954 quisque
1140 907 1292 942 terrore
1330 904 1609 955 quinquaginta

88 969 340 1021 aut‘amplius
361 969 532 1008 hostium
552 969 681 1014 millia,
710 982 830 1009 novas
855 970 1021 1009 inmanis
1038 970 1197 1018 formas
1216 982 1241 1009 a
1256 972 1442 1020 fluctibus
1464 970 1608 1010 Oceani

88 1040 232 1078 accitas
262 1038 490 1088 corporibus
518 1037 720 1077 hominum
753 1039 855 1077 vesci
887 1038 1181 1077 contenderent.
1576 1027 1579 1034 Α

198 1117 311 1149 Extat
343 1116 412 1149 hoc
445 1116 576 1159 fragm.
612 1128 669 1159 ap.
702 1117 814 1160 Verg.
846 1117 997 1159 interpr.
1033 1117 1077 1149 ad
1109 1119 1199 1150 Aen.
1232 1118 1283 1150 IV
1316 1117 1380 1150 178
1411 1129 1445 1161 p.
1472 1118 1515 1150 42
1549 1118 1605 1151 ed.

86 1162 174 1194 Mai.
208 1162 313 1194 Cod.:
339 1172 478 1203 magnae
503 1167 590 1202 atro,
618 1162 711 1204 quod
735 1163 782 1207 H.
810 1162 951 1194 Keilius
976 1162 1160 1204 subplevitz
1185 1163 1280 1205 (Val.
1299 1164 1406 1196 Prob.
1434 1164 1469 1195 in
1494 1164 1604 1206 Verg.

87 1219 213 1240 comm.
242 1218 319 1240 acc.
346 1207 459 1239 schol.
486 1208 685 1239 Veronens.
711 1208 749 1239 in
773 1208 883 1250 Verg.
910 1205 972 1249 fr.)
987 1215 1118 1250 'cesque
1139 1209 1253 1248 famae
1277 1209 1390 1246 ibant,·
1422 1219 1527 1251 quem
1551 1214 1606 1241 ut-

85 1256 170 1296 pote
195 1253 279 1284 libri
304 1256 458 1285 naturae
483 1263 655 1297 gnarum,
682 1253 786 1294 sequi
810 1253 934 1291 malui,
962 1263 1068 1294 quam
1094 1254 1272 1285 Kritzium
1298 1258 1334 1286 et
1360 1253 1605 1294 Gerlachium,

87 1299 147 1340 qui
171 1298 264 1330 ibant
287 1308 359 1330 non
383 1303 613 1340 receperunt.
663 1298 766 1330 Infra
796 1298 966 1330 lacunam
996 1298 1060 1330 Kr.
1089 1299 1265 1341 explevit:
1297 1302 1439 1331 inmanis
1463 1301 1605 1341 formas,

88 1344 214 1376 Oceani
236 1346 381 1381 accolas,
409 1343 507 1376 Gerl.
526 1345 676 1375 inmanes
689 1344 789 1385 feras
807 1343 933 1385 Opeam‘
948 1346 1085 1379 accitas,
1112 1344 1213 1376 Keil:
1239 1355 1341 1377 nova-s·
1364 1350 1520 1377 immanes
1534 1346 1607 1384 for-

85 1400 156 1421 mas
177 1389 332 1431 fluctibus
357 1388 485 1421 Oceani
506 1390 684 1431 adpulsos,-
711 1399 797 1431 ego:
821 1399 925 1421 novas
948 1390 1090 1421 inmanis
1109 1390 1241 1431 formas
1265 1401 1286 1422 a
1307 1390 1461 1432 flactibus
1485 1390 1610 1423 Oceani

86 1437 225 1467 accitas.
251 1452 296 1456 —
321 1433 411 1466 Cum
435 1434 530 1466 Plut.
557 1434 651 1466 Sert.
687 1445 718 1466 c.
748 1433 788 1466 12
813 1434 949 1476 Libyes
983 1434 1028 1466 ab
1057 1434 1215 1467 Sertorio
1240 1436 1278 1467 in
1302 1435 1519 1478 Hispaniam
1546 1436 1606 1467 ad-

86 1481 212 1512 ductos
238 1490 319 1512 esse
344 1480 540 1512 memoriae
566 1480 785 1522 prodiderit,
820 1480 864 1512 de
891 1480 944 1511 eis
970 1480 1157 1513 fabulosos
1188 1491 1349 1513 rumores
1373 1492 1439 1524 per
1462 1481 1605 1524 provin-

89 1526 184 1558 ciam
208 1535 353 1568 sparsos
379 1525 425 1558 ab
451 1525 538 1558 Sall.
567 1529 853 1557 conmemoratos
879 1525 993 1557 fuisse
1019 1526 1098 1558 veri
1123 1526 1352 1568 simillumum
1378 1530 1444 1559 est.

200 1604 252 1662 68
285 1604 363 1658 [Kr.
385 1608 442 1643 68.
475 1607 513 1643 G.
540 1604 637 1657 111]
689 1604 737 1644 Et
757 1617 845 1644 mox
869 1605 1043 1644 Fufidius
1065 1605 1274 1645 adveniens
1295 1609 1605 1658 postquam’tan-

87 1676 146 1712 tas
167 1674 310 1724 copias,
339 1673 433 1712 haut
454 1672 606 1711 facilem
624 1672 892 1724 pugnantibus
912 1673 1066 1718 vadum,
1101 1678 1239 1713 cuncta
1260 1674 1361 1713 hosti
1382 1686 1500 1726 quam
1525 1675 1605 1713 suis

84 1741 339 1792 oportuniora
373 1740 483 1779 videt.

195 1808 287 1839 Non.
313 1819 348 1850 p.
377 1807 457 1839 157:
489 1808 619 1840 Vaa'um
641 1810 776 1850 generis
800 1810 912 1840 neutri
933 1826 988 1839 -.
1022 1809 1207 1841 Mas-culini
1228 1809 1407 1842 Sallustius
1430 1810 1603 1842 Historia-

82 1864 154 1885 rum
169 1854 202 1885 1:
231 1856 268 1885 et
291 1864 373 1885 mox
398 1871 439 1875 -—
465 1853 575 1885 videt.
604 1870 646 1875 —
672 1853 840 1895 Stipidtns
857 1854 899 1893 L,
926 1854 993 1886 AJ.
1013 1854 1170 1895 Aufidius
1186 1855 1341 1897 Lipsius·
1358 1865 1438 1897 epp.
1459 1859 1600 1897 quaest.

84 1910 118 1942 p.
144 1897 222 1930 295.
248 1917 291 1920 —
316 1899 431 1940 spiras
454 1898 549 1930 libri.
598 1900 805 1940 asperitates
830 1898 967 1931 Carrio.
1017 1901 1134 1941 copias
1160 1910 1239 1942 eg0.
1265 1918 1309 1922 —
1338 1902 1518 1942 oportunio
1541 1912 1602 1942 pa-

82 1945 172 1976 videt
197 1945 238 1976 L.
266 1961 307 1966 -—
326 1943 402 1975 cfr.
423 1943 517 1975 Plut.
534 1944 627 1975 Sert.
650 1943 707 1976 12:
734 1942 952 1987 Φουφίδιον
969 1944 1036 1986 (sic
1062 1948 1162 1976 recte
1180 1956 1244 1987 pro
1268 1955 1344 1978 που
1362 1944 1498 1982 Φίὸιον
1516 1947 1600 1986 em.)

85 1985 127 2022 δὲ
150 1983 218 2022 τὸν
241 1982 411 2032 ἄρχοντα
431 1987 499 2032 τῆς
523 1988 702 2032 Βαιτικῆς
719 1986 806 2032 περὶ
831 1984 897 2022 τὸν
914 1990 1049 2022 Βαῖτιν
1065 1984 1250 2032 ἐτρέψατο
1275 1989 1484 2034 δισχιλίους
1507 1984 1601 2023 α’πο-

83 2034 235 2073 κτείνας
254 2028 458 2077 Ῥωμαίων.

198 2115 249 2155 69
283 2114 361 2167 [Kr.
384 2104 510 2152 71.st
533 2114 610 2167 88].
655 2113 865 2154 Domitium
886 2114 1163 2166 proconsulem
1190 2128 1235 2154 ex
1261 2117 1442 2156 cIteriore
1465 2116 1602 2168 Hispa·

82 2183 145 2222 nia
177 2194 266 2221 cum
297 2182 479 2222 omnibus
509 2183 652 2233 mpii&
684 2195 780 2235 quas
808 2187 1033 2235 paraverat,
1061 2176 1271 2223 arcessivit.

194 2262 309 2294 Prisc.
336 2262 366 2293 X
393 2273 427 2304 p.
454 2260 538 2294 534:
573 2264 745 2297 ‘aree-ssa,
779 2264 943 2295 arcessivi
950 2265 958 2279 ⁷
983 2280 1026 2285 —
1052 2263 1230 2295 Sallustius
1263 2267 1294 2295 in
1328 2264 1343 2295 I
1374 2264 1602 2295 historiarum.

82 2307 279 2340 Domitium
302 2325 349 2330 ——
373 2307 576 2340 arcessivit.
603 2326 643 2329 —
670 2308 796 2350 Magni
813 2308 858 2339 (le
875 2308 944 2340 hoc
962 2308 1041 2340 loco
1061 2319 1201 2340 errores
1219 2309 1338 2340 diffusi
1356 2309 1471 2340 fuere.
1514 2308 1603 2340 Cum

82 2353 178 2385 enim
203 2352 298 2394 apud
322 2352 416 2403 Plut.
443 2353 536 2384 Sert.
564 2364 594 2384 e.
626 2352 665 2384 12
689 2353 783 2385 haec
810 2353 1038 2394 legerentur:
1073 2350 1260 2396 Δομέτιον
1282 2350 1324 2387 δὲ
1349 2353 1414 2386 καὶ
1438 2348 1603 2386 Λούσιον

82 2391 314 2430 ἄνθύπατον
331 2407 422 2430 οντα
439 2396 505 2440 τῆς
523 2391 652 2439 ἑτέρας
667 2390 829 2447 Ἰβηρίας
847 2393 911 2430 διὰ
930 2398 997 2431 τοῦ
1014 2398 1152 2441 ταμίου
1167 2394 1521 2450 καταχωνισοὲμενος
1537 2398 1602 2431 καὶ

85 2437 284 2485 Θωράνιον
306 2436 422 2475 ἄλλον
438 2436 606 2486 ἡγεμόνα
623 2442 698 2475 τῶν
714 2438 790 2476 υπὸ
806 2440 1001 2476 Μετέλλου
1017 2441 1278 2487 πεμφθέντων
1292 2440 1386 2487 μετὰ
1404 2440 1602 2486 δυνάμεως

83 2482 224 2530 οἷνεῐλε,
244 2488 454 2520 conclusere
479 2488 547 2521 viri
572 2489 670 2521 docti
684 2489 892 2521 Domitium
918 2500 1059 2532 quoque
1085 2501 1107 2522 a
1131 2490 1280 2523 Metello
1298 2491 1444 2522 missum
1461 2490 1520 2522 vel
1547 2501 1601 2522 ar-

84 2534 255 2566 cessitum
281 2544 361 2566 esse
388 2544 538 2576 eumque
566 2534 735 2566 arbitrati
767 2538 851 2566 sunt
883 2535 997 2567 fuisse
1032 2536 1074 2567 L.
1101 2536 1298 2568 Domitium
1323 2535 1601 2567 Ahenobarbum

83 2579 221 2620 (nrum.
247 2579 301 2611 ΙΙΙ
324 2590 358 2622 p.
385 2578 440 2611 31.
465 2579 515 2611 IV
538 2590 572 2621 p.
599 2578 692 2619 355),
726 2580 786 2621 qui
815 2580 963 2612 secund.
991 2581 1072 2613 Liv.
1101 2591 1156 2623 ep.
1182 2580 1227 2613 90
1253 2584 1288 2612 et
1312 2581 1409 2612 Flor.
1435 2581 1470 2612 ΙΙ
1496 2580 1554 2619 10,
1580 2579 1602 2611 6

82 2625 151 2657 fuit
175 2625 319 2667 legatus
344 2624 496 2663 Metelli,
524 2635 637 2666 eoque
663 2625 911 2665 confidentius,
940 2626 1032 2667 quod
1049 2627 1198 2668 Eutrop.
1224 2627 1274 2658 VI
1300 2625 1315 2657 1
1343 2626 1384 2657 L.
1404 2625 1601 2657 Domitium

82 2674 288 2712 praetorem
312 2670 493 2710 nominat3
519 2669 664 2702 scilieet
690 2670 785 2712 apud
803 2670 1037 2703 Plutarchum
1063 2671 1295 2703 scribundum
1319 2670 1390 2702 rati
1414 2666 1601 2712 Δομέτιον

83 2710 126 2747 δὲ
142 2710 317 2754 Λεύκιον,
352 2715 585 2757 praenomine
610 2718 649 2747 ut
674 2726 732 2758 ap.
759 2715 862 2747 Cass.
890 2716 995 2748 Dion.
1022 2716 1175 2747 XXXIX
1202 2715 1242 2746 14
1273 2716 1483 2758 postposito.
1533 2715 1600 2747 Cui

82 2761 287 2793 sententiae
312 2760 372 2792 vel
396 2760 483 2792 illud
507 2760 647 2799 obstat,
679 2761 772 2803 quod
795 2761 834 2793 in
857 2761 952 2793 Plut.
978 2761 1081 2792 libris
1106 2758 1171 2792 καὶ
1205 2763 1290 2792 ante
1315 2755 1479 2792 Λούσιον
1509 2759 1598 2803 legi—

81 2809 150 2838 tur.
198 2805 303 2838 Unde
330 2805 593 2838 emendandum
619 2815 700 2838 esse
723 2806 939 2838 intellexere
965 2805 1154 2837 Plutarchi
1180 2805 1336 2837 editores
1354 2804 1596 2838 Καλουίσιον.

81 2851 152 2883 Pro
178 2850 324 2883 consule
356 2851 468 2894 igitur
498 2851 536 2883 in
559 2851 779 2893 Hispaniam
811 2851 940 2883 missus
973 2853 1054 2882 erat
1083 2851 1132 2881 M.
1158 2850 1338 2882 Domitius
1364 2850 1536 2891 Calvinus
1563 2854 1599 2883 et

82 2896 177 2928 Plut.
205 2907 247 2928 eo
271 2897 415 2928 nomine
442 2896 590 2936 erravit,
617 2896 710 2938 quod
736 2906 816 2928 eum
842 2906 922 2927 cum
946 2896 988 2926 L.
1007 2895 1165 2927 Domitio
1182 2894 1424 2928 Ahenobarbo
1450 2897 1597 2928 confun-

83 2941 182 2981 dens,
204 2941 249 2973 ab
267 2941 458 2982 Hirtuleio,
486 2941 623 2973 Sertori
641 2944 843 2983 quaestore,
863 2941 997 2973 victum
1016 2950 1097 2972 esse
1114 2940 1291 2974 narravit.
1330 2941 1380 2974 M.
1401 2942 1598 2975 Domitium
