<?xml version="1.0" encoding="UTF-8"?>
<!DOCTYPE html PUBLIC "-//W3C//DTD XHTML 1.0 Transitional//EN"
    "http://www.w3.org/TR/xhtml1/DTD/xhtml1-transitional.dtd">
<html xmlns="http://www.w3.org/1999/xhtml" xml:lang="en" lang="en">
 <head>
  <title>
</title>
<meta http-equiv="Content-Type" content="text/html;charset=utf-8" />
  <meta name='ocr-system' content='tesseract 3.04.00' />
  <meta name='ocr-capabilities' content='ocr_page ocr_carea ocr_par ocr_line ocrx_word'/>
</head>
<body>
  <div class='ocr_page' id='page_1' title='image "./quaesupersunt02salluoft_0127.png"; bbox 0 0 1838 3288; ppageno 0'>
   <div class='ocr_carea' id='block_1_1' title="bbox 571 237 1630 282">
    <p class='ocr_par' dir='ltr' id='par_1_1' title="bbox 571 237 1630 282">
     <span class='ocr_line' id='line_1_1' title="bbox 571 237 1630 282; baseline -0.003 -3"><span class='ocrx_word' id='word_1_1' title='bbox 571 253 871 280; x_wconf 68' lang='lat' dir='ltr'>msronmnvu</span> <span class='ocrx_word' id='word_1_2' title='bbox 903 253 987 279; x_wconf 78' lang='lat' dir='ltr'>ms.</span> <span class='ocrx_word' id='word_1_3' title='bbox 1021 252 1047 279; x_wconf 89' lang='lat' dir='ltr'>v</span> <span class='ocrx_word' id='word_1_4' title='bbox 1075 246 1113 281; x_wconf 88' lang='grc'>8.</span> <span class='ocrx_word' id='word_1_5' title='bbox 1134 246 1170 282; x_wconf 86' lang='grc'>9.</span> <span class='ocrx_word' id='word_1_6' title='bbox 1551 237 1630 278; x_wconf 86' lang='grc'>119</span> 
     </span>
    </p>
   </div>
   <div class='ocr_carea' id='block_1_2' title="bbox 85 350 1629 532">
    <p class='ocr_par' dir='ltr' id='par_1_2' title="bbox 85 350 1629 532">
     <span class='ocr_line' id='line_1_2' title="bbox 107 350 1629 394; baseline -0.003 -7"><span class='ocrx_word' id='word_1_7' title='bbox 107 354 256 387; x_wconf 85' lang='lat' dir='ltr'>fuerint.</span> <span class='ocrx_word' id='word_1_8' title='bbox 305 354 371 386; x_wconf 86' lang='lat' dir='ltr'>Set</span> <span class='ocrx_word' id='word_1_9' title='bbox 401 365 482 387; x_wconf 91' lang='lat' dir='ltr'>cum</span> <span class='ocrx_word' id='word_1_10' title='bbox 511 353 607 386; x_wconf 89' lang='lat' dir='ltr'>Plut.</span> <span class='ocrx_word' id='word_1_11' title='bbox 640 354 730 386; x_wconf 90' lang='lat' dir='ltr'>Luc.</span> <span class='ocrx_word' id='word_1_12' title='bbox 756 352 818 393; x_wconf 74' lang='lat'>34,</span> <span class='ocrx_word' id='word_1_13' title='bbox 853 353 957 385; x_wconf 86' lang='lat' dir='ltr'>Cass.</span> <span class='ocrx_word' id='word_1_14' title='bbox 989 353 1060 385; x_wconf 92' lang='lat' dir='ltr'>Dio</span> <span class='ocrx_word' id='word_1_15' title='bbox 1090 352 1225 384; x_wconf 87' lang='lat' dir='ltr'>XXXV</span> <span class='ocrx_word' id='word_1_16' title='bbox 1256 351 1315 392; x_wconf 78' lang='lat'>14,</span> <span class='ocrx_word' id='word_1_17' title='bbox 1346 361 1415 394; x_wconf 86' lang='lat' dir='ltr'>quo</span> <span class='ocrx_word' id='word_1_18' title='bbox 1447 351 1489 383; x_wconf 89' lang='lat' dir='ltr'>P.</span> <span class='ocrx_word' id='word_1_19' title='bbox 1523 350 1629 383; x_wconf 88' lang='lat' dir='ltr'>Clodi</span> 
     </span>
     <span class='ocr_line' id='line_1_3' title="bbox 106 396 1628 436; baseline -0.003 -3"><span class='ocrx_word' id='word_1_20' title='bbox 106 399 242 432; x_wconf 82' lang='lat' dir='ltr'><strong>milites</strong></span> <span class='ocrx_word' id='word_1_21' title='bbox 266 400 441 432; x_wconf 77' lang='lat' dir='ltr'>advorsus</span> <span class='ocrx_word' id='word_1_22' title='bbox 465 399 658 432; x_wconf 79' lang='lat' dir='ltr'>Lucullum</span> <span class='ocrx_word' id='word_1_23' title='bbox 686 397 922 431; x_wconf 86' lang='lat' dir='ltr'>sollicitantis</span> <span class='ocrx_word' id='word_1_24' title='bbox 955 397 1137 430; x_wconf 85' lang='lat' dir='ltr'>malitiam</span> <span class='ocrx_word' id='word_1_25' title='bbox 1166 396 1390 429; x_wconf 87' lang='lat' dir='ltr'>luculentius</span> <span class='ocrx_word' id='word_1_26' title='bbox 1420 396 1628 436; x_wconf 81' lang='lat' dir='ltr'><strong>ostendant,</strong></span> 
     </span>
     <span class='ocr_line' id='line_1_4' title="bbox 85 441 1628 486; baseline -0.002 -9"><span class='ocrx_word' id='word_1_27' title='bbox 85 444 189 477; x_wconf 74' lang='lat' dir='ltr'>‘eum</span> <span class='ocrx_word' id='word_1_28' title='bbox 220 455 381 478; x_wconf 85' lang='lat' dir='ltr'>sororem</span> <span class='ocrx_word' id='word_1_29' title='bbox 404 445 511 486; x_wconf 44' lang='lat' dir='ltr'>illius,</span> <span class='ocrx_word' id='word_1_30' title='bbox 527 446 567 476; x_wconf 91' lang='lat' dir='ltr'>in</span> <span class='ocrx_word' id='word_1_31' title='bbox 590 443 823 476; x_wconf 86' lang='lat' dir='ltr'>matrimonio</span> <span class='ocrx_word' id='word_1_32' title='bbox 846 442 1020 475; x_wconf 86' lang='lat' dir='ltr'>habuisse</span> <span class='ocrx_word' id='word_1_33' title='bbox 1046 444 1334 483; x_wconf 89' lang='lat' dir='ltr'>conmemorent,</span> <span class='ocrx_word' id='word_1_34' title='bbox 1366 441 1445 475; x_wconf 89' lang='lat' dir='ltr'>veri</span> <span class='ocrx_word' id='word_1_35' title='bbox 1472 441 1628 474; x_wconf 86' lang='lat' dir='ltr'>similius</span> 
     </span>
     <span class='ocr_line' id='line_1_5' title="bbox 104 487 1255 532; baseline -0.003 -9"><span class='ocrx_word' id='word_1_36' title='bbox 104 490 260 530; x_wconf 84' lang='lat' dir='ltr'>videtur,</span> <span class='ocrx_word' id='word_1_37' title='bbox 286 490 499 523; x_wconf 86' lang='lat' dir='ltr'><strong>Sallustium</strong></span> <span class='ocrx_word' id='word_1_38' title='bbox 523 498 665 532; x_wconf 91' lang='lat' dir='ltr'>quoque</span> <span class='ocrx_word' id='word_1_39' title='bbox 691 499 734 520; x_wconf 94' lang='lat' dir='ltr'>eo</span> <span class='ocrx_word' id='word_1_40' title='bbox 757 487 840 520; x_wconf 88' lang='lat' dir='ltr'>loco</span> <span class='ocrx_word' id='word_1_41' title='bbox 864 487 955 520; x_wconf 86' lang='lat' dir='ltr'>illud</span> <span class='ocrx_word' id='word_1_42' title='bbox 978 498 1051 520; x_wconf 89' lang='lat' dir='ltr'>non</span> <span class='ocrx_word' id='word_1_43' title='bbox 1075 488 1255 520; x_wconf 87' lang='lat' dir='ltr'>omisisse.</span> 
     </span>
    </p>
   </div>
   <div class='ocr_carea' id='block_1_3' title="bbox 107 577 1627 688">
    <p class='ocr_par' dir='ltr' id='par_1_3' title="bbox 107 577 1627 688">
     <span class='ocr_line' id='line_1_6' title="bbox 207 577 1627 633; baseline -0.002 -13"><span class='ocrx_word' id='word_1_44' title='bbox 207 579 244 631; x_wconf 22' lang='lat'>,8</span> <span class='ocrx_word' id='word_1_45' title='bbox 277 580 356 633; x_wconf 83' lang='lat' dir='ltr'>[Kr.</span> <span class='ocrx_word' id='word_1_46' title='bbox 378 585 411 618; x_wconf 88' lang='grc'>8.</span> <span class='ocrx_word' id='word_1_47' title='bbox 445 582 484 618; x_wconf 89' lang='lat' dir='ltr'>G.</span> <span class='ocrx_word' id='word_1_48' title='bbox 508 578 561 631; x_wconf 80' lang='lat'>4].</span> <span class='ocrx_word' id='word_1_49' title='bbox 621 578 749 618; x_wconf 86' lang='lat' dir='ltr'>Ceteri</span> <span class='ocrx_word' id='word_1_50' title='bbox 777 578 933 629; x_wconf 86' lang='lat' dir='ltr'>negotia</span> <span class='ocrx_word' id='word_1_51' title='bbox 963 578 1260 630; x_wconf 79' lang='lat' dir='ltr'><strong>exequebantur</strong></span> <span class='ocrx_word' id='word_1_52' title='bbox 1290 577 1493 618; x_wconf 84' lang='lat' dir='ltr'>familiaria</span> <span class='ocrx_word' id='word_1_53' title='bbox 1521 578 1627 628; x_wconf 87' lang='lat' dir='ltr'>lega-</span> 
     </span>
     <span class='ocr_line' id='line_1_7' title="bbox 107 634 1506 688; baseline -0.001 -12"><span class='ocrx_word' id='word_1_54' title='bbox 107 641 238 677; x_wconf 88' lang='lat' dir='ltr'>torum</span> <span class='ocrx_word' id='word_1_55' title='bbox 267 641 334 676; x_wconf 89' lang='lat' dir='ltr'>aut</span> <span class='ocrx_word' id='word_1_56' title='bbox 357 636 628 680; x_wconf 87' lang='lat' dir='ltr'>tribunorum,</span> <span class='ocrx_word' id='word_1_57' title='bbox 662 634 738 688; x_wconf 89' lang='lat' dir='ltr'>[et]</span> <span class='ocrx_word' id='word_1_58' title='bbox 770 646 862 686; x_wconf 88' lang='lat' dir='ltr'>pars</span> <span class='ocrx_word' id='word_1_59' title='bbox 889 646 960 674; x_wconf 88' lang='lat' dir='ltr'>sua</span> <span class='ocrx_word' id='word_1_60' title='bbox 989 635 1280 680; x_wconf 78' lang='lat' dir='ltr'>conmeatibus,</span> <span class='ocrx_word' id='word_1_61' title='bbox 1311 635 1506 674; x_wconf 71' lang='lat' dir='ltr'>mercatis</span> 
     </span>
    </p>
   </div>
   <div class='ocr_carea' id='block_1_4' title="bbox 97 713 1630 1797">
    <p class='ocr_par' dir='ltr' id='par_1_4' title="bbox 97 713 1630 1797">
     <span class='ocr_line' id='line_1_8' title="bbox 216 713 1627 759; baseline -0.001 -11"><span class='ocrx_word' id='word_1_62' title='bbox 216 716 310 748; x_wconf 88' lang='lat' dir='ltr'>Non.</span> <span class='ocrx_word' id='word_1_63' title='bbox 335 727 371 759; x_wconf 89' lang='lat' dir='ltr'>p.</span> <span class='ocrx_word' id='word_1_64' title='bbox 396 715 458 748; x_wconf 79' lang='lat'>94:</span> <span class='ocrx_word' id='word_1_65' title='bbox 493 715 662 747; x_wconf 72' lang='lat' dir='ltr'>Mer-calis</span> <span class='ocrx_word' id='word_1_66' title='bbox 685 724 754 756; x_wconf 81' lang='lat' dir='ltr'>pro</span> <span class='ocrx_word' id='word_1_67' title='bbox 778 714 990 746; x_wconf 71' lang='lat' dir='ltr'><strong><em>mercatibus.</em></strong></span> <span class='ocrx_word' id='word_1_68' title='bbox 1038 713 1218 746; x_wconf 78' lang='lat' dir='ltr'><em>Sallustius</em></span> <span class='ocrx_word' id='word_1_69' title='bbox 1241 715 1474 746; x_wconf 79' lang='lat' dir='ltr'>Historiarmn</span> <span class='ocrx_word' id='word_1_70' title='bbox 1496 714 1552 746; x_wconf 86' lang='lat' dir='ltr'>lib.</span> <span class='ocrx_word' id='word_1_71' title='bbox 1577 714 1627 746; x_wconf 91' lang='lat' dir='ltr'>V:</span> 
     </span>
     <span class='ocr_line' id='line_1_9' title="bbox 105 758 1628 803; baseline -0.002 -9"><span class='ocrx_word' id='word_1_72' title='bbox 105 762 220 794; x_wconf 86' lang='lat' dir='ltr'>ceteri</span> <span class='ocrx_word' id='word_1_73' title='bbox 244 779 286 785; x_wconf 77' lang='lat'>-</span> <span class='ocrx_word' id='word_1_74' title='bbox 312 761 563 803; x_wconf 82' lang='lat' dir='ltr'>sequebantur</span> <span class='ocrx_word' id='word_1_75' title='bbox 586 778 629 782; x_wconf 97' lang='lat'><strong>—</strong></span> <span class='ocrx_word' id='word_1_76' title='bbox 646 759 833 791; x_wconf 89' lang='lat' dir='ltr'>mercatis.</span> <span class='ocrx_word' id='word_1_77' title='bbox 883 759 1027 802; x_wconf 86' lang='lat' dir='ltr'>‘Agitur</span> <span class='ocrx_word' id='word_1_78' title='bbox 1045 761 1168 791; x_wconf 88' lang='lat' dir='ltr'>autem</span> <span class='ocrx_word' id='word_1_79' title='bbox 1183 758 1253 791; x_wconf 89' lang='lat' dir='ltr'>hoc</span> <span class='ocrx_word' id='word_1_80' title='bbox 1271 759 1478 801; x_wconf 86' lang='lat' dir='ltr'>fragmento</span> <span class='ocrx_word' id='word_1_81' title='bbox 1495 759 1540 791; x_wconf 84' lang='lat' dir='ltr'>de</span> <span class='ocrx_word' id='word_1_82' title='bbox 1556 760 1628 792; x_wconf 88' lang='lat' dir='ltr'>Va-</span> 
     </span>
     <span class='ocr_line' id='line_1_10' title="bbox 104 804 1629 849; baseline -0.001 -11"><span class='ocrx_word' id='word_1_83' title='bbox 104 806 259 839; x_wconf 81' lang='lat' dir='ltr'>lerianis</span> <span class='ocrx_word' id='word_1_84' title='bbox 283 806 424 849; x_wconf 91' lang='lat' dir='ltr'>inperio</span> <span class='ocrx_word' id='word_1_85' title='bbox 450 808 487 838; x_wconf 87' lang='lat' dir='ltr'>et</span> <span class='ocrx_word' id='word_1_86' title='bbox 510 804 710 847; x_wconf 82' lang='lat' dir='ltr'>disciplina</span> <span class='ocrx_word' id='word_1_87' title='bbox 734 804 886 837; x_wconf 87' lang='lat' dir='ltr'>militari</span> <span class='ocrx_word' id='word_1_88' title='bbox 903 804 1058 837; x_wconf 83' lang='lat' dir='ltr'>exolutis</span> <span class='ocrx_word' id='word_1_89' title='bbox 1082 807 1120 836; x_wconf 86' lang='lat' dir='ltr'>et</span> <span class='ocrx_word' id='word_1_90' title='bbox 1136 805 1175 835; x_wconf 90' lang='lat' dir='ltr'>in</span> <span class='ocrx_word' id='word_1_91' title='bbox 1190 804 1280 836; x_wconf 89' lang='lat' dir='ltr'>urbe</span> <span class='ocrx_word' id='word_1_92' title='bbox 1296 804 1417 836; x_wconf 86' lang='lat' dir='ltr'>Nisibi</span> <span class='ocrx_word' id='word_1_93' title='bbox 1432 815 1500 847; x_wconf 88' lang='lat' dir='ltr'>per</span> <span class='ocrx_word' id='word_1_94' title='bbox 1515 804 1629 836; x_wconf 89' lang='lat' dir='ltr'>otium</span> 
     </span>
     <span class='ocr_line' id='line_1_11' title="bbox 104 849 1627 892; baseline -0.001 -8"><span class='ocrx_word' id='word_1_95' title='bbox 104 851 384 892; x_wconf 79' lang='lat' dir='ltr'>luxuriantibus,</span> <span class='ocrx_word' id='word_1_96' title='bbox 410 851 505 884; x_wconf 86' lang='lat' dir='ltr'>unde</span> <span class='ocrx_word' id='word_1_97' title='bbox 524 861 570 883; x_wconf 85' lang='lat' dir='ltr'>ea</span> <span class='ocrx_word' id='word_1_98' title='bbox 585 850 690 882; x_wconf 85' lang='lat' dir='ltr'>labes</span> <span class='ocrx_word' id='word_1_99' title='bbox 709 850 823 882; x_wconf 87' lang='lat' dir='ltr'>etiam</span> <span class='ocrx_word' id='word_1_100' title='bbox 846 853 1010 882; x_wconf 89' lang='lat' dir='ltr'>ceterum</span> <span class='ocrx_word' id='word_1_101' title='bbox 1027 849 1228 881; x_wconf 82' lang='lat' dir='ltr'>exercitum</span> <span class='ocrx_word' id='word_1_102' title='bbox 1251 849 1410 881; x_wconf 87' lang='lat' dir='ltr'>invasit⁷.</span> <span class='ocrx_word' id='word_1_103' title='bbox 1451 849 1627 882; x_wconf 86' lang='lat' dir='ltr'>Kritzius.</span> 
     </span>
     <span class='ocr_line' id='line_1_12' title="bbox 103 894 1628 937; baseline -0.001 -8"><span class='ocrx_word' id='word_1_104' title='bbox 103 897 159 929; x_wconf 88' lang='lat' dir='ltr'>De</span> <span class='ocrx_word' id='word_1_105' title='bbox 185 897 352 929; x_wconf 79' lang='lat' dir='ltr'>exercitu</span> <span class='ocrx_word' id='word_1_106' title='bbox 369 896 443 929; x_wconf 83' lang='lat' dir='ltr'>dici</span> <span class='ocrx_word' id='word_1_107' title='bbox 458 896 686 928; x_wconf 89' lang='lat' dir='ltr'>tribunorum</span> <span class='ocrx_word' id='word_1_108' title='bbox 704 898 740 927; x_wconf 90' lang='lat' dir='ltr'>et</span> <span class='ocrx_word' id='word_1_109' title='bbox 756 894 962 937; x_wconf 86' lang='lat' dir='ltr'>legatorum</span> <span class='ocrx_word' id='word_1_110' title='bbox 979 894 1116 927; x_wconf 87' lang='lat' dir='ltr'>mentio</span> <span class='ocrx_word' id='word_1_111' title='bbox 1136 894 1238 926; x_wconf 83' lang='lat' dir='ltr'>facta</span> <span class='ocrx_word' id='word_1_112' title='bbox 1255 894 1337 927; x_wconf 90' lang='lat' dir='ltr'>luce</span> <span class='ocrx_word' id='word_1_113' title='bbox 1356 894 1490 927; x_wconf 86' lang='lat' dir='ltr'>clarius</span> <span class='ocrx_word' id='word_1_114' title='bbox 1507 898 1628 927; x_wconf 83' lang='lat' dir='ltr'>osten-</span> 
     </span>
     <span class='ocr_line' id='line_1_13' title="bbox 103 939 1630 982; baseline -0.001 -9"><span class='ocrx_word' id='word_1_115' title='bbox 103 942 169 982; x_wconf 87' lang='lat' dir='ltr'>dit,</span> <span class='ocrx_word' id='word_1_116' title='bbox 195 942 240 974; x_wconf 86' lang='lat' dir='ltr'>de</span> <span class='ocrx_word' id='word_1_117' title='bbox 258 942 425 974; x_wconf 82' lang='lat' dir='ltr'>exercitu</span> <span class='ocrx_word' id='word_1_118' title='bbox 441 941 589 974; x_wconf 85' lang='lat' dir='ltr'>Luculli</span> <span class='ocrx_word' id='word_1_119' title='bbox 614 951 660 973; x_wconf 83' lang='lat' dir='ltr'>ea</span> <span class='ocrx_word' id='word_1_120' title='bbox 684 950 755 981; x_wconf 87' lang='lat' dir='ltr'>res,</span> <span class='ocrx_word' id='word_1_121' title='bbox 782 940 876 982; x_wconf 88' lang='lat' dir='ltr'>quod</span> <span class='ocrx_word' id='word_1_122' title='bbox 901 939 946 972; x_wconf 92' lang='lat' dir='ltr'>de</span> <span class='ocrx_word' id='word_1_123' title='bbox 964 939 1038 972; x_wconf 86' lang='lat' dir='ltr'>alio</span> <span class='ocrx_word' id='word_1_124' title='bbox 1054 939 1149 972; x_wconf 90' lang='lat' dir='ltr'>libro</span> <span class='ocrx_word' id='word_1_125' title='bbox 1165 939 1197 971; x_wconf 92' lang='lat' dir='ltr'>V</span> <span class='ocrx_word' id='word_1_126' title='bbox 1213 942 1400 971; x_wconf 85' lang='lat' dir='ltr'>narratum</span> <span class='ocrx_word' id='word_1_127' title='bbox 1426 940 1539 972; x_wconf 86' lang='lat' dir='ltr'>fuisse</span> <span class='ocrx_word' id='word_1_128' title='bbox 1557 951 1630 972; x_wconf 92' lang='lat' dir='ltr'>non</span> 
     </span>
     <span class='ocr_line' id='line_1_14' title="bbox 103 982 1629 1029; baseline -0.002 -10"><span class='ocrx_word' id='word_1_129' title='bbox 103 990 259 1019; x_wconf 86' lang='lat' dir='ltr'>constat.</span> <span class='ocrx_word' id='word_1_130' title='bbox 299 988 427 1029; x_wconf 86' lang='lat' dir='ltr'>Neque</span> <span class='ocrx_word' id='word_1_131' title='bbox 444 987 572 1029; x_wconf 89' lang='lat' dir='ltr'>ignoro</span> <span class='ocrx_word' id='word_1_132' title='bbox 589 986 628 1018; x_wconf 90' lang='lat' dir='ltr'>in</span> <span class='ocrx_word' id='word_1_133' title='bbox 653 996 696 1018; x_wconf 92' lang='lat' dir='ltr'>eo</span> <span class='ocrx_word' id='word_1_134' title='bbox 722 985 887 1018; x_wconf 78' lang='lat' dir='ltr'>exercitu</span> <span class='ocrx_word' id='word_1_135' title='bbox 909 982 1090 1017; x_wconf 64' lang='lat' dir='ltr'>lu‘xuriam</span> <span class='ocrx_word' id='word_1_136' title='bbox 1115 986 1226 1027; x_wconf 88' lang='lat' dir='ltr'>atque</span> <span class='ocrx_word' id='word_1_137' title='bbox 1251 985 1440 1027; x_wconf 84' lang='lat' dir='ltr'>ignaviam</span> <span class='ocrx_word' id='word_1_138' title='bbox 1465 995 1563 1025; x_wconf 87' lang='lat' dir='ltr'>esse,</span> <span class='ocrx_word' id='word_1_139' title='bbox 1590 986 1629 1017; x_wconf 89' lang='lat' dir='ltr'>in</span> 
     </span>
     <span class='ocr_line' id='line_1_15' title="bbox 103 1029 1629 1074; baseline -0.003 -9"><span class='ocrx_word' id='word_1_140' title='bbox 103 1043 172 1074; x_wconf 93' lang='lat' dir='ltr'>quo</span> <span class='ocrx_word' id='word_1_141' title='bbox 197 1032 301 1064; x_wconf 90' lang='lat' dir='ltr'>multi</span> <span class='ocrx_word' id='word_1_142' title='bbox 325 1035 549 1065; x_wconf 79' lang='lat' dir='ltr'>mercatores</span> <span class='ocrx_word' id='word_1_143' title='bbox 582 1034 620 1063; x_wconf 89' lang='lat' dir='ltr'>et</span> <span class='ocrx_word' id='word_1_144' title='bbox 653 1040 838 1073; x_wconf 80' lang='lat' dir='ltr'>caupones</span> <span class='ocrx_word' id='word_1_145' title='bbox 863 1033 1057 1063; x_wconf 89' lang='lat' dir='ltr'>conmeent</span> <span class='ocrx_word' id='word_1_146' title='bbox 1088 1030 1180 1072; x_wconf 80' lang='lat' dir='ltr'>(Iug-</span> <span class='ocrx_word' id='word_1_147' title='bbox 1207 1040 1238 1061; x_wconf 90' lang='lat' dir='ltr'>c.</span> <span class='ocrx_word' id='word_1_148' title='bbox 1264 1030 1309 1061; x_wconf 82' lang='lat'>44</span> <span class='ocrx_word' id='word_1_149' title='bbox 1335 1033 1373 1062; x_wconf 87' lang='lat' dir='ltr'>et</span> <span class='ocrx_word' id='word_1_150' title='bbox 1395 1029 1473 1071; x_wconf 81' lang='lat'>45),</span> <span class='ocrx_word' id='word_1_151' title='bbox 1505 1033 1562 1062; x_wconf 93' lang='lat' dir='ltr'>set</span> <span class='ocrx_word' id='word_1_152' title='bbox 1590 1031 1629 1062; x_wconf 89' lang='lat' dir='ltr'>in</span> 
     </span>
     <span class='ocr_line' id='line_1_16' title="bbox 102 1074 1627 1119; baseline -0.003 -9"><span class='ocrx_word' id='word_1_153' title='bbox 102 1078 228 1110; x_wconf 89' lang='lat' dir='ltr'>verbis</span> <span class='ocrx_word' id='word_1_154' title='bbox 254 1077 301 1110; x_wconf 83' lang='lat' dir='ltr'>ab</span> <span class='ocrx_word' id='word_1_155' title='bbox 325 1078 444 1110; x_wconf 88' lang='lat' dir='ltr'>Nonio</span> <span class='ocrx_word' id='word_1_156' title='bbox 476 1076 674 1109; x_wconf 84' lang='lat' dir='ltr'>memoriae</span> <span class='ocrx_word' id='word_1_157' title='bbox 705 1075 858 1119; x_wconf 84' lang='lat' dir='ltr'>proditis</span> <span class='ocrx_word' id='word_1_158' title='bbox 891 1076 986 1118; x_wconf 86' lang='lat' dir='ltr'>quod</span> <span class='ocrx_word' id='word_1_159' title='bbox 1015 1075 1060 1108; x_wconf 87' lang='lat' dir='ltr'>de</span> <span class='ocrx_word' id='word_1_160' title='bbox 1090 1074 1268 1107; x_wconf 81' lang='lat' dir='ltr'>militibus</span> <span class='ocrx_word' id='word_1_161' title='bbox 1300 1075 1459 1117; x_wconf 84' lang='lat' dir='ltr'>cogitari</span> <span class='ocrx_word' id='word_1_162' title='bbox 1487 1075 1627 1114; x_wconf 83' lang='lat' dir='ltr'>iubeat,</span> 
     </span>
     <span class='ocr_line' id='line_1_17' title="bbox 102 1118 1629 1165; baseline -0.001 -10"><span class='ocrx_word' id='word_1_163' title='bbox 102 1123 224 1155; x_wconf 86' lang='lat' dir='ltr'>fateor</span> <span class='ocrx_word' id='word_1_164' title='bbox 247 1133 304 1155; x_wconf 92' lang='lat' dir='ltr'>me</span> <span class='ocrx_word' id='word_1_165' title='bbox 322 1122 413 1163; x_wconf 88' lang='lat' dir='ltr'>nihil</span> <span class='ocrx_word' id='word_1_166' title='bbox 429 1118 606 1165; x_wconf 82' lang='lat' dir='ltr'>reperire.</span> <span class='ocrx_word' id='word_1_167' title='bbox 647 1121 680 1154; x_wconf 90' lang='lat' dir='ltr'>N</span> <span class='ocrx_word' id='word_1_168' title='bbox 683 1132 726 1153; x_wconf 94' lang='lat' dir='ltr'>ec</span> <span class='ocrx_word' id='word_1_169' title='bbox 743 1121 862 1163; x_wconf 85' lang='lat' dir='ltr'>magis</span> <span class='ocrx_word' id='word_1_170' title='bbox 879 1122 1015 1163; x_wconf 68' lang='lat' dir='ltr'>negotia</span> <span class='ocrx_word' id='word_1_171' title='bbox 1029 1123 1127 1163; x_wconf 76' lang='lat' dir='ltr'>sequi</span> <span class='ocrx_word' id='word_1_172' title='bbox 1141 1120 1231 1152; x_wconf 88' lang='lat' dir='ltr'>ferri</span> <span class='ocrx_word' id='word_1_173' title='bbox 1249 1123 1374 1162; x_wconf 88' lang='lat' dir='ltr'>potest</span> <span class='ocrx_word' id='word_1_174' title='bbox 1391 1130 1499 1162; x_wconf 87' lang='lat' dir='ltr'>quam</span> <span class='ocrx_word' id='word_1_175' title='bbox 1515 1120 1567 1152; x_wconf 89' lang='grc' dir='ltr'>ΙΙΙ</span> <span class='ocrx_word' id='word_1_176' title='bbox 1584 1120 1629 1154; x_wconf 88' lang='grc'>73</span> 
     </span>
     <span class='ocr_line' id='line_1_18' title="bbox 101 1164 1627 1211; baseline -0.001 -11"><span class='ocrx_word' id='word_1_177' title='bbox 101 1170 213 1200; x_wconf 85' lang='lat' dir='ltr'>munia</span> <span class='ocrx_word' id='word_1_178' title='bbox 234 1169 341 1211; x_wconf 73' lang='lat' dir='ltr'>sequi.</span> <span class='ocrx_word' id='word_1_179' title='bbox 388 1167 552 1210; x_wconf 83' lang='lat' dir='ltr'>Adparet</span> <span class='ocrx_word' id='word_1_180' title='bbox 577 1169 701 1198; x_wconf 88' lang='lat' dir='ltr'>autem</span> <span class='ocrx_word' id='word_1_181' title='bbox 725 1176 841 1208; x_wconf 86' lang='lat' dir='ltr'>genus</span> <span class='ocrx_word' id='word_1_182' title='bbox 865 1165 1050 1198; x_wconf 88' lang='lat' dir='ltr'>hominum</span> <span class='ocrx_word' id='word_1_183' title='bbox 1066 1166 1104 1209; x_wconf 79' lang='lat' dir='ltr'>in</span> <span class='ocrx_word' id='word_1_184' title='bbox 1123 1165 1215 1198; x_wconf 78' lang='lat' dir='ltr'>duas</span> <span class='ocrx_word' id='word_1_185' title='bbox 1232 1168 1358 1207; x_wconf 80' lang='lat' dir='ltr'>partes</span> <span class='ocrx_word' id='word_1_186' title='bbox 1376 1165 1492 1198; x_wconf 88' lang='lat' dir='ltr'>dividi</span> <span class='ocrx_word' id='word_1_187' title='bbox 1517 1164 1627 1207; x_wconf 88' lang='lat' dir='ltr'>(unde</span> 
     </span>
     <span class='ocr_line' id='line_1_19' title="bbox 102 1209 1629 1255; baseline -0.001 -10"><span class='ocrx_word' id='word_1_188' title='bbox 102 1217 135 1245; x_wconf 83' lang='lat' dir='ltr'>et</span> <span class='ocrx_word' id='word_1_189' title='bbox 153 1216 240 1245; x_wconf 83' lang='lat' dir='ltr'>ante</span> <span class='ocrx_word' id='word_1_190' title='bbox 252 1223 341 1255; x_wconf 84' lang='lat' dir='ltr'>pars</span> <span class='ocrx_word' id='word_1_191' title='bbox 358 1212 600 1245; x_wconf 90' lang='lat' dir='ltr'>omittendum</span> <span class='ocrx_word' id='word_1_192' title='bbox 618 1222 698 1244; x_wconf 86' lang='lat' dir='ltr'>esse</span> <span class='ocrx_word' id='word_1_193' title='bbox 717 1210 866 1252; x_wconf 88' lang='lat' dir='ltr'>elucet),</span> <span class='ocrx_word' id='word_1_194' title='bbox 894 1211 1048 1243; x_wconf 85' lang='lat' dir='ltr'>alteram</span> <span class='ocrx_word' id='word_1_195' title='bbox 1066 1220 1201 1250; x_wconf 88' lang='lat' dir='ltr'>eorum,</span> <span class='ocrx_word' id='word_1_196' title='bbox 1228 1210 1289 1252; x_wconf 86' lang='lat' dir='ltr'>qui</span> <span class='ocrx_word' id='word_1_197' title='bbox 1307 1209 1461 1242; x_wconf 87' lang='lat' dir='ltr'>aliorum</span> <span class='ocrx_word' id='word_1_198' title='bbox 1477 1211 1629 1253; x_wconf 85' lang='lat' dir='ltr'>negotia</span> 
     </span>
     <span class='ocr_line' id='line_1_20' title="bbox 103 1255 1627 1299; baseline -0.003 -8"><span class='ocrx_word' id='word_1_199' title='bbox 103 1258 325 1298; x_wconf 84' lang='lat' dir='ltr'>curaverint,</span> <span class='ocrx_word' id='word_1_200' title='bbox 352 1258 509 1290; x_wconf 84' lang='lat' dir='ltr'>alteram</span> <span class='ocrx_word' id='word_1_201' title='bbox 534 1267 675 1296; x_wconf 89' lang='lat' dir='ltr'>eorum,</span> <span class='ocrx_word' id='word_1_202' title='bbox 702 1257 764 1299; x_wconf 89' lang='lat' dir='ltr'>qui</span> <span class='ocrx_word' id='word_1_203' title='bbox 789 1267 856 1288; x_wconf 83' lang='lat' dir='ltr'>sua</span> <span class='ocrx_word' id='word_1_204' title='bbox 881 1257 1036 1299; x_wconf 89' lang='lat' dir='ltr'>egerint.</span> <span class='ocrx_word' id='word_1_205' title='bbox 1083 1255 1163 1288; x_wconf 87' lang='lat' dir='ltr'>Iam</span> <span class='ocrx_word' id='word_1_206' title='bbox 1188 1256 1250 1297; x_wconf 89' lang='lat' dir='ltr'>qui</span> <span class='ocrx_word' id='word_1_207' title='bbox 1274 1266 1342 1287; x_wconf 88' lang='lat' dir='ltr'>sua.</span> <span class='ocrx_word' id='word_1_208' title='bbox 1365 1256 1517 1298; x_wconf 85' lang='lat' dir='ltr'>negotia</span> <span class='ocrx_word' id='word_1_209' title='bbox 1543 1266 1627 1287; x_wconf 92' lang='lat' dir='ltr'>con-</span> 
     </span>
     <span class='ocr_line' id='line_1_21' title="bbox 102 1301 1627 1345; baseline -0.002 -10"><span class='ocrx_word' id='word_1_210' title='bbox 102 1303 285 1336; x_wconf 83' lang='lat' dir='ltr'>meatibus</span> <span class='ocrx_word' id='word_1_211' title='bbox 302 1303 599 1345; x_wconf 87' lang='lat' dir='ltr'>mercatibusque</span> <span class='ocrx_word' id='word_1_212' title='bbox 613 1305 740 1345; x_wconf 84' lang='lat' dir='ltr'>agunt,</span> <span class='ocrx_word' id='word_1_213' title='bbox 760 1312 880 1334; x_wconf 90' lang='lat' dir='ltr'>nonne</span> <span class='ocrx_word' id='word_1_214' title='bbox 898 1301 1049 1334; x_wconf 85' lang='lat' dir='ltr'>divitias</span> <span class='ocrx_word' id='word_1_215' title='bbox 1066 1311 1152 1334; x_wconf 90' lang='lat' dir='ltr'>suas</span> <span class='ocrx_word' id='word_1_216' title='bbox 1170 1311 1306 1343; x_wconf 85' lang='lat' dir='ltr'>augere</span> <span class='ocrx_word' id='word_1_217' title='bbox 1324 1301 1497 1333; x_wconf 84' lang='lat' dir='ltr'>student?</span> <span class='ocrx_word' id='word_1_218' title='bbox 1522 1301 1627 1340; x_wconf 81' lang='lat' dir='ltr'>Quae</span> 
     </span>
     <span class='ocr_line' id='line_1_22' title="bbox 104 1346 1627 1391; baseline -0.003 -10"><span class='ocrx_word' id='word_1_219' title='bbox 104 1359 190 1391; x_wconf 87' lang='lat' dir='ltr'>ergo</span> <span class='ocrx_word' id='word_1_220' title='bbox 217 1348 418 1381; x_wconf 83' lang='lat' dir='ltr'>familiaria</span> <span class='ocrx_word' id='word_1_221' title='bbox 441 1348 649 1390; x_wconf 87' lang='lat' dir='ltr'>legatorum</span> <span class='ocrx_word' id='word_1_222' title='bbox 667 1350 730 1379; x_wconf 81' lang='lat' dir='ltr'>aut</span> <span class='ocrx_word' id='word_1_223' title='bbox 746 1347 973 1379; x_wconf 86' lang='lat' dir='ltr'>tribunorum</span> <span class='ocrx_word' id='word_1_224' title='bbox 994 1346 1146 1389; x_wconf 85' lang='lat' dir='ltr'>negotia</span> <span class='ocrx_word' id='word_1_225' title='bbox 1164 1347 1293 1378; x_wconf 82' lang='lat' dir='ltr'>erunt?</span> <span class='ocrx_word' id='word_1_226' title='bbox 1331 1346 1470 1388; x_wconf 87' lang='lat' dir='ltr'>Nempe</span> <span class='ocrx_word' id='word_1_227' title='bbox 1495 1346 1550 1378; x_wconf 90' lang='lat' dir='ltr'>rei</span> <span class='ocrx_word' id='word_1_228' title='bbox 1566 1357 1627 1388; x_wconf 92' lang='lat' dir='ltr'>pe-</span> 
     </span>
     <span class='ocr_line' id='line_1_23' title="bbox 103 1391 1626 1436; baseline -0.002 -11"><span class='ocrx_word' id='word_1_229' title='bbox 103 1394 306 1434; x_wconf 84' lang='lat' dir='ltr'>cuniariae,</span> <span class='ocrx_word' id='word_1_230' title='bbox 333 1393 377 1426; x_wconf 88' lang='lat' dir='ltr'>de</span> <span class='ocrx_word' id='word_1_231' title='bbox 404 1393 505 1436; x_wconf 83' lang='lat' dir='ltr'>q&#39;uali</span> <span class='ocrx_word' id='word_1_232' title='bbox 530 1403 666 1436; x_wconf 85' lang='lat' dir='ltr'>genere</span> <span class='ocrx_word' id='word_1_233' title='bbox 690 1395 829 1434; x_wconf 63' lang='lat' dir='ltr'>negotia</span> <span class='ocrx_word' id='word_1_234' title='bbox 852 1391 1079 1424; x_wconf 87' lang='lat' dir='ltr'>sollemniter</span> <span class='ocrx_word' id='word_1_235' title='bbox 1102 1391 1239 1423; x_wconf 88' lang='lat' dir='ltr'>dictum</span> <span class='ocrx_word' id='word_1_236' title='bbox 1265 1400 1346 1423; x_wconf 89' lang='lat' dir='ltr'>esse</span> <span class='ocrx_word' id='word_1_237' title='bbox 1372 1394 1519 1424; x_wconf 86' lang='lat' dir='ltr'>constat</span> <span class='ocrx_word' id='word_1_238' title='bbox 1543 1391 1626 1431; x_wconf 86' lang='lat' dir='ltr'>(cfr.</span> 
     </span>
     <span class='ocr_line' id='line_1_24' title="bbox 101 1435 1627 1480; baseline -0.003 -9"><span class='ocrx_word' id='word_1_239' title='bbox 101 1439 252 1471; x_wconf 84' lang='lat' dir='ltr'>Ernesti</span> <span class='ocrx_word' id='word_1_240' title='bbox 276 1439 370 1471; x_wconf 82' lang='lat' dir='ltr'>clav.</span> <span class='ocrx_word' id='word_1_241' title='bbox 397 1439 476 1471; x_wconf 87' lang='lat' dir='ltr'>Cic.</span> <span class='ocrx_word' id='word_1_242' title='bbox 501 1448 530 1470; x_wconf 89' lang='lat' dir='ltr'>s.</span> <span class='ocrx_word' id='word_1_243' title='bbox 555 1449 590 1471; x_wconf 84' lang='lat' dir='ltr'>v.</span> <span class='ocrx_word' id='word_1_244' title='bbox 616 1440 823 1480; x_wconf 75' lang='lat' dir='ltr'>neyotiator.</span> <span class='ocrx_word' id='word_1_245' title='bbox 864 1437 953 1469; x_wconf 81' lang='lat' dir='ltr'>Sall.</span> <span class='ocrx_word' id='word_1_246' title='bbox 981 1436 1064 1470; x_wconf 86' lang='lat' dir='ltr'>Cat.</span> <span class='ocrx_word' id='word_1_247' title='bbox 1090 1435 1147 1477; x_wconf 74' lang='grc'>40,</span> <span class='ocrx_word' id='word_1_248' title='bbox 1172 1437 1220 1478; x_wconf 84' lang='lat'>2).</span> <span class='ocrx_word' id='word_1_249' title='bbox 1263 1436 1347 1476; x_wconf 82' lang='lat' dir='ltr'>Qua</span> <span class='ocrx_word' id='word_1_250' title='bbox 1371 1447 1410 1469; x_wconf 92' lang='lat' dir='ltr'>re</span> <span class='ocrx_word' id='word_1_251' title='bbox 1434 1436 1524 1468; x_wconf 85' lang='lat' dir='ltr'>mihi</span> <span class='ocrx_word' id='word_1_252' title='bbox 1550 1436 1627 1478; x_wconf 87' lang='lat' dir='ltr'>qui-</span> 
     </span>
     <span class='ocr_line' id='line_1_25' title="bbox 102 1481 1629 1526; baseline -0.002 -10"><span class='ocrx_word' id='word_1_253' title='bbox 102 1484 184 1516; x_wconf 93' lang='lat' dir='ltr'>dem</span> <span class='ocrx_word' id='word_1_254' title='bbox 200 1484 315 1517; x_wconf 86' lang='lat' dir='ltr'>verba.</span> <span class='ocrx_word' id='word_1_255' title='bbox 331 1484 397 1516; x_wconf 87' lang='lat' dir='ltr'>illa</span> <span class='ocrx_word' id='word_1_256' title='bbox 414 1484 459 1516; x_wconf 89' lang='lat' dir='ltr'>de</span> <span class='ocrx_word' id='word_1_257' title='bbox 477 1483 662 1526; x_wconf 83' lang='lat' dir='ltr'>equitibus</span> <span class='ocrx_word' id='word_1_258' title='bbox 678 1483 854 1515; x_wconf 83' lang='lat' dir='ltr'>Romanis</span> <span class='ocrx_word' id='word_1_259' title='bbox 873 1486 998 1514; x_wconf 82' lang='lat' dir='ltr'>castra</span> <span class='ocrx_word' id='word_1_260' title='bbox 1014 1481 1320 1525; x_wconf 86' lang='lat' dir='ltr'>prosequentibus</span> <span class='ocrx_word' id='word_1_261' title='bbox 1340 1481 1442 1514; x_wconf 86' lang='lat' dir='ltr'>dicta</span> <span class='ocrx_word' id='word_1_262' title='bbox 1458 1481 1629 1514; x_wconf 79' lang='lat' dir='ltr'>videntur</span> 
     </span>
     <span class='ocr_line' id='line_1_26' title="bbox 102 1527 1627 1571; baseline -0.003 -9"><span class='ocrx_word' id='word_1_263' title='bbox 102 1529 228 1562; x_wconf 85' lang='lat' dir='ltr'>fuisse.</span> <span class='ocrx_word' id='word_1_264' title='bbox 275 1529 392 1562; x_wconf 88' lang='lat' dir='ltr'>Recte</span> <span class='ocrx_word' id='word_1_265' title='bbox 418 1529 454 1561; x_wconf 88' lang='lat' dir='ltr'>ei</span> <span class='ocrx_word' id='word_1_266' title='bbox 479 1528 743 1561; x_wconf 83' lang='lat' dir='ltr'>conmemorari</span> <span class='ocrx_word' id='word_1_267' title='bbox 765 1532 918 1571; x_wconf 89' lang='lat' dir='ltr'>potuere</span> <span class='ocrx_word' id='word_1_268' title='bbox 942 1528 983 1559; x_wconf 91' lang='lat' dir='ltr'>in</span> <span class='ocrx_word' id='word_1_269' title='bbox 1007 1527 1219 1559; x_wconf 83' lang='lat' dir='ltr'>auctoribus</span> <span class='ocrx_word' id='word_1_270' title='bbox 1243 1527 1424 1566; x_wconf 87' lang='lat' dir='ltr'>invidiae,</span> <span class='ocrx_word' id='word_1_271' title='bbox 1457 1527 1495 1558; x_wconf 92' lang='lat' dir='ltr'>in</span> <span class='ocrx_word' id='word_1_272' title='bbox 1520 1537 1627 1568; x_wconf 83' lang='lat' dir='ltr'>quam</span> 
     </span>
     <span class='ocr_line' id='line_1_27' title="bbox 100 1572 1628 1615; baseline -0.001 -9"><span class='ocrx_word' id='word_1_273' title='bbox 100 1574 275 1606; x_wconf 82' lang='lat' dir='ltr'>Lucullus</span> <span class='ocrx_word' id='word_1_274' title='bbox 298 1574 437 1607; x_wconf 89' lang='lat' dir='ltr'>Romae</span> <span class='ocrx_word' id='word_1_275' title='bbox 464 1574 618 1606; x_wconf 82' lang='lat' dir='ltr'>adactus</span> <span class='ocrx_word' id='word_1_276' title='bbox 644 1576 741 1613; x_wconf 84' lang='lat' dir='ltr'>erat,</span> <span class='ocrx_word' id='word_1_277' title='bbox 775 1583 856 1605; x_wconf 90' lang='lat' dir='ltr'>cum</span> <span class='ocrx_word' id='word_1_278' title='bbox 887 1572 943 1604; x_wconf 89' lang='lat' dir='ltr'>illi</span> <span class='ocrx_word' id='word_1_279' title='bbox 969 1583 1031 1605; x_wconf 90' lang='lat' dir='ltr'>eos</span> <span class='ocrx_word' id='word_1_280' title='bbox 1055 1573 1170 1605; x_wconf 86' lang='lat' dir='ltr'>iratos</span> <span class='ocrx_word' id='word_1_281' title='bbox 1196 1572 1343 1612; x_wconf 84' lang='lat' dir='ltr'>fuisse‚.</span> <span class='ocrx_word' id='word_1_282' title='bbox 1366 1573 1500 1615; x_wconf 90' lang='lat' dir='ltr'>quippe</span> <span class='ocrx_word' id='word_1_283' title='bbox 1532 1572 1628 1614; x_wconf 85' lang='lat' dir='ltr'>quod</span> 
     </span>
     <span class='ocr_line' id='line_1_28' title="bbox 101 1617 1630 1660; baseline -0.002 -8"><span class='ocrx_word' id='word_1_284' title='bbox 101 1630 224 1657; x_wconf 73' lang='lat' dir='ltr'>eorum</span> <span class='ocrx_word' id='word_1_285' title='bbox 255 1620 437 1652; x_wconf 84' lang='lat' dir='ltr'>crudelem</span> <span class='ocrx_word' id='word_1_286' title='bbox 463 1620 661 1652; x_wconf 86' lang='lat' dir='ltr'>avaritiam</span> <span class='ocrx_word' id='word_1_287' title='bbox 686 1618 911 1651; x_wconf 87' lang='lat' dir='ltr'>coercuisset</span> <span class='ocrx_word' id='word_1_288' title='bbox 941 1618 1029 1659; x_wconf 88' lang='lat' dir='ltr'>(cfr.</span> <span class='ocrx_word' id='word_1_289' title='bbox 1055 1618 1181 1649; x_wconf 89' lang='lat' dir='ltr'>Drum.</span> <span class='ocrx_word' id='word_1_290' title='bbox 1207 1618 1258 1650; x_wconf 93' lang='lat' dir='ltr'>IV</span> <span class='ocrx_word' id='word_1_291' title='bbox 1282 1629 1317 1660; x_wconf 90' lang='lat' dir='ltr'>p.</span> <span class='ocrx_word' id='word_1_292' title='bbox 1347 1617 1448 1659; x_wconf 75' lang='lat'>140),</span> <span class='ocrx_word' id='word_1_293' title='bbox 1483 1620 1630 1649; x_wconf 88' lang='lat' dir='ltr'>constet</span> 
     </span>
     <span class='ocr_line' id='line_1_29' title="bbox 101 1662 1626 1707; baseline -0.001 -11"><span class='ocrx_word' id='word_1_294' title='bbox 101 1665 279 1707; x_wconf 85' lang='lat' dir='ltr'>simulque</span> <span class='ocrx_word' id='word_1_295' title='bbox 303 1665 418 1696; x_wconf 82' lang='lat' dir='ltr'>multa</span> <span class='ocrx_word' id='word_1_296' title='bbox 434 1664 478 1696; x_wconf 90' lang='lat' dir='ltr'>de</span> <span class='ocrx_word' id='word_1_297' title='bbox 496 1675 615 1696; x_wconf 89' lang='lat' dir='ltr'>rerum</span> <span class='ocrx_word' id='word_1_298' title='bbox 633 1664 671 1695; x_wconf 92' lang='lat' dir='ltr'>in</span> <span class='ocrx_word' id='word_1_299' title='bbox 687 1663 778 1695; x_wconf 84' lang='lat' dir='ltr'>Asia</span> <span class='ocrx_word' id='word_1_300' title='bbox 795 1663 1007 1696; x_wconf 88' lang='lat' dir='ltr'>conditione</span> <span class='ocrx_word' id='word_1_301' title='bbox 1024 1663 1177 1695; x_wconf 82' lang='lat' dir='ltr'>Romam</span> <span class='ocrx_word' id='word_1_302' title='bbox 1197 1662 1390 1705; x_wconf 88' lang='lat' dir='ltr'>scripsisse</span> <span class='ocrx_word' id='word_1_303' title='bbox 1416 1674 1461 1695; x_wconf 78' lang='lat' dir='ltr'>ex</span> <span class='ocrx_word' id='word_1_304' title='bbox 1478 1662 1555 1694; x_wconf 86' lang='lat' dir='ltr'>Cic.</span> <span class='ocrx_word' id='word_1_305' title='bbox 1575 1673 1626 1694; x_wconf 89' lang='lat' dir='ltr'>or.</span> 
     </span>
     <span class='ocr_line' id='line_1_30' title="bbox 100 1708 1628 1752; baseline -0.001 -11"><span class='ocrx_word' id='word_1_306' title='bbox 100 1709 145 1742; x_wconf 89' lang='lat' dir='ltr'>de</span> <span class='ocrx_word' id='word_1_307' title='bbox 170 1711 244 1752; x_wconf 91' lang='lat' dir='ltr'>inp.</span> <span class='ocrx_word' id='word_1_308' title='bbox 273 1710 341 1742; x_wconf 87' lang='lat' dir='ltr'>Gn.</span> <span class='ocrx_word' id='word_1_309' title='bbox 367 1710 492 1752; x_wconf 91' lang='lat' dir='ltr'>Pomp.</span> <span class='ocrx_word' id='word_1_310' title='bbox 518 1710 557 1749; x_wconf 83' lang='lat'>2,</span> <span class='ocrx_word' id='word_1_311' title='bbox 583 1710 623 1741; x_wconf 76' lang='lat'>4:</span> <span class='ocrx_word' id='word_1_312' title='bbox 650 1708 829 1751; x_wconf 80' lang='lat' dir='ltr'>Equitibus</span> <span class='ocrx_word' id='word_1_313' title='bbox 854 1709 1012 1741; x_wconf 75' lang='lat' dir='ltr'>Romanis</span> <span class='ocrx_word' id='word_1_314' title='bbox 1037 1726 1078 1731; x_wconf 86' lang='lat'>—</span> <span class='ocrx_word' id='word_1_315' title='bbox 1104 1708 1310 1750; x_wconf 83' lang='lat' dir='ltr'>adferuntur</span> <span class='ocrx_word' id='word_1_316' title='bbox 1334 1719 1381 1740; x_wconf 77' lang='lat' dir='ltr'>ex</span> <span class='ocrx_word' id='word_1_317' title='bbox 1398 1708 1486 1740; x_wconf 82' lang='lat' dir='ltr'>Asia</span> <span class='ocrx_word' id='word_1_318' title='bbox 1503 1709 1628 1740; x_wconf 71' lang='lat' dir='ltr'>cotidie</span> 
     </span>
     <span class='ocr_line' id='line_1_31' title="bbox 97 1755 549 1797; baseline -0.002 -10"><span class='ocrx_word' id='word_1_319' title='bbox 97 1755 234 1788; x_wconf 77' lang='lat' dir='ltr'>litterae</span> <span class='ocrx_word' id='word_1_320' title='bbox 259 1758 330 1787; x_wconf 91' lang='lat' dir='ltr'>cet.</span> <span class='ocrx_word' id='word_1_321' title='bbox 358 1755 549 1797; x_wconf 82' lang='lat' dir='ltr'>adpareat.</span> 
     </span>
    </p>
   </div>
   <div class='ocr_carea' id='block_1_5' title="bbox 99 1843 1636 2977">
    <p class='ocr_par' dir='ltr' id='par_1_5' title="bbox 99 1843 1636 2977">
     <span class='ocr_line' id='line_1_32' title="bbox 214 1843 1625 1898; baseline -0.001 -14"><span class='ocrx_word' id='word_1_322' title='bbox 214 1845 271 1884; x_wconf 76' lang='lat'>*9</span> <span class='ocrx_word' id='word_1_323' title='bbox 301 1845 381 1898; x_wconf 88' lang='lat' dir='ltr'>[Kr.</span> <span class='ocrx_word' id='word_1_324' title='bbox 409 1849 463 1882; x_wconf 95' lang='lat' dir='ltr'>ll.</span> <span class='ocrx_word' id='word_1_325' title='bbox 506 1846 544 1882; x_wconf 90' lang='lat' dir='ltr'>G.</span> <span class='ocrx_word' id='word_1_326' title='bbox 569 1847 636 1883; x_wconf 82' lang='lat' dir='ltr'>inc.</span> <span class='ocrx_word' id='word_1_327' title='bbox 660 1843 737 1896; x_wconf 83' lang='lat'>76].</span> <span class='ocrx_word' id='word_1_328' title='bbox 785 1843 883 1883; x_wconf 88' lang='lat' dir='ltr'>Cum</span> <span class='ocrx_word' id='word_1_329' title='bbox 913 1843 1043 1882; x_wconf 86' lang='lat' dir='ltr'>Schol.</span> <span class='ocrx_word' id='word_1_330' title='bbox 1075 1845 1245 1883; x_wconf 86' lang='lat' dir='ltr'>Gronov.</span> <span class='ocrx_word' id='word_1_331' title='bbox 1277 1843 1325 1883; x_wconf 84' lang='lat' dir='ltr'>ad</span> <span class='ocrx_word' id='word_1_332' title='bbox 1353 1843 1430 1882; x_wconf 83' lang='lat' dir='ltr'>Cic..</span> <span class='ocrx_word' id='word_1_333' title='bbox 1456 1855 1516 1894; x_wconf 84' lang='lat' dir='ltr'>pr.</span> <span class='ocrx_word' id='word_1_334' title='bbox 1548 1844 1625 1893; x_wconf 87' lang='lat' dir='ltr'>leg.</span> 
     </span>
     <span class='ocr_line' id='line_1_33' title="bbox 99 1910 1631 1964; baseline -0.001 -12"><span class='ocrx_word' id='word_1_335' title='bbox 99 1913 201 1953; x_wconf 89' lang='lat' dir='ltr'>Man.</span> <span class='ocrx_word' id='word_1_336' title='bbox 237 1913 306 1958; x_wconf 84' lang='lat'>10,</span> <span class='ocrx_word' id='word_1_337' title='bbox 346 1910 398 1952; x_wconf 86' lang='lat'>28</span> <span class='ocrx_word' id='word_1_338' title='bbox 426 1925 464 1964; x_wconf 88' lang='lat' dir='ltr'>p.</span> <span class='ocrx_word' id='word_1_339' title='bbox 497 1912 570 1951; x_wconf 83' lang='grc'>441</span> <span class='ocrx_word' id='word_1_340' title='bbox 609 1912 670 1951; x_wconf 91' lang='lat' dir='ltr'>ed.</span> <span class='ocrx_word' id='word_1_341' title='bbox 704 1911 770 1950; x_wconf 91' lang='lat' dir='ltr'>Or.</span> <span class='ocrx_word' id='word_1_342' title='bbox 801 1911 899 1951; x_wconf 88' lang='lat' dir='ltr'>haec</span> <span class='ocrx_word' id='word_1_343' title='bbox 926 1911 1146 1961; x_wconf 79' lang='lat' dir='ltr'>scripserit:</span> <span class='ocrx_word' id='word_1_344' title='bbox 1186 1912 1422 1961; x_wconf 82' lang='lat' dir='ltr'>Cupierunl]</span> <span class='ocrx_word' id='word_1_345' title='bbox 1457 1911 1506 1950; x_wconf 74' lang='lat' dir='ltr'>Ut</span> <span class='ocrx_word' id='word_1_346' title='bbox 1534 1913 1631 1951; x_wconf 76' lang='lat' dir='ltr'>dicit</span> 
     </span>
     <span class='ocr_line' id='line_1_34' title="bbox 100 1979 1626 2030; baseline -0.003 -9"><span class='ocrx_word' id='word_1_347' title='bbox 100 1982 328 2029; x_wconf 78' lang='lat' dir='ltr'>Sallustius,</span> <span class='ocrx_word' id='word_1_348' title='bbox 356 1980 548 2020; x_wconf 82' lang='lat' dir='ltr'>Lucullus</span> <span class='ocrx_word' id='word_1_349' title='bbox 569 1981 786 2030; x_wconf 77' lang='lat' dir='ltr'>pecuniam</span> <span class='ocrx_word' id='word_1_350' title='bbox 818 1979 974 2026; x_wconf 75' lang='lat' dir='ltr'>Quintio</span> <span class='ocrx_word' id='word_1_351' title='bbox 1003 1980 1115 2018; x_wconf 77' lang='lat' dir='ltr'>dedic</span> <span class='ocrx_word' id='word_1_352' title='bbox 1127 2009 1137 2030; x_wconf 94' lang='lat'>,</span> <span class='ocrx_word' id='word_1_353' title='bbox 1169 1992 1218 2018; x_wconf 82' lang='lat' dir='ltr'>ue</span> <span class='ocrx_word' id='word_1_354' title='bbox 1247 1981 1308 2018; x_wconf 82' lang='lat' dir='ltr'>illi</span> <span class='ocrx_word' id='word_1_355' title='bbox 1334 1979 1626 2026; x_wconf 82' lang='lat' dir='ltr'>succederetur,</span> 
     </span>
     <span class='ocr_line' id='line_1_35' title="bbox 100 2047 1626 2105; baseline -0.002 -17"><span class='ocrx_word' id='word_1_356' title='bbox 100 2062 147 2105; x_wconf 86' lang='lat' dir='ltr'>ea</span> <span class='ocrx_word' id='word_1_357' title='bbox 176 2048 293 2088; x_wconf 82' lang='lat' dir='ltr'>verba</span> <span class='ocrx_word' id='word_1_358' title='bbox 321 2047 479 2088; x_wconf 78' lang='lat' dir='ltr'>Sallusti</span> <span class='ocrx_word' id='word_1_359' title='bbox 517 2047 636 2087; x_wconf 81' lang='lat' dir='ltr'>fuisse</span> <span class='ocrx_word' id='word_1_360' title='bbox 666 2059 769 2098; x_wconf 87' lang='lat' dir='ltr'>nego</span> <span class='ocrx_word' id='word_1_361' title='bbox 801 2047 862 2086; x_wconf 90' lang='lat' dir='ltr'>his</span> <span class='ocrx_word' id='word_1_362' title='bbox 888 2047 1129 2098; x_wconf 81' lang='lat' dir='ltr'>argumentis</span> <span class='ocrx_word' id='word_1_363' title='bbox 1165 2059 1281 2086; x_wconf 87' lang='lat' dir='ltr'>usus:</span> <span class='ocrx_word' id='word_1_364' title='bbox 1326 2047 1503 2086; x_wconf 89' lang='lat' dir='ltr'>Primum</span> <span class='ocrx_word' id='word_1_365' title='bbox 1534 2059 1626 2086; x_wconf 86' lang='lat' dir='ltr'>con-</span> 
     </span>
     <span class='ocr_line' id='line_1_36' title="bbox 100 2113 1626 2166; baseline -0.001 -10"><span class='ocrx_word' id='word_1_366' title='bbox 100 2121 175 2156; x_wconf 86' lang='lat' dir='ltr'>stat</span> <span class='ocrx_word' id='word_1_367' title='bbox 198 2116 304 2156; x_wconf 91' lang='lat' dir='ltr'>hunc</span> <span class='ocrx_word' id='word_1_368' title='bbox 323 2128 526 2156; x_wconf 88' lang='lat' dir='ltr'>rumorem</span> <span class='ocrx_word' id='word_1_369' title='bbox 546 2116 695 2155; x_wconf 88' lang='lat' dir='ltr'>Romae</span> <span class='ocrx_word' id='word_1_370' title='bbox 715 2114 976 2159; x_wconf 84' lang='lat' dir='ltr'>increbuisse,</span> <span class='ocrx_word' id='word_1_371' title='bbox 1007 2113 1214 2154; x_wconf 85' lang='lat' dir='ltr'>Lucullum</span> <span class='ocrx_word' id='word_1_372' title='bbox 1237 2114 1279 2153; x_wconf 97' lang='lat' dir='ltr'>L.</span> <span class='ocrx_word' id='word_1_373' title='bbox 1305 2115 1487 2161; x_wconf 87' lang='lat' dir='ltr'>Quinctio</span> <span class='ocrx_word' id='word_1_374' title='bbox 1512 2127 1626 2166; x_wconf 86' lang='lat' dir='ltr'>prae-</span> 
     </span>
     <span class='ocr_line' id='line_1_37' title="bbox 101 2182 1636 2238; baseline -0.002 -14"><span class='ocrx_word' id='word_1_375' title='bbox 101 2186 176 2224; x_wconf 88' lang='lat' dir='ltr'>tori</span> <span class='ocrx_word' id='word_1_376' title='bbox 206 2185 414 2238; x_wconf 86' lang='lat' dir='ltr'>pecuniam</span> <span class='ocrx_word' id='word_1_377' title='bbox 440 2183 678 2235; x_wconf 84' lang='lat' dir='ltr'>pollicitum,</span> <span class='ocrx_word' id='word_1_378' title='bbox 710 2184 742 2222; x_wconf 89' lang='lat' dir='ltr'>si</span> <span class='ocrx_word' id='word_1_379' title='bbox 772 2195 850 2235; x_wconf 90' lang='lat' dir='ltr'>quo</span> <span class='ocrx_word' id='word_1_380' title='bbox 880 2183 1009 2221; x_wconf 90' lang='lat' dir='ltr'>minus</span> <span class='ocrx_word' id='word_1_381' title='bbox 1038 2183 1234 2234; x_wconf 87' lang='lat' dir='ltr'>inperium</span> <span class='ocrx_word' id='word_1_382' title='bbox 1269 2182 1343 2221; x_wconf 90' lang='lat' dir='ltr'>sibi</span> <span class='ocrx_word' id='word_1_383' title='bbox 1367 2182 1636 2236; x_wconf 63' lang='lat' dir='ltr'>abrogaretur</span> 
     </span>
     <span class='ocr_line' id='line_1_38' title="bbox 101 2249 1628 2304; baseline -0.002 -12"><span class='ocrx_word' id='word_1_384' title='bbox 101 2252 331 2304; x_wconf 83' lang='lat' dir='ltr'>prohiberet</span> <span class='ocrx_word' id='word_1_385' title='bbox 358 2251 547 2304; x_wconf 85' lang='lat' dir='ltr'>(Momms.</span> <span class='ocrx_word' id='word_1_386' title='bbox 567 2251 620 2291; x_wconf 85' lang='grc' dir='ltr'>ΙΙΙ</span> <span class='ocrx_word' id='word_1_387' title='bbox 638 2264 675 2304; x_wconf 84' lang='lat' dir='ltr'>p.</span> <span class='ocrx_word' id='word_1_388' title='bbox 700 2251 776 2291; x_wconf 88' lang='lat'>103</span> <span class='ocrx_word' id='word_1_389' title='bbox 804 2251 936 2303; x_wconf 62' lang='lat' dir='ltr'>med),</span> <span class='ocrx_word' id='word_1_390' title='bbox 968 2249 1078 2290; x_wconf 92' lang='lat' dir='ltr'>illum</span> <span class='ocrx_word' id='word_1_391' title='bbox 1106 2263 1197 2290; x_wconf 88' lang='lat' dir='ltr'>vero</span> <span class='ocrx_word' id='word_1_392' title='bbox 1227 2252 1267 2289; x_wconf 92' lang='lat' dir='ltr'>in</span> <span class='ocrx_word' id='word_1_393' title='bbox 1299 2250 1460 2290; x_wconf 86' lang='lat' dir='ltr'>consilio</span> <span class='ocrx_word' id='word_1_394' title='bbox 1488 2251 1628 2302; x_wconf 88' lang='lat' dir='ltr'>persti-</span> 
     </span>
     <span class='ocr_line' id='line_1_39' title="bbox 101 2318 1626 2372; baseline -0.001 -13"><span class='ocrx_word' id='word_1_395' title='bbox 101 2321 192 2360; x_wconf 88' lang='lat' dir='ltr'>tisse</span> <span class='ocrx_word' id='word_1_396' title='bbox 233 2321 393 2372; x_wconf 88' lang='lat' dir='ltr'>eiusque</span> <span class='ocrx_word' id='word_1_397' title='bbox 433 2320 694 2371; x_wconf 87' lang='lat' dir='ltr'>potissumum</span> <span class='ocrx_word' id='word_1_398' title='bbox 734 2319 863 2359; x_wconf 86' lang='lat' dir='ltr'>studio</span> <span class='ocrx_word' id='word_1_399' title='bbox 902 2322 1018 2370; x_wconf 86' lang='lat' dir='ltr'>atque</span> <span class='ocrx_word' id='word_1_400' title='bbox 1054 2330 1176 2370; x_wconf 89' lang='lat' dir='ltr'>opera</span> <span class='ocrx_word' id='word_1_401' title='bbox 1215 2319 1462 2369; x_wconf 83' lang='lat' dir='ltr'>rogationem</span> <span class='ocrx_word' id='word_1_402' title='bbox 1499 2318 1626 2371; x_wconf 87' lang='lat' dir='ltr'>perla-</span> 
     </span>
     <span class='ocr_line' id='line_1_40' title="bbox 100 2378 1629 2439; baseline -0.003 -11"><span class='ocrx_word' id='word_1_403' title='bbox 100 2393 180 2428; x_wconf 83' lang='lat' dir='ltr'>tam</span> <span class='ocrx_word' id='word_1_404' title='bbox 214 2400 300 2428; x_wconf 87' lang='lat' dir='ltr'>esse</span> <span class='ocrx_word' id='word_1_405' title='bbox 329 2387 430 2427; x_wconf 90' lang='lat' dir='ltr'>Plut.</span> <span class='ocrx_word' id='word_1_406' title='bbox 461 2391 627 2439; x_wconf 49' lang='lat' dir='ltr'>tefflitur</span> <span class='ocrx_word' id='word_1_407' title='bbox 656 2386 751 2426; x_wconf 87' lang='lat' dir='ltr'>Luc.</span> <span class='ocrx_word' id='word_1_408' title='bbox 792 2386 844 2427; x_wconf 89' lang='grc'>33</span> <span class='ocrx_word' id='word_1_409' title='bbox 876 2392 974 2426; x_wconf 81' lang='lat' dir='ltr'>extr.</span> <span class='ocrx_word' id='word_1_410' title='bbox 1014 2383 1157 2426; x_wconf 83' lang='grc' dir='ltr'><strong>Τοῦτο</strong></span> <span class='ocrx_word' id='word_1_411' title='bbox 1192 2378 1278 2439; x_wconf 77' lang='grc' dir='ltr'>γὰρ</span> <span class='ocrx_word' id='word_1_412' title='bbox 1316 2384 1458 2425; x_wconf 81' lang='grc' dir='ltr'><em>εἰπεῖν</em></span> <span class='ocrx_word' id='word_1_413' title='bbox 1488 2394 1629 2438; x_wconf 82' lang='grc' dir='ltr'><em>φασιν</em></span> 
     </span>
     <span class='ocr_line' id='line_1_41' title="bbox 100 2444 1627 2509; baseline -0.002 -14"><span class='ocrx_word' id='word_1_414' title='bbox 100 2452 181 2495; x_wconf 78' lang='grc' dir='ltr'>ἕνα</span> <span class='ocrx_word' id='word_1_415' title='bbox 213 2452 303 2494; x_wconf 77' lang='grc' dir='ltr'>τῶν</span> <span class='ocrx_word' id='word_1_416' title='bbox 339 2451 599 2509; x_wconf 78' lang='grc' dir='ltr'><em>στρατηγῶν</em></span> <span class='ocrx_word' id='word_1_417' title='bbox 634 2447 1060 2494; x_wconf 17' lang='grc' dir='ltr'><strong><em>ΛεύκιονᾲΚόϊντον</em></strong></span> <span class='ocrx_word' id='word_1_418' title='bbox 1098 2454 1229 2507; x_wconf 82' lang='lat' dir='ltr'>(scrib.</span> <span class='ocrx_word' id='word_1_419' title='bbox 1260 2452 1514 2506; x_wconf 82' lang='grc' dir='ltr'>Κοΐντιον),</span> <span class='ocrx_word' id='word_1_420' title='bbox 1551 2444 1627 2505; x_wconf 80' lang='grc' dir='ltr'>ὑφ’</span> 
     </span>
     <span class='ocr_line' id='line_1_42' title="bbox 102 2511 1632 2576; baseline -0.003 -13"><span class='ocrx_word' id='word_1_421' title='bbox 102 2511 160 2563; x_wconf 79' lang='grc' dir='ltr'>οὗ</span> <span class='ocrx_word' id='word_1_422' title='bbox 193 2517 384 2576; x_wconf 78' lang='grc' dir='ltr'><strong><em>μάλιστα</em></strong></span> <span class='ocrx_word' id='word_1_423' title='bbox 428 2517 691 2568; x_wconf 76' lang='grc' dir='ltr'><strong><em>πεισθέντες</em></strong></span> <span class='ocrx_word' id='word_1_424' title='bbox 736 2518 1014 2574; x_wconf 80' lang='grc' dir='ltr'>ἐψηφίσαπο</span> <span class='ocrx_word' id='word_1_425' title='bbox 1062 2515 1300 2573; x_wconf 83' lang='grc' dir='ltr'><em>διαδόχους</em></span> <span class='ocrx_word' id='word_1_426' title='bbox 1344 2517 1534 2573; x_wconf 76' lang='grc' dir='ltr'><em>πέμπειν</em></span> <span class='ocrx_word' id='word_1_427' title='bbox 1570 2518 1632 2575; x_wconf 78' lang='grc' dir='ltr'>τῷ</span> 
     </span>
     <span class='ocr_line' id='line_1_43' title="bbox 101 2584 1629 2646; baseline -0.003 -15"><span class='ocrx_word' id='word_1_428' title='bbox 101 2584 381 2646; x_wconf 75' lang='grc' dir='ltr'><strong><em>Λουκούλλῳ</em></strong></span> <span class='ocrx_word' id='word_1_429' title='bbox 426 2587 503 2643; x_wconf 83' lang='grc' dir='ltr'>τῆς</span> <span class='ocrx_word' id='word_1_430' title='bbox 547 2584 768 2642; x_wconf 69' lang='grc' dir='ltr'><em>ἐπαρχίας.</em></span> <span class='ocrx_word' id='word_1_431' title='bbox 832 2590 956 2640; x_wconf 86' lang='lat' dir='ltr'>Igitur</span> <span class='ocrx_word' id='word_1_432' title='bbox 994 2591 1068 2629; x_wconf 88' lang='lat' dir='ltr'>nisi</span> <span class='ocrx_word' id='word_1_433' title='bbox 1111 2589 1337 2630; x_wconf 82' lang='lat' dir='ltr'>Sallustium</span> <span class='ocrx_word' id='word_1_434' title='bbox 1382 2588 1518 2628; x_wconf 83' lang='lat' dir='ltr'>leviter</span> <span class='ocrx_word' id='word_1_435' title='bbox 1562 2592 1629 2626; x_wconf 87' lang='lat' dir='ltr'>aut</span> 
     </span>
     <span class='ocr_line' id='line_1_44' title="bbox 103 2655 1628 2710; baseline -0.003 -12"><span class='ocrx_word' id='word_1_436' title='bbox 103 2658 199 2699; x_wconf 74' lang='lat' dir='ltr'>salse</span> <span class='ocrx_word' id='word_1_437' title='bbox 223 2671 310 2699; x_wconf 90' lang='lat' dir='ltr'>rem</span> <span class='ocrx_word' id='word_1_438' title='bbox 338 2659 556 2698; x_wconf 81' lang='lat' dir='ltr'>narravisse</span> <span class='ocrx_word' id='word_1_439' title='bbox 588 2659 779 2710; x_wconf 88' lang='lat' dir='ltr'>opineris,</span> <span class='ocrx_word' id='word_1_440' title='bbox 811 2658 906 2698; x_wconf 90' lang='lat' dir='ltr'>nihil</span> <span class='ocrx_word' id='word_1_441' title='bbox 936 2658 984 2697; x_wconf 84' lang='lat' dir='ltr'>ab</span> <span class='ocrx_word' id='word_1_442' title='bbox 1014 2670 1062 2697; x_wconf 87' lang='lat' dir='ltr'>eo</span> <span class='ocrx_word' id='word_1_443' title='bbox 1095 2658 1285 2708; x_wconf 87' lang='lat' dir='ltr'>scriptum</span> <span class='ocrx_word' id='word_1_444' title='bbox 1315 2656 1433 2694; x_wconf 81' lang='lat' dir='ltr'>fuisse</span> <span class='ocrx_word' id='word_1_445' title='bbox 1464 2655 1628 2694; x_wconf 84' lang='lat' dir='ltr'>credere</span> 
     </span>
     <span class='ocr_line' id='line_1_45' title="bbox 103 2722 1627 2778; baseline -0.003 -13"><span class='ocrx_word' id='word_1_446' title='bbox 103 2734 331 2778; x_wconf 85' lang='lat' dir='ltr'>possumus,</span> <span class='ocrx_word' id='word_1_447' title='bbox 362 2727 435 2766; x_wconf 87' lang='lat' dir='ltr'>nisi</span> <span class='ocrx_word' id='word_1_448' title='bbox 455 2726 661 2766; x_wconf 85' lang='lat' dir='ltr'>Lucullum</span> <span class='ocrx_word' id='word_1_449' title='bbox 691 2727 898 2777; x_wconf 87' lang='lat' dir='ltr'>pecuniam</span> <span class='ocrx_word' id='word_1_450' title='bbox 929 2724 1142 2776; x_wconf 86' lang='lat' dir='ltr'>pollicitum</span> <span class='ocrx_word' id='word_1_451' title='bbox 1173 2736 1278 2768; x_wconf 87' lang='lat' dir='ltr'>esse,</span> <span class='ocrx_word' id='word_1_452' title='bbox 1309 2727 1368 2761; x_wconf 81' lang='lat' dir='ltr'>set</span> <span class='ocrx_word' id='word_1_453' title='bbox 1396 2722 1503 2761; x_wconf 90' lang='lat' dir='ltr'>illum</span> <span class='ocrx_word' id='word_1_454' title='bbox 1527 2723 1627 2761; x_wconf 82' lang='lat' dir='ltr'>reie-</span> 
     </span>
     <span class='ocr_line' id='line_1_46' title="bbox 105 2789 1627 2842; baseline -0.004 -8"><span class='ocrx_word' id='word_1_455' title='bbox 105 2795 214 2834; x_wconf 83' lang='lat' dir='ltr'>cisse.</span> <span class='ocrx_word' id='word_1_456' title='bbox 278 2793 426 2834; x_wconf 87' lang='lat' dir='ltr'>Deinde</span> <span class='ocrx_word' id='word_1_457' title='bbox 467 2793 672 2834; x_wconf 83' lang='lat' dir='ltr'>Sallustius</span> <span class='ocrx_word' id='word_1_458' title='bbox 717 2798 824 2833; x_wconf 86' lang='lat' dir='ltr'>certe</span> <span class='ocrx_word' id='word_1_459' title='bbox 863 2805 942 2831; x_wconf 88' lang='lat' dir='ltr'>non</span> <span class='ocrx_word' id='word_1_460' title='bbox 978 2794 1040 2831; x_wconf 82' lang='lat' dir='ltr'>illi</span> <span class='ocrx_word' id='word_1_461' title='bbox 1073 2792 1312 2842; x_wconf 87' lang='lat' dir='ltr'>scripsisset,</span> <span class='ocrx_word' id='word_1_462' title='bbox 1352 2794 1411 2829; x_wconf 88' lang='lat' dir='ltr'>set</span> <span class='ocrx_word' id='word_1_463' title='bbox 1443 2793 1488 2829; x_wconf 92' lang='lat' dir='ltr'>ut</span> <span class='ocrx_word' id='word_1_464' title='bbox 1519 2789 1627 2829; x_wconf 89' lang='lat' dir='ltr'>latini</span> 
     </span>
     <span class='ocr_line' id='line_1_47' title="bbox 104 2857 1627 2912; baseline -0.003 -11"><span class='ocrx_word' id='word_1_465' title='bbox 104 2863 296 2901; x_wconf 87' lang='lat' dir='ltr'>sermonis</span> <span class='ocrx_word' id='word_1_466' title='bbox 325 2862 434 2912; x_wconf 83' lang='lat' dir='ltr'>leges</span> <span class='ocrx_word' id='word_1_467' title='bbox 462 2861 734 2912; x_wconf 87' lang='lat' dir='ltr'>postulabant,</span> <span class='ocrx_word' id='word_1_468' title='bbox 765 2861 863 2906; x_wconf 79' lang='lat' dir='ltr'>sibi‚·</span> <span class='ocrx_word' id='word_1_469' title='bbox 893 2872 992 2911; x_wconf 87' lang='lat' dir='ltr'>quae</span> <span class='ocrx_word' id='word_1_470' title='bbox 1023 2870 1087 2897; x_wconf 83' lang='lat' dir='ltr'>res</span> <span class='ocrx_word' id='word_1_471' title='bbox 1111 2859 1192 2909; x_wconf 84' lang='lat' dir='ltr'>ipsa</span> <span class='ocrx_word' id='word_1_472' title='bbox 1215 2857 1450 2897; x_wconf 86' lang='lat' dir='ltr'>documento</span> <span class='ocrx_word' id='word_1_473' title='bbox 1474 2857 1627 2897; x_wconf 85' lang='lat' dir='ltr'>videtur</span> 
     </span>
     <span class='ocr_line' id='line_1_48' title="bbox 106 2912 1625 2977; baseline -0.001 -9"><span class='ocrx_word' id='word_1_474' title='bbox 106 2941 190 2969; x_wconf 89' lang='lat' dir='ltr'>esse</span> <span class='ocrx_word' id='word_1_475' title='bbox 221 2933 397 2971; x_wconf 87' lang='lat' dir='ltr'>extrema</span> <span class='ocrx_word' id='word_1_476' title='bbox 424 2929 543 2968; x_wconf 86' lang='lat' dir='ltr'>verba</span> <span class='ocrx_word' id='word_1_477' title='bbox 575 2928 624 2968; x_wconf 88' lang='lat' dir='ltr'>ab</span> <span class='ocrx_word' id='word_1_478' title='bbox 652 2927 834 2968; x_wconf 87' lang='lat' dir='ltr'>Sallustio</span> <span class='ocrx_word' id='word_1_479' title='bbox 859 2927 1003 2977; x_wconf 85' lang='lat' dir='ltr'>scripta</span> <span class='ocrx_word' id='word_1_480' title='bbox 1035 2925 1152 2965; x_wconf 81' lang='lat' dir='ltr'>fuisse</span> <span class='ocrx_word' id='word_1_481' title='bbox 1177 2929 1284 2965; x_wconf 87' lang='lat' dir='ltr'>certe</span> <span class='ocrx_word' id='word_1_482' title='bbox 1320 2912 1395 2964; x_wconf 85' lang='lat' dir='ltr'>alio</span> <span class='ocrx_word' id='word_1_483' title='bbox 1432 2937 1625 2971; x_wconf 82' lang='lat' dir='ltr'>connexu,</span> 
     </span>
    </p>
   </div>
  </div>
 </body>
</html>
