1838 3288
234 242 314 284 116
651 252 950 280 nts'romARvM
982 251 1065 278 Lm.
1097 251 1141 280 ιν
1161 245 1349 287 Δ64---71.

323 354 438 385 Prisc.
466 353 519 384 IX
543 363 578 394 p.
605 350 689 383 484:
718 351 878 384 ‘seneseo'
903 353 989 384 enim
1010 353 1227 386 inchoativum
1250 358 1312 385 est.
1353 352 1533 386 Sallustius
1556 354 1590 385 in
1613 352 1687 384 IIII
1710 352 1758 385 ln·-

231 400 432 432 storiarum:
457 407 580 428 omnes
606 415 648 419 —
674 399 764 429 erat.
814 397 869 428 De
895 397 1071 429 militibus
1097 398 1260 430 evocatis
1279 398 1351 430 dici
1369 401 1534 441 apertum
1560 400 1615 430 est
1638 407 1756 439 neque

233 453 378 486 prorsus
404 442 595 474 reiciunda
622 445 678 473 est
704 441 894 474 Gerlachii
919 443 1093 485 suspitio,
1126 443 1222 475 tales
1257 443 1303 475 ad
1335 444 1533 475 exercitum
1559 442 1757 475 arcessitos

234 499 314 521 csse
331 488 369 518 in
386 487 500 519 Italia
518 487 692 519 advorsus
709 487 884 529 fugitivos
902 490 939 519 et
956 487 1185 530 Spartacum,
1211 491 1268 520 set
1290 488 1382 520 nihil
1406 489 1530 521 obstat
1553 497 1622 530 quo
1639 487 1756 519 minus

232 534 329 565 idem
353 532 391 563 in
416 532 564 564 obsesso
589 531 722 574 oppido
748 531 871 574 aliquo
896 532 1035 565 factum
1060 543 1140 566 esse
1166 534 1403 575 suspicemur.

346 611 398 650 64
433 610 512 663 [Kr.
535 615 591 648 65.
624 612 662 649 G.
695 609 768 663 l7].
828 610 956 651 Clausi
985 611 1173 651 lateribus
1202 612 1288 651 altis
1317 611 1471 663 pedem.

343 683 448 715 Arus.
475 694 509 725 p.
536 683 619 716 215:
647 686 748 715 altum
767 685 877 726 pedes
901 688 963 716 tot.
1004 685 1177 717 Laterum
1195 685 1233 717 in
1259 685 1468 717 extruendis
1485 683 1675 716 moenibus
1692 693 1758 726 per

230 729 534 772 Mesopotamiam
559 732 596 761 et
619 728 862 770 Babyloniam
888 729 1038 761 multum
1062 740 1166 762 usum
1192 730 1306 762 fuisse
1333 732 1490 762 constat.

345 806 398 846 65
433 805 512 861 [Kr.
543 811 600 845 66.
633 809 672 846 G.
695 806 771 860 23].
826 807 1117 860 infrequentem
1146 810 1351 848 stationem
1383 813 1557 847 nostram
1584 808 1755 847 incurio-

233 888 393 927 samque
424 879 506 914 tum
537 874 584 914 ah
613 876 742 913 armis.

345 948 448 979 Arus.
474 959 508 990 p.
535 947 620 979 242:
652 948 852 980 incuriosum
876 948 917 980 ab
942 950 1000 981 illa
1023 959 1073 980 re.
1118 949 1189 981 Pro
1221 953 1288 981 tam
1312 948 1543 981 scribendum
1577 957 1658 980 esse
1690 951 1756 980 tum

231 996 332 1026 recte
350 994 424 1025 iam
442 992 487 1024 ab
507 992 591 1024 aliis
610 992 840 1025 intellectum
858 997 924 1026 est.
970 994 1048 1025 Nec
1071 993 1363 1036 coniungendum
1388 1003 1468 1026 esse
1487 993 1528 1026 ab
1547 996 1650 1025 armis
1675 1002 1756 1024 cum

232 1039 433 1071 incuriosam
456 1037 636 1069 Arusiano
663 1037 783 1077 credo,
810 1041 866 1070 set
890 1038 931 1070 ab
956 1041 1059 1071 armis
1082 1049 1148 1080 per
1165 1049 1203 1071 se
1229 1039 1365 1070 dictum
1390 1049 1489 1078 esse,
1513 1040 1555 1070 ut
1571 1036 1757 1080 significet

233 1085 328 1115 modo
353 1085 514 1124 repositis
530 1084 643 1114 armis.
686 1082 913 1125 Quamquam
935 1083 1025 1115 haut
1041 1083 1282 1126 inprobabilis
1301 1086 1357 1115 est
1376 1083 1564 1116 Gerlachii
1587 1082 1755 1124 suspitio,

233 1129 327 1160 haec
342 1128 457 1160 verba
471 1127 590 1159 locum
604 1127 790 1167 habuisse,
805 1128 867 1160 ubi
881 1128 926 1159 de
936 1128 1114 1170 Spartaco
1126 1128 1250 1161 Crassi
1265 1128 1486 1161 munitiones
1498 1129 1755 1170 perrumpente

232 1176 420 1205 narratum
439 1175 529 1211 erat,
555 1175 679 1204 tamen
697 1183 778 1204 cum
801 1173 923 1205 multis
948 1173 986 1204 in
1009 1173 1100 1205 locis
1124 1173 1415 1205 idem'accidere
1432 1172 1605 1215 potuerit,
1631 1174 1672 1203 ut
1688 1172 1754 1203 Mi-

231 1219 411 1250 thridates
429 1218 466 1249 in
483 1217 690 1249 Armeniam
707 1218 881 1250 minorem
899 1219 1084 1250 transiens
1101 1218 1223 1250 multis
1246 1211 1531 1260 α’προςὸόκητος
1548 1213 1756 1259 προσέπεσε

231 1263 349 1304 (Cass.
376 1263 446 1295 Dio
463 1262 598 1294 XXXV
614 1261 648 1302 9,
675 1263 747 1295 vid.
768 1263 814 1295 ad
830 1263 862 1295 V
882 1263 925 1304 l),
952 1274 1010 1295 res
1034 1264 1180 1296 videtur
1196 1264 1234 1295 in
1258 1263 1400 1295 incerto
1419 1262 1672 1305 relinquenda.

348 1341 401 1380 66
435 1341 513 1394 [Kr.
536 1346 592 1379 67.
622 1344 661 1379 G.
685 1340 761 1393 74].
815 1340 889 1387 Qui
918 1343 1100 1393 proxumi
1125 1341 1208 1381 loca
1239 1342 1409 1381 hostium
1440 1345 1564 1381 erant.

346 1415 451 1447 Arus.
478 1426 512 1457 p.
539 1414 622 1446 252:
644 1415 824 1456 promimus
847 1416 946 1446 illum.

349 1495 402 1533 67
435 1493 514 1546 [Kr.
535 1497 592 1531 68.
624 1495 664 1532 G.
685 1492 762 1545 76].
821 1493 966 1533 Stolide
997 1498 1123 1533 castra
1151 1494 1398 1544 subgressus.

347 1568 450 1599 Arus.
476 1578 511 1609 p.
538 1564 620 1598 262:
645 1566 846 1608 subyredior
869 1568 957 1599 illum
980 1569 1096 1599 locum.

350 1645 401 1686 68
434 1645 514 1698 [Kr.
537 1649 581 1682 70
602 1652 638 1683 et
658 1649 713 1682 71.
756 1647 795 1683 G.
819 1647 862 1683 111
884 1650 927 1683 *29
951 1653 988 1684 et
1010 1645 1087 1698 30].
1151 1645 1268 1684 Curio
1299 1644 1488 1695 religione
1515 1642 1755 1683 Volcanalio-

234 1726 322 1753 rum
351 1713 454 1752 diem
485 1712 628 1751 ibidem
657 1716 844 1751 moratus.

349 1791 490 1823 Charis.
516 1802 550 1832 p.
577 1789 637 1822 62:
671 1795 707 1821 ut
730 1790 1062 1823 Bacchanaliorum
1087 1790 1265 1823 Sallustius
1289 1794 1322 1822 et
1345 1789 1641 1822 Volcanaliorum
1666 1788 1753 1830 (vid.

235 1837 280 1869 fr.
306 1837 361 1869 111
385 1835 463 1877 79).
502 1836 594 1867 Non.
619 1847 654 1878 p.
681 1834 764 1868 333:
791 1836 886 1868 Idem
911 1837 1003 1868 [list.
1030 1836 1085 1868 cib.
1111 1836 1204 1868 IIII:
1243 1835 1351 1867 Curio
1375 1834 1671 1868 Vulcanaliorum
1696 1833 1754 1866 die

236 1884 286 1920 [di
308 1880 380 1924 W.]
407 1881 544 1913 ibidem
562 1883 735 1912 moratus.
777 1881 938 1923 Pompei.
956 1882 995 1912 in
1012 1882 1105 1913 Don.
1126 1883 1193 1913 art.
1211 1892 1246 1923 p.
1269 1879 1331 1912 163
1354 1880 1450 1912 haec
1469 1879 1625 1922 profert:
1645 1878 1755 1911 Curio

233 1927 370 1959 ibidem
394 1928 554 1958 moratur
578 1926 725 1967 regione
751 1925 1064 1966 Vulcanaliorum,
1096 1926 1263 1967 idemque
1287 1936 1321 1967 p.
1348 1925 1431 1957 222:
1464 1924 1640 1966 religione
1665 1922 1751 1955 Vul-

235 1971 460 2004 canaliorum
483 1971 690 2012 impeditus.
738 1971 816 2002 Iam
842 1981 921 2003 cum
945 1971 1066 2013 priore
1090 1971 1171 2003 loco
1195 1969 1345 2011 Pompei
1367 1973 1492 2012 aperte
1517 1970 1680 2011 religione
1696 1978 1751 2000 re-

235 2017 456 2049 stituendum
481 2016 540 2055 sit,
568 2015 661 2047 alter
685 2018 807 2047 autem
832 2016 1017 2047 sententia
1042 2018 1142 2047 certe
1205 2026 1240 2046 m
1255 2015 1374 2057 priore
1401 2014 1606 2051 conveniat,
1632 2015 1672 2045 ut
1687 2023 1753 2057 pro

233 2066 384 2094 moratur
414 2060 473 2094 vel
503 2064 652 2092 moratus
682 2061 879 2092 memoriae
910 2060 1016 2102 lapsu
1047 2063 1132 2101 impe
1161 2070 1224 2091 tus
1254 2059 1429 2101 seriptum
1455 2069 1535 2091 esse
1561 2059 1752 2101 adpareat,

234 2107 390 2148 (lenique
415 2105 530 2139 verba
555 2115 612 2147 ap.
631 2106 722 2137 Non.
748 2104 901 2136 laudata
917 2105 1013 2136 idem
1031 2107 1130 2137 certe
1148 2104 1297 2138 verbum
1324 2105 1547 2145 contineant,
1575 2114 1619 2135 ex
1637 2102 1753 2135 tribus

233 2151 307 2182 illis
338 2151 428 2182 locis
458 2160 568 2182 unum
598 2149 843 2191 fragmentum
869 2160 911 2181 eo
936 2149 1040 2181 modo
1066 2160 1135 2191 quo
1158 2150 1331 2192 proposui
1356 2148 1647 2181 concinnandum
1672 2157 1754 2180 esse

232 2196 323 2227 haut
346 2194 628 2237 inprobabiliter
651 2194 739 2225 mihi
762 2194 888 2227 videor
914 2194 1095 2227 conicere.
1138 2194 1307 2226 Ceterum
1333 2204 1390 2226 res
1410 2204 1542 2237 parum,
1560 2193 1652 2226 lucis
1668 2191 1753 2224 inde

235 2240 381 2282 accipit,
407 2239 502 2281 quod
527 2239 569 2271 G.
589 2239 815 2270 Scribonium
834 2238 1026 2271 Curionem
1045 2250 1078 2271 a.
1105 2239 1146 2271 71
1174 2249 1218 2271 ex
1234 2239 1455 2271 Macedonia
1471 2237 1752 2280 triumphavisse

233 2285 311 2318 veri
335 2284 451 2316 simile
478 2286 533 2315 est
558 2282 639 2324 (cfr.
667 2294 754 2325 quos
779 2284 940 2315 Kritzius
966 2284 1140 2325 laudavit,
1167 2284 1318 2316 Ellendt
1343 2284 1389 2316 ad
1415 2283 1493 2316 Cic.
1518 2283 1620 2316 Brut.
1646 2281 1751 2325 proll‘.

234 2342 268 2372 p.
294 2329 350 2361 98.
391 2330 521 2371 Zumpt
546 2329 591 2360 ad
617 2328 692 2360 Cic.
720 2329 822 2360 Verr.
851 2340 884 2370 p.
912 2327 981 2369 64).
1033 2329 1122 2361 Cum
1153 2332 1274 2361 autem
1298 2328 1519 2361 Volcanalia
1543 2338 1614 2360 non
1637 2326 1754 2360 solum

234 2376 388 2415 Romae,
416 2377 473 2406 set
490 2373 600 2405 etiam
618 2373 746 2405 Ostiae
765 2377 849 2405 acta
876 2384 957 2406 esse
975 2377 1117 2406 constet
1142 2373 1298 2415 (Preller
1313 2374 1465 2416 Mythol.
1484 2374 1585 2406 Rom.
1603 2383 1638 2415 p.
1656 2370 1751 2413 529),

235 2420 391 2452 fortasse
416 2419 537 2451 ibidem
561 2418 605 2450 de
631 2417 738 2450 Ostia
762 2418 1050 2460 intellegundum
1077 2422 1142 2451 est.

348 2497 401 2537 69
434 2497 514 2550 [Kr.
537 2502 592 2534 72.
623 2499 660 2534 G.
679 2495 755 2548 32].
803 2497 897 2543 Quis
918 2498 955 2535 in
975 2509 1161 2548 praesens
1182 2497 1299 2536 modo
1320 2498 1412 2536 satis
1433 2500 1590 2536 cautum
1611 2494 1752 2535 fuerat.

346 2576 449 2608 Arus.
474 2587 509 2618 p.
535 2575 618 2607 242:
649 2577 681 2607 in
710 2585 876 2617 praesens
898 2586 963 2617 pro
988 2577 1034 2607 ad
1056 2585 1221 2617 praesens
1247 2574 1340 2617 (vid.
1367 2573 1431 2615 61,
1460 2573 1532 2616 19).
1583 2573 1663 2613 Quis
1687 2583 1752 2616 pro

235 2631 318 2665 quos
342 2626 442 2653 recte
468 2620 633 2653 Lindem.

349 2699 401 2738 70
432 2698 511 2751 [Kr.
535 2703 591 2736 73.
622 2701 660 2737 G.
683 2697 759 2750 49].
816 2697 995 2749 Magnam
1026 2710 1189 2737 exorsus
1220 2699 1450 2737 orationem.

346 2772 450 2803 Arus.
476 2783 511 2814 p.
538 2770 620 2804 220:
646 2782 791 2804 eoeorsus
814 2774 1009 2803 orationem.

347 2851 391 2888 71
431 2849 510 2902 [Kr.
529 2856 584 2888 74.
617 2852 656 2887 G.
680 2849 758 2902 63].
817 2849 1001 2901 Inpotens
1030 2853 1068 2887 et
1098 2829 1238 2888 nimiu‘s
1265 2849 1382 2895 animi
1413 2852 1482 2886 est.

346 2923 449 2955 Arus.
476 2934 511 2965 p.
537 2921 621 2954 249:
648 2923 764 2954 nimius
788 2923 886 2954 iltius.
