1852 3294
244 245 325 287 254
929 256 1060 285 mnnx

285 361 359 391 iste.
391 365 544 390 scaevus
567 355 638 389 iste
660 355 833 392 Romulus
856 356 891 388 H
907 357 924 389 Ι
940 357 1003 399 41,
1021 358 1052 390 5.
1092 358 1207 391 nostri
1229 357 1409 401 proditor,
1433 358 1513 393 istis
1533 358 1662 395 infidus
1679 361 1714 395 H
1730 361 1748 396 1

241 404 296 445 48,
315 404 368 435 '15.
410 403 598 442 rationem,
619 411 689 443 qua
706 405 810 434 tanta
827 402 899 434 ista
916 402 1013 435 mala
1030 403 1214 446 effugiatis
1233 404 1260 436 C
1278 404 1332 446 49,
1351 405 1382 438 3.
1414 406 1486 438 ista
1505 423 1542 429 —
1563 418 1655 450 quae
1672 418 1746 440 am-

242 447 438 491 plexamini
457 447 483 478 C
502 447 556 486 52,
575 447 607 479 5.
650 448 721 479 ista
738 447 839 480 vobis
857 449 1095 481 mansuetudo
1112 450 1150 480 in
1168 450 1352 482 miseriam
1370 455 1558 484 convertet
1575 452 1602 484 C
1619 452 1673 492 52,
1692 452 1746 486 27.

241 495 312 525 ista
330 492 568 524 frumentaria
591 491 673 534 lege
691 493 812 524 munia
828 495 952 525 vostra
975 498 1174 535 pensantur
1190 495 1225 526 H
1242 495 1296 527 111
1312 494 1352 527 61
1364 520 1372 536 ,
1396 495 1447 528 19.
1481 497 1566 528 Dub.
1584 497 1620 529 H
1634 497 1652 530 I
1671 497 1744 530 101.

285 539 343 570 ita.
374 538 412 569 in
428 547 521 579 pace
539 537 593 569 ita
609 541 650 568 ut
665 537 702 568 in
719 537 816 569 bello
832 537 974 570 valeret
991 538 1018 570 C
1037 539 1074 580 2,
1093 538 1124 572 3.
1165 540 1217 571 uti
1243 540 1342 572 facto
1366 551 1455 583 opus
1472 542 1538 582 sit,
1563 543 1616 574 ita
1635 546 1748 586 agant

243 583 269 616 C
287 584 342 623 45,
365 583 391 614 l.
432 583 486 614 uti
503 592 617 624 genus
634 582 828 615 humanum
842 600 888 605 —-
904 584 1129 626 conpositum
1145 588 1220 624 cst,
1246 585 1299 617 ita
1316 586 1436 618 studia
1451 604 1495 609 —
1511 590 1709 629 sequuntur
1723 588 1747 620 J

241 630 280 668 2,
302 629 331 660 l.
370 628 442 668 ita,
469 629 523 659 uti
541 631 760 659 censuerant
776 628 916 669 Italici,
941 629 1159 661 deditionem
1186 630 1278 661 facit
1300 630 1324 662 J
1349 629 1410 671 26,
1430 631 1462 663 2.
1503 632 1577 673 ita,
1603 632 1657 664 uti
1680 643 1749 675 par

241 675 373 714 fuerat,
393 673 558 705 decernit
572 673 596 705 J
611 671 665 711 39,
683 672 714 706 3.
747 673 802 704 uti
821 673 968 715 quisque
986 674 1290 716 opulentissumus
1308 676 1485 717 videatur,
1504 677 1558 708 ita
1574 677 1747 710 Romanis

240 719 381 751 hostem
399 718 477 750 fore
495 718 519 749 J
535 717 597 758 81,
618 717 646 749 1.
688 718 741 749 1111
765 718 935 760 cuiusque
961 720 1147 761 ingenium
1173 723 1270 758 erat,
1296 721 1349 753 ita
1373 732 1448 753 rem
1473 721 1660 754 difficilem
1684 726 1748 754 aut

242 764 390 796 facilem
414 763 628 796 nuntiavere
651 763 673 795 J
698 762 759 804 93,
779 763 810 795 7.
851 764 904 795 ita
924 781 960 785 —
981 765 1084 805 quasi
1101 765 1124 796 J
1141 764 1202 806 85,
1224 764 1275 797 19.
1316 767 1370 798 ita
1394 767 1507 799 vitam
1530 767 1746 807 instituisse,

241 814 280 841 ut
299 826 335 831 —
355 809 509 840 haberet
526 807 552 839 C
571 807 625 848 31,
644 808 675 839 7.
700 808 724 840 J
740 809 795 849 22,
815 808 845 840 2.
870 808 926 847 85,
942 809 961 840 7
980 810 1047 850 (ita
1066 826 1102 831 -—
1122 809 1200 851 fui).
1242 811 1297 842 ita
1313 811 1455 853 divites,
1475 812 1529 843 uti
1546 830 1588 835 —
1607 812 1633 845 O
1647 811 1702 854 37,
1713 812 1746 845 6.

242 855 360 887 avidis
384 854 437 885 ita
460 854 628 894 ducibus,
654 858 694 884 ut
717 871 757 875 —
776 854 810 884 H
827 853 863 885 II
883 852 933 885 19.
976 854 1158 896 inpeditos
1181 855 1292 887 ramis
1316 859 1424 898 atque
1446 857 1498 888 ita
1527 857 1701 895 disiectos
1722 857 1747 890 J

242 899 296 941 53,
315 899 336 932 3
358 902 442 932 conl.
461 898 522 939 97,
542 899 573 930 5.
615 899 683 930 His
701 899 806 930 rebus
825 899 877 930 ita
896 899 988 931 actis
1008 900 1034 930 O
1052 900 1114 940 45,
1136 899 1165 931 1.
1207 900 1260 932 ita
1278 901 1476 943 conpositis
1492 902 1599 934 rebus
1614 902 1638 935 J
1653 901 1707 943 56,
1726 901 1747 935 3

240 948 325 978 conl.
347 944 420 983 111,
438 945 470 976 4.
512 944 564 975 ita
580 943 655 975 illis
673 943 788 975 studio
807 954 949 975 suorum
968 944 1153 977 adstrictis
1168 945 1191 977 J
1207 944 1268 986 60,
1287 944 1319 978 6.
1359 946 1396 978 id
1412 946 1524 978 —ita
1545 947 1709 980 evenerit
1723 948 1747 980 J

241 990 302 1032 67,
322 989 354 1023 3.
394 990 448 1022 ita
471 992 666 1031 prospectu
691 989 852 1031 inpedito
873 989 896 1020 J
920 987 979 1029 79,
998 988 1030 1021 6.
1071 990 1124 1021 ita
1147 999 1257 1032 seque
1281 990 1426 1033 illisque
1449 991 1597 1034 dignum
1621 1002 1701 1025 esse
1723 992 1748 1025 J

241 1035 302 1077 21,
320 1036 352 1067 4.
395 1035 448 1067 ita
462 1034 659 1076 Iugurthae
677 1033 869 1076 placuerat
883 1034 907 1065 J
922 1032 964 1065 87
976 1059 984 1075 ,
1003 1035 1024 1065 4
1047 1037 1132 1066 conl.
1150 1035 1174 1067 J
1194 1034 1271 1076 110,
1292 1036 1323 1067 7.
1365 1037 1417 1068 ita
1433 1037 1610 1079 Iugurtha
1633 1040 1744 1078 ratus,

243 1085 306 1113 aut
323 1099 364 1104 —
383 1083 446 1112 aut
462 1098 504 1102 —
526 1079 549 1111 J
565 1079 627 1119 81,
645 1078 666 1111 3
688 1081 774 1111 conl.
792 1078 852 1119 88,
873 1079 904 1110 4.
945 1080 1004 1111 Ita
1029 1079 1085 1111 illi
1109 1080 1221 1112 ianua
1246 1081 1418 1123 prohibiti
1442 1081 1587 1114 facinus
1611 1082 1748 1115 frustra

241 1128 480 1168 susceperant
497 1124 524 1156 C
542 1123 596 1165 28,
616 1123 647 1156 3.
675 1124 734 1164 38,
758 1124 784 1156 1.
816 1123 875 1164 51,
895 1123 951 1156 31.
969 1123 1022 1156 34.
1054 1125 1117 1166 54,
1137 1125 1169 1157 5.
1196 1126 1255 1166 55,
1275 1125 1306 1157 6.
1332 1125 1386 1167 61,
1405 1125 1438 1159 9.
1471 1127 1564 1168 J-22,
1583 1127 1615 1160 5.
1639 1127 1695 1168 25,
1714 1126 1746 1160 3.

241 1171 295 1212 28,
315 1171 346 1204 3.
372 1170 426 1212 34,
445 1171 477 1203 2.
502 1168 556 1210 36,
576 1171 608 1201 2.
634 1169 690 1210 41,
709 1170 741 1200 4.
759 1169 791 1201 5.
810 1168 843 1200 9.
867 1169 922 1210 44,
941 1169 972 1202 2.
997 1170 1051 1209 45,
1070 1169 1101 1202 3.
1128 1170 1183 1211 50,
1203 1169 1233 1203 6.
1259 1170 1313 1208 55,
1332 1172 1364 1203 4.
1390 1170 1443 1210 59,
1463 1171 1495 1204 3.
1521 1171 1575 1213 62,
1590 1172 1623 1204 5.
1649 1171 1703 1213 63,
1713 1172 1746 1205 3.

241 1216 296 1258 64,
315 1216 347 1248 5.
373 1215 426 1255 65,
446 1215 478 1247 5.
504 1214 557 1255 67,
577 1215 609 1246 2.
635 1213 689 1256 69,
709 1214 740 1246 3.
768 1213 821 1255 73,
840 1213 873 1248 6.
899 1214 952 1254 74,
976 1214 1003 1246 1.
1030 1214 1084 1256 78,
1104 1214 1134 1248 3.
1161 1214 1215 1255 79,
1232 1215 1265 1248 9.
1290 1215 1345 1258 80,
1364 1216 1395 1248 7.
1421 1216 1476 1257 85,
1500 1216 1550 1249 11.
1566 1216 1621 1250 43.
1645 1216 1700 1258 97,
1712 1217 1744 1250 3.

241 1262 296 1303 98,
315 1262 346 1293 5.
376 1260 450 1301 101,
468 1260 499 1293 3.
524 1261 560 1292 H
575 1260 592 1292 1
608 1259 664 1301 48,
686 1259 736 1291 18.
762 1260 797 1291 II
813 1258 867 1291 89.
893 1260 946 1292 111
963 1259 1091 1301 61,.28.
1116 1261 1166 1293 IV
1182 1261 1236 1292 45.
1262 1261 1317 1303 61,
1340 1261 1391 1293 14.
1418 1261 1444 1294 C
1466 1262 1536 1302 l,7.
1563 1262 1594 1303 2,
1613 1261 1646 1295 6.
1672 1261 1747 1303 8,4.

241 1308 296 1348 51,
318 1306 370 1339 13.
395 1307 419 1339 J
436 1305 489 1346 31,
512 1305 563 1338 14.
603 1305 656 1337 ita
673 1309 797 1347 sperat
814 1304 915 1336 illam
931 1315 1090 1348 pugnam
1106 1317 1170 1348 pro
1187 1306 1304 1338 omine
1329 1306 1418 1338 belli
1434 1307 1594 1339 futuram
1610 1307 1645 1339 H
1661 1307 1675 1339 i
1690 1306 1745 1340 61.

241 1352 364 1385 sedari
380 1362 451 1383 non
468 1354 627 1394 poterat:
652 1351 706 1382 ita
725 1350 985 1382 conscientiam
1002 1354 1160 1382 mentem
1176 1352 1348 1384 vastabat
1365 1351 1392 1383 C
1413 1351 1471 1392 15,
1490 1353 1512 1384 4
1535 1354 1620 1385 conl.
1639 1351 1694 1394 61,
1713 1351 1745 1385 6.

239 1399 264 1430 J
280 1398 341 1438 54,
359 1398 391 1428 4.
418 1397 476 1438 72,
496 1397 528 1428 2.
554 1394 616 1435 99,
634 1395 666 1428 3.
699 1396 734 1426 Η
749 1396 784 1427 11
800 1394 854 1436 41,
874 1395 905 1427 7.
947 1396 1077 1427 Verum
1094 1406 1166 1428 non
1184 1401 1239 1428 est
1255 1397 1308 1428 ita
1324 1397 1347 1429 J
1363 1395 1417 1438 85,
1436 1397 1491 1429 42.
1532 1408 1605 1430 11011
1621 1398 1674 1430 ita
1692 1401 1748 1429 est

243 1443 270 1476 C
287 1442 348 1482 51,
370 1441 421 1473 11.
463 1442 493 1473 si
517 1442 571 1473 ita
594 1451 652 1473 res
679 1444 776 1472 esset
801 1439 828 1472 C
853 1440 913 1481 52,
931 1439 985 1472 20.
1028 1451 1072 1472 ea
1097 1451 1187 1483 quae
1207 1444 1423 1484 acceperat,
1447 1442 1501 1474 ita
1526 1452 1604 1475 esse
1622 1442 1647 1475 J
1662 1441 1694 1483 9,
1713 1441 1745 1476 3.

242 1488 411 1531 quoniam
428 1487 480 1519 ita
497 1496 536 1518 se
554 1496 670 1518 mores
686 1486 823 1517 habent
841 1484 867 1516 C
885 1485 940 1525 52,
962 1485 1001 1516 12
1024 1489 1110 1518 conl.
1127 1486 1151 1518 J
1166 1486 1229 1526 54,
1247 1487 1280 1518 4.
1320 1497 1377 1518 res
1394 1487 1575 1520 humanae
1593 1488 1648 1520 ita
1665 1497 1746 1520 sese

242 1534 394 1566 habent:
413 1532 451 1563 in
466 1532 622 1565 victoria
639 1549 680 1553 ——
698 1531 722 1563 J
738 1530 792 1572 53,
811 1529 832 1562 8
855 1533 939 1563 conl.
958 1529 1018 1570 85,
1037 1530 1092 1563 23.
1134 1532 1194 1574 qui
1217 1532 1270 1563 ita
1295 1532 1558 1564 existumarent
1579 1533 1747 1565 iuventu-

242 1583 315 1611 tem
329 1596 371 1601 ——
387 1577 560 1609 habuisse
579 1576 606 1608 C
627 1576 677 1616 14,
688 1576 719 1608 7.
753 1576 833 1608 dico
853 1575 879 1607 C
900 1575 951 1617 19,
970 1576 1002 1608 4.
1027 1577 1051 1608 J
1067 1577 1141 1617 4,5.
1177 1587 1308 1609 censeo
1326 1577 1353 1608 C
1371 1577 1425 1618 51,
1444 1576 1498 1610 43.
1525 1578 1579 1618 52,
1597 1576 1652 1610 36.
1678 1577 1713 1609 Η
1729 1578 1747 1610 Ι

241 1623 298 1664 48,
315 1623 371 1655 22.
411 1622 541 1664 accepi
557 1623 581 1654 J
597 1620 652 1662 85,
670 1620 725 1652 41.
767 1632 832 1653 nos
849 1622 902 1652 ita
919 1621 1096 1653 instituit:
1114 1632 1159 1653 ne
1179 1632 1283 1663 quem
1303 1639 1339 1643 —
1361 1622 1559 1654 coleremus
1576 1622 1600 1654 J
1619 1622 1670 1663 14,
1692 1621 1746 1654 18.

285 1670 390 1703 Italia
407 1668 433 1700 O
454 1666 507 1707 16,
526 1667 558 1699 5.
585 1667 639 1706 52,
653 1666 705 1698 15.
729 1666 753 1698 J
769 1666 801 1698 5.
817 1666 870 1697 27.
897 1665 951 1697 28.
971 1665 1023 1698 35.
1051 1666 1085 1698 Η
1102 1667 1120 1698 Ι
1136 1666 1191 1698 54.
1218 1667 1267 1699 IV
1288 1666 1427 1700 17-20,
1451 1668 1486 1699 11
1501 1666 1556 1709 96,
1567 1667 1599 1699 2.
1625 1667 1680 1708 41,
1693 1667 1744 1700 14.

239 1714 412 1747 Italicum
429 1723 518 1756 gens
535 1713 570 1744 H
586 1713 602 1743 I
622 1711 673 1743 14.
715 1711 806 1743 socii
823 1711 846 1742 J
862 1710 917 1751 40,
937 1711 968 1743 2.
1010 1711 1132 1743 Italici
1148 1711 1171 1743 J
1188 1711 1242 1750 26,
1260 1711 1292 1744 2.

285 1760 398 1800 itaque
414 1758 563 1790 multum
580 1757 654 1789 diei
670 1760 901 1799 processerat
915 1756 938 1788 J
955 1756 1009 1797 51,
1028 1757 1048 1788 2
1065 1759 1150 1789 conl.
1168 1756 1222 1798 65,
1242 1757 1275 1789 4.
1307 1758 1431 1800 itaque
1447 1757 1637 1790 verborum
1654 1758 1747 1790 satis

241 1804 377 1837 dictum
395 1807 450 1836 est
466 1804 501 1835 H
517 1803 572 1835 ΙΙΙ
589 1801 649 1842 61,
668 1802 722 1834 25.
763 1802 888 1843 itaque
912 1802 1028 1834 onmis
1052 1802 1172 1844 gratia
1195 1820 1235 1824 —
1261 1802 1358 1845 apud
1381 1802 1462 1835 illos
1486 1806 1569 1835 sunt
1587 1802 1614 1835 O
1631 1801 1692 1843 20,
1710 1802 1744 1835 8.

241 1851 276 1882 H
293 1851 311 1882 Ι
325 1850 380 1890 41,
398 1849 430 1882 9.
449 1849 505 1881 22.
530 1849 565 1880 II
580 1846 636 1887 96,
654 1846 685 1880 6.
727 1846 823 1879 falsa
842 1847 1063 1879 existumans
1083 1864 1120 1869 -
1139 1847 1262 1889 itaque
1282 1848 1424 1879 censuit
1441 1847 1475 1886 Q
1508 1848 1540 1887 2,
1562 1847 1614 1880 14.
1654 1848 1744 1890 itaq.

241 1899 389 1928 senatus
406 1894 571 1926 decernit
589 1893 615 1924 C
634 1891 695 1933 29,
715 1892 735 1923 2
753 1891 859 1933 (conl.
878 1892 901 1924 J
917 1892 980 1931 55,
998 1891 1052 1934 2).
1084 1891 1145 1934 40,
1164 1893 1195 1924 2.
1222 1892 1283 1933 41,
1302 1893 1334 1924 4.
1360 1893 1420 1932 47,
1439 1893 1471 1924 4.
1519 1891 1558 1933 8,
1576 1891 1607 1926 6.
1632 1892 1692 1934 57,
1711 1891 1743 1925 6.

240 1942 263 1973 J
283 1941 334 1981 11,
354 1939 385 1973 8.
415 1939 466 1980 12,
485 1940 517 1971 2.
546 1938 597 1979 13,
617 1937 648 1970 6.
674 1937 728 1978 20,
748 1937 779 1970 7.
804 1937 858 1979 24,
878 1936 908 1969 3.
935 1936 990 1978 31,
1007 1936 1039 1969 9.
1066 1937 1120 1978 43,
1139 1938 1172 1969 5.
1197 1937 1251 1979 46,
1269 1938 1302 1972 4.
1321 1938 1352 1970 7.
1378 1938 1432 1979 54,
1451 1937 1483 1970 6.
1507 1937 1562 1979 64,
1580 1938 1611 1970 2.
1638 1937 1692 1979 77,
1711 1937 1743 1971 3.

241 1985 297 2026 88,
315 1985 346 2019 3.
372 1984 428 2026 93,
446 1983 477 2017 6.
495 1983 527 2016 8.
556 1982 629 2025 102,
649 1983 680 2015 4.
707 1984 742 2015 H
757 1982 775 2014 I
791 1981 845 2014 65.
871 1981 923 2014 78.
948 1983 1003 2014 III
1019 1981 1073 2023 61,
1093 1981 1124 2015 6.
1143 1983 1174 2014 7.
1198 1982 1247 2014 12.
1267 1982 1322 2015 21.

284 2033 365 2063 11ο111
381 2030 459 2073 (vid.
480 2030 590 2063 Conm.
605 2040 642 2070 p.
664 2027 751 2070 111).
784 2029 904 2060 Fuere
918 2028 1011 2060 'item
1029 2038 1073 2059 ea
1090 2031 1307 2070 tempestate
1332 2028 1393 2070 qui
1409 2028 1573 2060 dicerent
1591 2027 1618 2060 C
1639 2027 1692 2068 17,
1711 2027 1743 2060 7.

240 2076 300 2117 61,
319 2075 352 2108 8.
394 2079 451 2108 set
473 2080 582 2108 antea
605 2075 692 2106 item
716 2074 952 2105 coniuravere
975 2073 1085 2115 pauci
1110 2073 1136 2104 O
1164 2071 1221 2113 18,
1243 2073 1271 2105 l.
1312 2083 1400 2115 quos
1422 2073 1509 2105 item
1532 2073 1586 2105 uti
1607 2074 1745 2116 priores

239 2123 263 2154 J
279 2122 341 2162 47,
361 2122 393 2153 4.
435 2121 526 2153 Item
548 2120 655 2152 bellis
672 2119 820 2150 Punicis
845 2118 872 2150 C
896 2118 937 2151 51
951 2143 959 2159 ,
977 2117 1009 2151 6.
1050 2121 1088 2150 at
1106 2118 1202 2150 aliae
1220 2118 1321 2161 leges
1338 2119 1425 2151 item
1441 2136 1484 2141 -—
1500 2118 1626 2150 iubent
1643 2117 1670 2151 C
1687 2117 1743 2159 51,

240 2168 295 2199 22.
338 2166 395 2198 eui
411 2166 498 2198 item
517 2165 697 2197 exercitus
714 2165 751 2195 in
770 2174 877 2196 manu
894 2164 941 2195 sit
959 2163 985 2195 C
1003 2163 1057 2204 51,
1076 2162 1119 2195 36
1141 2166 1226 2196 conl.
1245 2163 1301 2205 31,
1319 2163 1350 2195 7.
1383 2164 1470 2195 item
1486 2163 1525 2195 in
1541 2164 1685 2206 agmine
1701 2181 1743 2186 —

242 2212 371 2243 adesse
389 2211 412 2243 J
429 2211 484 2251 45,
502 2212 534 2242 2.
575 2211 654 2252 ipse
673 2220 752 2242 cum
769 2208 842 2241 telo
861 2219 959 2250 esse,
986 2210 1074 2240 item
1091 2208 1182 2241 alios
1199 2209 1324 2241 iubere
1343 2208 1370 2240 C
1388 2209 1442 2250 27,
1459 2209 1491 2241 2.
1530 2209 1609 2251 ipse
1627 2218 1744 2241 arma-

240 2260 297 2288 tus
314 2257 509 2298 intentusq.
528 2256 615 2287 item
633 2255 768 2286 milites
785 2254 941 2296 cogebat
957 2254 981 2286 J
996 2252 1069 2295 100,
1081 2254 1113 2286 4.
1146 2264 1184 2285 se
1202 2254 1378 2286 Manlium
1393 2253 1638 2296 praemisisse,
1656 2253 1745 2286 item

242 2302 335 2334 alios
352 2302 390 2332 in
407 2300 481 2332 alia
498 2300 578 2332 loca
598 2316 635 2321 —
656 2299 682 2330 C
701 2300 762 2340 27,
781 2300 803 2330 4
826 2302 911 2332 conl.
930 2299 992 2339 42,
1011 2298 1042 2331 3.
1082 2299 1234 2342 primum
1257 2299 1411 2331 omnium
1435 2299 1493 2341 qui
1515 2316 1560 2321 —
1576 2298 1662 2331 item
1680 2298 1746 2331 alii

243 2347 269 2378 C
287 2347 348 2386 27,
366 2346 398 2378 5.
439 2346 477 2377 in
495 2345 635 2385 Gallia,
662 2345 750 2376 item
774 2345 812 2375 in
837 2354 925 2386 agro
948 2344 1084 2376 Piceno
1109 2344 1136 2376 C
1160 2345 1221 2384 42,
1243 2344 1271 2376 1.
1314 2344 1359 2376 ab
1381 2343 1554 2384 Lentulo,
1581 2343 1744 2387 Cethego

242 2391 398 2431 Statilio,
416 2391 503 2423 item
521 2390 646 2422 Cassio
665 2389 692 2421 C
710 2389 765 2429 44,
787 2389 802 2420 1
827 2391 912 2421 conl.
929 2389 991 2430 46,
1009 2389 1041 2421 3.
1067 2389 1121 2430 54,
1144 2388 1171 2421 1.
1204 2389 1227 2422 J
1247 2389 1297 2429 17,
1316 2389 1348 2421 2.
1375 2388 1429 2429 40,
1451 2388 1479 2420 1.
1504 2387 1559 2430 46,
1579 2389 1610 2421 7.
1635 2387 1690 2430 60,
1709 2389 1742 2421 2.

242 2437 296 2479 65,
315 2438 346 2470 2.
372 2436 426 2476 79,
443 2437 476 2468 4.
502 2434 556 2474 80,
574 2436 594 2466 2
612 2435 711 2475 (item
731 2432 830 2475 alia).
855 2433 909 2474 81,
931 2433 959 2465 l.
984 2433 1040 2474 91,
1062 2434 1090 2466 1.
1115 2433 1170 2474 94,
1189 2435 1210 2466 4
1227 2434 1435 2475 (subvorsis,
1452 2435 1541 2466 item
1558 2433 1742 2476 incensis).

241 2482 296 2524 99,
318 2482 346 2514 1.
378 2480 448 2521 103,
470 2482 488 2512 7
507 2480 617 2523 (apud
633 2479 803 2519 Marium,
821 2479 909 2510 item
927 2479 1022 2520 apud
1038 2478 1229 2521 senatum).
1260 2479 1338 2520 104,
1361 2478 1389 2512 1.
1429 2479 1578 2522 ignarus
1600 2490 1657 2522 po.
1675 2479 1743 2512 Ro·
1776 2499 1782 2505 -

241 2529 340 2560 mani
364 2528 523 2569 itemque
547 2525 650 2558 nobis
673 2535 790 2566 neque
810 2540 846 2546 —
866 2534 983 2565 neque
1002 2542 1044 2545 —
1062 2525 1228 2566 cognitus
1245 2525 1269 2557 J
1288 2523 1346 2564 19,
1365 2524 1397 2556 7.
1438 2525 1596 2567 itemque
1620 2524 1743 2556 decre-

239 2584 325 2607 vere
344 2573 370 2605 C
389 2571 444 2614 30,
463 2567 495 2603 7.
536 2569 712 2604 Lentulus
730 2570 853 2611 itemq.
872 2569 987 2600 ceteri
1005 2568 1031 2599 C
1049 2569 1104 2610 47,
1123 2569 1144 2601 3
1160 2573 1245 2602 conl.
1264 2568 1319 2609 53,
1339 2569 1368 2601 1.
1395 2569 1419 2602 J
1434 2568 1467 2609 9,
1485 2570 1518 2601 4.

283 2619 351 2650 iter
374 2618 470 2650 ferro
494 2615 731 2659 aperiundum
755 2618 811 2647 est
835 2613 861 2646 O
885 2613 946 2655 58,
974 2614 1005 2645 7.
1054 2614 1334 2646 castellanorum
1357 2617 1549 2656 angustum
1573 2613 1598 2645 J
1620 2611 1681 2654 92,
1710 2612 1742 2646 7.

239 2664 382 2697 itineris
398 2662 623 2706 periculique
641 2661 711 2693 dux
726 2661 750 2693 J
767 2659 821 2700 93,
840 2658 872 2692 6.
915 2659 1066 2691 -ineris
1083 2659 1281 2691 insolentia
1295 2659 1320 2691 J
1335 2657 1389 2699 94,
1409 2659 1440 2690 2.
1477 2675 1514 2698 :—
1533 2669 1590 2690 ma
1617 2658 1741 2691 nitudo

241 2710 263 2742 J
281 2708 334 2750 68,
354 2708 386 2742 3.
427 2708 553 2740 itineri
570 2706 726 2739 hostium
742 2705 899 2738 obiicere
916 2704 939 2737 J
955 2704 1010 2742 52,
1028 2703 1059 2736 6.
1101 2706 1170 2736 iter
1188 2705 1266 2736 eius
1284 2704 1456 2746 cognovit
1473 2703 1500 2735 O
1517 2703 1572 2744 57,
1615 2727 1622 2735 .
1645 2714 1740 2745 pass.

241 2755 264 2787 J
286 2754 365 2795 107,
384 2753 416 2786 3.
457 2771 500 2776 —-
524 2753 570 2785 ad
588 2752 724 2784 Cirtam
742 2750 964 2783 constituunt
979 2750 1002 2782 J
1017 2748 1079 2790 81,
1097 2749 1129 2782 2.
1170 2767 1210 2772 —
1235 2749 1392 2781 hostium
1414 2748 1580 2791 explorat
1601 2749 1625 2781 J
1641 2747 1702 2789 48,
1721 2749 1742 2780 2

241 2800 365 2843 (pass.)
383 2801 467 2832 conl.
485 2799 508 2831 J
524 2797 585 2839 88,
603 2798 635 2830 2.
665 2795 743 2837 100,
762 2795 793 2829 3.
820 2795 881 2836 35,
899 2795 920 2828 5
937 2795 1085 2836 (itinera
1103 2804 1341 2837 egressusque
1360 2792 1463 2835 eius).
1505 2811 1545 2817 —-
1571 2794 1696 2826 facere
1714 2793 1741 2826 C

244 2846 302 2887 19,
329 2845 350 2878 3
381 2843 575 2886 (faciens).
617 2841 677 2882 56,
701 2842 734 2874 4.
764 2851 857 2883 pass.
883 2841 907 2873 J
929 2840 991 2880 91,
1017 2838 1049 2872 3.
1097 2857 1140 2862 —-
1167 2840 1300 2872 morari
1325 2839 1348 2871 J
1371 2837 1432 2878 79,
1457 2837 1488 2871 6.
1543 2838 1676 2871 itinera
1703 2839 1742 2870 in

231 2891 319 2931 ¹dies
337 2894 474 2922 mutare
490 2890 513 2921 J
530 2889 588 2931 74,
611 2888 639 2920 1.
681 2888 752 2919 iter
775 2886 874 2919 aliud
896 2886 960 2918 alii
982 2888 1112 2918 natura
1135 2885 1292 2918 ostendit
1309 2883 1336 2916 C
1353 2884 1386 2925 2,
1407 2883 1459 2916 10.
1498 2900 1545 2907 —
1559 2894 1625 2927 per
1640 2883 1742 2926 Alpis

240 2935 403 2979 patefeci
420 2936 454 2972 H
472 2935 508 2967 ΙΙ
524 2933 586 2976 96,
605 2933 637 2966 4.
680 2950 720 2956 —
738 2936 968 2965 maturavere
991 2941 1142 2974 pergere
1160 2930 1183 2962 J
1201 2929 1260 2970 79,
1278 2930 1299 2962 5
1324 2928 1388 2972 (set
1405 2939 1557 2972 conpara
1571 2929 1595 2961 J
1611 2929 1672 2972 47,
1695 2928 1739 2972 1).
