1852 3294
200 208 284 250 308
893 217 1026 243 monx

201 319 404 362 periculose
428 335 470 339 —-
496 316 566 348 emi
594 316 619 347 J
641 314 680 355 8,
707 315 738 346 2.
796 325 876 347 eum
906 317 1091 357 occupata
1122 314 1361 357 periculosius
1394 314 1625 345 dimissurum
1647 313 1683 344 H
1706 312 1723 344 Ι

245 408 430 448 periculum
454 415 659 437 maxumum
683 405 720 436 in
743 404 883 447 proelio
909 406 963 437 eis
988 408 1043 437 est
1067 405 1093 436 C
1119 404 1179 444 58,
1202 405 1241 436 17
1268 404 1355 445 (cfr.
1382 403 1617 436 innocentiae
1641 401 1723 445 plus

203 452 355 495 periculi
380 461 485 492 quam
511 450 656 482 honoris
682 452 738 481 est
760 450 783 482 J
806 449 861 490 31,
885 450 911 482 l.
954 450 1068 482 multa
1085 450 1174 481 mihi
1192 449 1358 491 pericula
1375 449 1478 480 fuere
1497 449 1532 479 H
1548 448 1585 479 11
1601 447 1656 486 4l,
1679 447 1722 487 1).

204 509 237 539 p.
258 505 393 537 anceps
409 495 432 526 J
450 494 503 535 38,
523 495 554 526 5.
599 495 696 527 absit
717 505 752 537 p.
781 498 816 526 et
833 495 938 527 labos
956 496 990 526 H
1007 496 1060 526 III
1077 494 1130 535 61,
1155 494 1195 526 18
1213 494 1345 535 (neque
1363 493 1518 536 periculi
1535 502 1652 534 neque
1670 491 1724 523 la-

206 543 302 573 boris
320 541 466 582 patiens
483 540 506 571 J
522 539 584 579 44,
607 539 636 571 1.
671 539 817 571 labores
841 540 1006 582 pericula
1031 540 1281 572 toleraverant
1301 538 1328 570 C
1350 537 1407 578 10,
1427 539 1458 570 2.
1500 541 1554 569 tot
1578 537 1725 568 labores

206 590 243 618 et
265 585 431 627 pericula
455 585 698 626 suscepissem
721 585 756 616 H
782 585 818 616 II
840 584 894 626 96,
918 585 947 616 1.
989 585 1103 616 omnis
1128 585 1274 621 labores
1299 587 1336 615 et
1359 583 1525 625 pericula
1550 583 1726 614 consueta

205 631 323 662 habeo
339 631 363 662 J
380 629 435 670 85,
447 630 478 661 7.
514 640 606 671 quae
625 629 800 671 plurumis
817 629 1003 662 laboribus
1021 633 1057 661 et
1077 629 1250 671 perieulis
1268 629 1434 670 quaesivi
1451 628 1474 659 J
1491 627 1545 667 85,
1558 625 1627 666 30).
1661 625 1726 657 ubi

206 687 239 718 p.
266 675 416 708 advenit
440 674 466 706 C
486 675 540 715 21,
558 673 590 706 6.
633 674 696 706 ubi
722 685 862 716 quemq.
887 686 922 717 p.
947 678 1097 717 ceperat
1114 675 1136 706 J
1154 674 1208 714 51,
1230 673 1258 705 1.
1306 673 1449 713 periculi
1473 670 1726 714 magnitudine

206 720 342 762 inpulsi
361 720 387 751 C
405 719 460 760 49,
480 720 511 751 4.
553 719 706 751 sceleris
725 723 797 760 atq.
817 719 972 761 periculi
988 720 1154 751 novitate
1173 718 1200 751 O
1218 719 1250 759 4,
1269 719 1302 750 4.
1336 728 1402 760 per
1419 718 1636 749 societatem
1657 714 1727 746 —li

208 765 234 797 C
252 764 313 805 48,
333 765 364 796 7.
406 764 549 796 itineris
573 764 764 806 periculiq.
790 764 918 796 ducem
937 765 959 796 J
976 763 1039 802 93,
1059 763 1090 795 6.
1134 763 1353 795 admonebat
1371 762 1555 804 conpluris
1574 759 1728 804 periculi

208 813 271 842 aut
288 810 512 852 ignominiae
532 810 558 841 O
577 809 632 847 21,
651 809 682 840 4.
718 812 890 850 quantum
908 808 1062 851 periculi
1080 808 1220 840 consuli
1244 808 1443 849 inpendeat
1461 807 1488 839 C
1506 805 1561 846 28,
1580 807 1613 838 2.
1647 804 1728 847 plus

208 856 348 887 timoris
366 865 474 896 quam
492 854 646 896 periculi
668 853 704 895 [J
723 854 777 893 31,
801 854 830 892 l]
852 854 1054 886 effecerant
1074 853 1100 884 O
1119 853 1173 890 42,
1192 853 1244 884 2.»
1267 863 1369 884 arma
1393 862 1464 883 non
1489 852 1632 893 cepisse
1658 859 1728 892 quo

207 900 392 940 perieulum
418 900 501 931 aliis
527 900 735 930 faceremus
754 898 781 929 C
800 898 861 937 33,
884 898 912 930 1.
955 898 1030 930 tale
1056 909 1090 940 p.
1115 899 1168 929 rei
1192 909 1226 940 p.
1244 897 1534 929 hautoccultum
1552 895 1682 927 habuit
1700 894 1727 925 C

208 946 263 985 23,
282 945 314 976 4.
356 944 557 986 periculum
581 954 624 976 ex
647 943 720 974 illis
745 944 872 975 metuit
896 943 923 975 C
950 943 1010 983 52,
1035 943 1085 974 16.
1127 954 1172 974 ex
1195 942 1328 974 delicto
1347 942 1473 973 fratris
1491 940 1666 973 invidiam
1685 948 1729 970 ac

210 990 341 1022 deinde
359 989 559 1031 perieulum
577 989 708 1019 timens
726 989 748 1019 J
766 988 820 1028 32),
840 989 872 1021 2.
907 987 972 1029 (ex
997 988 1155 1030 partium
1178 987 1317 1019 invidia
1342 986 1507 1028 pericula
1523 987 1730 1017 metuentes

208 1036 231 1067 J
248 1034 303 1075 40,
323 1035 369 1075 2).
402 1035 552 1074 periculo
571 1037 642 1074 atq.
663 1033 823 1075 negotiis
843 1036 1054 1075 conpertum
1073 1036 1128 1065 est
1146 1032 1172 1064 C
1192 1033 1224 1071 2,
1242 1032 1274 1063 2.
1310 1042 1378 1073 quo
1396 1031 1451 1062 illi
1468 1030 1618 1062 facilius
1635 1028 1730 1072 peri-

211 1080 292 1112 culo
311 1080 537 1121 eriperentur
556 1079 582 1110 C
601 1079 655 1117 48,
675 1078 706 1110 4.
731 1081 821 1119 plur.
842 1078 868 1110 C
887 1078 941 1118 46,
962 1078 995 1110 2.
1037 1081 1239 1119 exaequato
1262 1076 1426 1119 periculo
1452 1075 1479 1107 C
1498 1074 1559 1116 59,
1583 1074 1611 1107 1.
1651 1073 1732 1116 pari

211 1125 376 1167 periculo
394 1127 498 1155 erant
513 1124 536 1156 J
554 1123 607 1162 57,
627 1122 659 1154 6.
703 1123 861 1154 alienam
886 1134 959 1155 rem
985 1122 1146 1165 periculo
1171 1133 1234 1154 suo
1260 1132 1388 1154 curare
1406 1121 1429 1152 J
1445 1120 1508 1161 83,
1531 1120 1559 1152 l.
1599 1119 1731 1152 vineae

213 1181 293 1202 cum
310 1169 450 1211 ingenti
467 1168 630 1210 periculo
649 1168 854 1210 agebantur
869 1169 893 1200 J
909 1167 1006 1205 92‚8.
1042 1168 1143 1199 facto
1161 1178 1232 1199 non
1251 1166 1414 1198 consulto
1431 1166 1468 1197 in
1485 1165 1553 1197 tali
1569 1162 1732 1206 periculo

213 1225 302 1257 opus
327 1224 406 1246 esse
426 1213 452 1245 C
469 1213 532 1253 43,
551 1213 582 1246 3.
623 1214 660 1256 in
685 1223 822 1245 summo
847 1213 1010 1255 periculo
1035 1223 1137 1245 suam
1155 1212 1311 1244 salutem
1329 1212 1406 1243 fore
1422 1211 1446 1243 J
1463 1210 1517 1251 77,
1540 1210 1571 1241 1.
1611 1208 1733 1251 (grata

214 1260 301 1291 mihi
317 1259 355 1290 in
373 1259 514 1301 magnis
533 1258 621 1290 meis
645 1258 820 1300 periculis
838 1259 865 1290 U
883 1257 945 1298 35,
969 1257 996 1290 l.
1038 1258 1097 1289 (lei
1122 1257 1216 1289 hanc
1241 1267 1315 1288 rem
1338 1267 1373 1298 p.
1399 1256 1436 1287 in
1462 1252 1640 1286 maxumis
1656 1253 1733 1283 ——is

214 1315 407 1337 servavere
427 1304 453 1335 (J
472 1303 532 1343 52,
553 1303 607 1336 28.
648 1304 686 1334 in
710 1303 870 1335 vitandis
897 1303 971 1334 —is
995 1303 1197 1335 teneamini
1223 1302 1257 1332 H
1273 1302 1290 1333 I
1306 1301 1363 1341 41,
1385 1301 1413 1332 l.
1456 1311 1532 1332 rem
1549 1311 1584 1342 p.
1603 1299 1641 1330 in
1660 1297 1733 1328 -is

155 1354 158 1357 '
214 1349 362 1381 defendi
386 1349 420 1380 H
443 1348 460 1380 I
483 1348 546 1388 48,
568 1348 611 1389 1).
651 1358 715 1389 pro
740 1351 901 1389 tempore
928 1351 1000 1389 atq.
1026 1347 1197 1395 periculo>
1216 1347 1415 1378 exereitum
1442 1346 1687 1387 conpararent
1705 1341 1733 1374 C

214 1394 269 1434 30,
288 1395 320 1426 5.
363 1404 480 1435 neque
498 1394 644 1425 vincere
663 1403 779 1433 neque
798 1393 898 1425 vinci
915 1393 993 1424 sine
1013 1397 1074 1424 tuo
1092 1391 1256 1434 periculo
1280 1400 1470 1433 possumus
1487 1391 1522 1421 H
1539 1389 1587 1421 IV
1605 1387 1659 1427 61,
1681 1385 1733 1419 16.

215 1449 332 1480 neque
358 1439 435 1469 sine
461 1448 524 1469 —o
552 1437 808 1468 administrare
832 1438 855 1468 J
878 1436 940 1477 92,
960 1437 993 1468 9.
1042 1447 1099 1468 res
1124 1440 1284 1478 tempus,
1309 1436 1461 1475 pericula
1484 1437 1631 1476 egestas
1654 1433 1734 1464 hor-

215 1487 340 1515 tantur
357 1483 383 1514 C
402 1483 457 1522 20,
472 1482 511 1514 15
530 1482 628 1523 (conl.
646 1482 690 1513 ib.
708 1482 754 1522 8).
797 1493 901 1523 quem
919 1492 1036 1523 neque
1056 1481 1174 1524 gloria
1190 1491 1309 1522 neque
1326 1485 1395 1512 -‘—a
1413 1480 1576 1511 excitant
1593 1478 1621 1510 C
1637 1476 1693 1517 58,
1703 1477 1734 1508 2.

216 1528 382 1571 pericula
400 1538 482 1559 mea
499 1527 691 1559 declarant
707 1527 730 1558 J
747 1527 807 1567 24,
828 1527 846 1558 7
873 1528 981 1566 (contr
991 1526 1045 1566 85,
1070 1525 1136 1566 18).
1175 1526 1337 1565 periculis
1365 1525 1554 1558 vobiscum
1580 1523 1689 1555 adero
1712 1521 1736 1553 J

215 1574 270 1611 85,
288 1573 343 1605 47.
378 1583 456 1604 eum
475 1572 648 1614 periculis
666 1572 854 1603 obiectare
871 1572 894 1603 J
913 1572 943 1612 7,
966 1570 995 1604 l.
1029 1572 1176 1604 obviam
1195 1571 1311 1602 eundo
1330 1569 1506 1612 periculis
1523 1569 1547 1600 J
1563 1568 1596 1609 7,
1614 1568 1647 1599 4.
1681 1567 1735 1598 in-

216 1619 367 1656 videant
390 1617 563 1659 periculis
589 1617 697 1656 meis,
722 1617 892 1658 quoniam
917 1627 980 1658 per
1005 1616 1098 1647 haec
1124 1615 1224 1647 illum
1243 1614 1444 1656 (honorem)
1465 1614 1547 1656 cepi
1564 1613 1586 1645 J
1603 1611 1660 1652 85,
1681 1610 1734 1643 18.

218 1674 298 1695 cum
316 1673 374 1695 res
392 1666 501 1704 atque
524 1662 676 1701 pericula
701 1666 826 1693 nostra
845 1661 1035 1693 considero
1054 1660 1080 1692 C
1099 1661 1196 1698 52,2.
1232 1670 1295 1691 suo
1314 1662 1414 1691 metu
1430 1658 1596 1701 pericula
1614 1656 1737 1689 metiri

219 1708 245 1740 C
265 1708 318 1748 31,
339 1708 370 1739 2.
413 1707 579 1749 pericula
596 1707 730 1738 virtute
744 1706 983 1748 ¹propulerant
1000 1706 1026 1737 C
1045 1705 1077 1745 6,
1092 1706 1124 1737 5.
1159 1704 1267 1736 fidem
1285 1705 1450 1736 fortunas
1466 1702 1631 1746 pericula
1647 1701 1738 1734 vilia

218 1753 354 1784 habere
374 1751 400 1783 C
423 1751 480 1792 16,
499 1752 531 1782 2.
572 1750 809 1783 firmissumus
836 1754 962 1783 contra
981 1750 1148 1793 pericula
1167 1753 1239 1791 atq.
1259 1750 1412 1781 insidias
1428 1749 1451 1780 J
1468 1748 1530 1788 28,
1548 1748 1580 1780 5.
1622 1747 1738 1778 bonus

219 1802 346 1830 contra
363 1796 526 1839 pericula
546 1800 582 1828 et
600 1796 835 1827 ambitionem
853 1797 887 1827 H
905 1797 916 1827 i
935 1795 988 1828 33.
1029 1806 1087 1831 res
1105 1807 1138 1837 p.
1158 1795 1195 1826 in
1213 1805 1381 1826 maxuma
1398 1793 1562 1836 pericula
1580 1791 1738 1834 (nefario

221 1842 374 1874 consilio
393 1841 540 1882 civium)
559 1842 660 1873 venit
678 1841 704 1872 C
722 1841 777 1881 52,
798 1840 852 1873 36.
897 1852 918 1873 a
941 1841 1101 1880 periculis
1127 1841 1282 1872 aberant
1300 1839 1326 1871 C
1345 1838 1377 1880 6,
1397 1840 1429 1871 4.
1453 1838 1515 1870 'Lex
1533 1837 1656 1869 multis
1674 1837 1738 1868 mi-

220 1888 328 1919 seriis
347 1891 417 1929 atq.
436 1886 610 1929 periculis
629 1886 792 1927 requievi
811 1886 837 1917 C
856 1886 890 1926 4,
913 1886 940 1918 1.
1094 1911 1097 1913 .

264 1933 411 1972 perinde.
441 1942 512 1965 non
536 1932 686 1973 perinde
710 1931 916 1962 habeantur
939 1934 978 1962 ut
1004 1941 1127 1963 eorum
1152 1948 1195 1952 ——
1217 1930 1333 1963 virtus
1359 1931 1414 1961 est
1429 1929 1453 1961 J
1469 1928 1502 1968 4,
1521 1926 1554 1959 8.
1595 1927 1739 1959 M..cor·

220 1989 308 2020 pore
326 1978 468 2019 ingenti
485 1976 634 2018 perinde
655 1979 814 2008 armatus
838 1977 872 2007 H
889 1976 924 2007 II
941 1976 996 2007 47.

265 2023 390 2062 peritia
406 2022 565 2054 locorum
584 2024 621 2052 et
645 2021 800 2053 militiae
823 2021 862 2052 in
885 2022 963 2063 Iug.
989 2023 1094 2053 tanta
1123 2022 1202 2052 erat
1217 2020 1241 2052 J
1257 2018 1312 2060 48,
1331 2018 1363 2051 6.
1405 2018 1534 2061 quibus
1550 2017 1687 2060 peritia
1705 2018 1741 2047 et

222 2078 346 2099 verum
363 2067 548 2109 ingenium
567 2069 623 2098 est
640 2067 674 2097 H
692 2066 708 2097 I
729 2065 801 2098 111.

266 2113 404 2151 peritus.
436 2111 589 2142 militiae
607 2112 719 2153 periti
735 2111 770 2142 H
787 2111 803 2142 I
824 2110 897 2144 104.

263 2157 457 2196 periurium.
497 2166 584 2197 quos
608 2156 736 2197 lingua
760 2173 802 2178 -——
825 2156 984 2198 periurio
1010 2155 1137 2188 alebat
1155 2154 1181 2186 C
1202 2155 1262 2195 14,
1281 2153 1313 2187 3.
1355 2163 1443 2195 quos
1467 2163 1531 2195 per
1553 2150 1662 2183 fidem
1679 2152 1742 2183 aut

223 2202 383 2243 periurio
400 2201 549 2240 violasti
567 2201 601 2231 H
617 2202 634 2232 Ι
650 2201 704 2240 48,
729 2201 778 2232 15.

268 2247 416 2285 perlego.
447 2245 621 2286 perlectis
639 2245 773 2277 litteris
793 2246 819 2277 C
837 2246 894 2286 47,
913 2245 944 2277 3.
970 2246 994 2277 J
1012 2245 1066 2286 71,
1085 2246 1134 2277 4>

268 2299 453 2330 permaneo.
485 2291 685 2332 permansit
708 2301 781 2321 una
805 2301 862 2322 res
881 2291 914 2321 H
932 2291 986 2322 ΙΙΙ
1004 2290 1064 2330 61,
1089 2290 1138 2321 12.
1182 2288 1346 2321 amicitia
1364 2288 1455 2318 Mas.
1474 2286 1571 2318 bona
1588 2289 1662 2326 atq.
1679 2284 1742 2316 ho-

225 2339 332 2368 nesta
350 2335 454 2366 nobis
471 2335 672 2376 permansit
689 2335 710 2365 J
728 2335 760 2374 5,
780 2335 811 2366 5.
853 2346 1068 2376 permanere
1087 2336 1125 2366 in
1143 2335 1218 2366 suis
1238 2333 1375 2365 artibus
1393 2333 1415 2364 J
1433 2331 1465 2371 8,
1484 2331 1516 2363 2.

269 2380 461 2420 permisceo.
500 2389 592 2421 quae
617 2380 804 2410 contentio
829 2380 952 2411 divina
978 2383 1013 2411 et
1037 2380 1196 2411 humana
1222 2381 1356 2410 cuncta
1380 2375 1591 2419 permiscuit
1612 2374 1637 2406 J
1658 2374 1690 2415 5,
1709 2374 1742 2406 2.

226 2426 290 2457 ubi
312 2425 367 2456 ira
391 2428 426 2456 et
451 2424 639 2466 aegritudo
663 2424 841 2466 permixta
866 2427 949 2455 sunt
971 2424 994 2455 J
1019 2423 1078 2462 68,
1102 2424 1130 2455 1.
1172 2434 1240 2465 quo
1266 2423 1368 2454 modo
1392 2422 1488 2453 inter
1512 2423 1557 2452 se'
1576 2419 1744 2462 permixti

229 2471 301 2502 sint
326 2469 469 2511 (incolae
487 2470 589 2508 Afr.)
612 2469 636 2501 J
657 2469 714 2508 17,
734 2469 765 2500 7.
814 2469 1029 2510 sanguinem
1054 2469 1136 2500 vino
1161 2468 1377 2510 permixtum
1403 2466 1429 2498 O
1454 2466 1516 2506 22,
1539 2465 1567 2497 1.
1609 2464 1746 2496 elamor

227 2515 427 2558 permixtus
445 2514 583 2556 gemitu
598 2514 621 2545 J
639 2512 695 2553 60,
712 2514 744 2545 2.
786 2513 883 2545 lixae
902 2513 1074 2555 permixti
1092 2523 1171 2544 cum
1190 2513 1366 2544 militibus
1383 2511 1406 2543 J
1422 2512 1478 2550 44,
1497 2511 1518 2542 5
1535 2513 1620 2542 conl.
1638 2507 1693 2548 46,
1711 2508 1742 2540 7.

228 2560 283 2600 59,
302 2559 333 2592 3.
375 2561 517 2601 equites
542 2559 683 2601 pedites
706 2559 877 2600 permixti
893 2558 916 2589 J
932 2557 994 2598 97,
1013 2557 1045 2589 5.
1089 2568 1190 2589 arma
1206 2557 1302 2596 tela,
1324 2557 1407 2597 equi
1424 2555 1509 2594 viri,
1528 2554 1651 2586 hostes
1669 2555 1742 2594 atq.

230 2607 330 2638 cives
347 2604 517 2647 permixti
532 2604 555 2635 J
572 2604 603 2644 5,
626 2604 655 2636 1.
1499 2627 1506 2635 .

273 2650 440 2690 permitto.
477 2659 542 2682 vos
568 2652 640 2691 atq.
660 2648 833 2690 coniuges
852 2650 888 2680 et
904 2647 1040 2679 liberos
1059 2646 1198 2688 Lepido
1217 2645 1426 2687 permissuri
1445 2644 1533 2675 estis
1552 2643 1586 2674 H
1603 2643 1620 2674 I
1636 2641 1691 2682 48,
1709 2640 1743 2674 9.

230 2696 377 2727 Petreio
400 2694 599 2726 exercitum
623 2694 801 2736 permittit
819 2692 845 2724 C
864 2691 926 2733 59,
943 2692 965 2723 4
985 2691 1084 2732 (conl.
1103 2690 1257 2722 dimidia
1274 2699 1358 2731 pars
1378 2700 1409 2720 e.
1428 2688 1501 2720 sibi
1517 2687 1744 2730 permittere·

230 2744 288 2771 tur
302 2740 326 2771 J
342 2739 397 2779 64,
416 2739 462 2780 5).
498 2750 542 2770 ea
558 2742 722 2781 potestas
742 2756 778 2760 —
799 2737 1030 2780 magistratui
1046 2735 1268 2778 permittitur
1285 2734 1312 2765 O
1331 2732 1386 2773 29,
1404 2732 1436 2764 3.
1471 2731 1663 2774 conloquio
1681 2731 1745 2762 mi—

229 2784 355 2816 litibus
379 2784 554 2826 permisso
578 2784 611 2814 H
636 2784 650 2815 I
674 2783 727 2814 57.
778 2782 1003 2825 agundarum
1032 2790 1151 2812 rerum
1181 2779 1371 2811 licentiam
1402 2778 1491 2820 ipsis
1522 2777 1702 2819 permittit
1722 2776 1747 2808 J

236 2829 309 2869 103,
327 2829 358 2861 3.
401 2829 651 2861 condemnatis
670 2828 817 2860 exilium
834 2827 1047 2869 permissum
1066 2828 1121 2857 est
1138 2825 1164 2857 C
1182 2822 1292 2863 51,40
1308 2827 1341 2855 et
1359 2823 1414 2854 22.
1450 2823 1575 2864 eisque
1594 2821 1746 2863 permis-

232 2884 321 2913 sum,
339 2875 393 2905 uti
413 2890 449 2896 —-
471 2873 498 2905 C
517 2872 571 2914 30,
591 2874 622 2905 5.
665 2874 717 2905 ita
735 2876 861 2915 agant,
878 2871 1058 2914 permittit
1074 2869 1102 2902 C
1122 2869 1177 2908 45,
1199 2869 1228 2902 l.
1281 2885 1290 2893 ·

1387 2990 1416 2998 A
