1826 3282
187 232 263 276 ‘56
620 240 919 269 lils'roRlARvM
951 241 1033 266 mu.
1067 240 1099 266 11
1130 233 1231 269 72—
1247 232 1306 268 78.

209 349 226 380 I
254 347 294 379 15
324 345 407 377 libri
432 353 579 375 numero
605 341 736 373 omisso
762 350 806 372 ex
832 340 1007 372 Sallustio
1032 343 1277 372 conmemoret
1300 341 1378 373 belli
1397 350 1480 372 sane
1502 340 1630 379 εοίεηε,
1655 339 1726 372 hoe

212 392 348 424 rectius
374 388 469 430 apud
494 386 712 418 Arusianum
737 385 942 418 restitutum
968 395 1048 418 esse
1074 386 1228 428 adparet
1260 395 1365 427 quam
1391 385 1485 427 quod
1509 384 1652 417 Ruhnk.
1680 383 1726 416 ad

210 436 304 469 Vell.
331 435 366 465 II
390 432 434 464 88
458 444 492 474 p.
519 430 584 464 365
616 430 777 463 coniecit
809 430 946 462 bellicae
976 432 1029 462 rei
1056 433 1176 462 sciens.
1227 429 1443 462 Gerlaohius
1469 433 1590 462 autem
1615 430 1727 461 etiam

213 480 305 522 quod
329 477 520 520 praecedit
543 478 652 508 sciens
676 476 791 508 horum
818 486 949 508 novum
974 470 1218 518 fragmentum
1251 486 1330 507 esse
1361 475 1477 507 voluit
1499 475 1545 506 et
1573 474 1667 507 libro
1690 474 1727 506 H

213 519 408 565 adsignare
434 532 504 553 non
530 521 724 560 dubitavit,
753 520 846 562 quod
871 520 901 552 si
925 521 979 552 ita
997 521 1138 559 fuisset,
1165 521 1426 561 grammaticus
1453 522 1516 551 aut
1531 519 1728 552 ’dormitas-

212 571 285 605 set,
322 570 384 599 aut
415 566 526 608 priori
557 566 642 597 libri
666 566 704 597 II
728 569 853 598 notam
879 565 1094 603 adiecisset,
1121 568 1197 596 tum
1221 566 1306 597 idem
1329 567 1363 597 in
1388 566 1503 597 eodem
1526 559 1729 602 velibidem

210 613 443 655 perrexisset.
486 611 532 642 At
549 621 632 642 num
658 621 722 653 per
745 621 784 642 se
807 610 984 642 credibile
1003 614 1058 642 est
1080 610 1291 642 Sallustium
1308 620 1460 651 usquam
1483 610 1593 642 sciens
1614 607 1729 641 libi-um

212 657 428 699 scripsisse?
482 655 519 687 Si
555 655 767 687 adiunctum
799 658 897 687 esset
927 655 1215 694 substantivum,
1248 655 1446 687 crederem.
1502 654 1565 686 Set
1597 664 1662 686 cur
1691 653 1741 685 id·

211 703 334 734 omisit
359 701 643 743 grammaticus?
691 700 842 732 Scilicet
866 700 1096 732 librariorum
1122 700 1342 732 oscitantiae
1367 700 1404 731 id
1429 699 1556 731 deberi
1574 698 1728 731 etadla-

211 751 287 780 tum
313 747 427 779 fuisse
453 746 573 778 locum
597 746 674 788 Iug.
701 744 756 786 85,
783 745 826 777 45
850 746 960 795 sgiens
983 747 1129 778 locorum
1155 750 1261 777 acute
1286 745 1473 787 perspexit
1489 743 1634 776 Ruhnk.
1651 743 1676 775 1.
1695 753 1728 775 c.

328 841 380 880 72
413 841 492 894 [Kr.
516 846 572 879 94.
603 843 641 879 G.
667 840 743 893 58].
763 892 772 897 ἢ
801 841 1016 891 Argentum
1048 844 1226 880 mutuum
1255 840 1469 879 accersivit.

326 921 441 952 Prisc.
467 921 500 952 X
525 931 559 962 p.
575 919 641 952 534
668 919 793 951 eodem
817 919 898 951 loco
923 919 986 950 ubi
1010 919 1054 950 fr.
1081 919 1099 950 1
1114 918 1158 950 69
1184 918 1480 951 conmemoravit.
1522 917 1611 950 Cum
1627 917 1731 949 Pom-

212 967 317 1008 peius
348 976 403 1007 ep.
430 965 515 997 infr.
542 964 597 1003 96,
624 965 645 995 2
670 964 785 996 omnis
811 975 896 996 suas
921 964 1087 1006 privatas
1111 973 1199 1006 opes
1228 967 1265 995 et
1293 973 1376 1005 spes
1402 973 1440 995 se
1467 962 1733 1004 consumpsisse

213 1012 293 1053 ipse
318 1014 485 1050 testetur,
511 1010 602 1041 haut
626 1009 906 1051 inprobabiliter
928 1008 1021 1040 haec
1046 1008 1160 1040 verba
1178 1008 1225 1040 ad
1242 1018 1324 1040 eum
1342 1018 1426 1040 aere
1453 1007 1575 1040 alieno
1591 1009 1734 1049 sumpto

212 1056 373 1097 inopiam
397 1055 579 1097 pecuniae
605 1054 803 1086 lenientem
835 1052 1053 1086 referentur.
1102 1053 1209 1093 Quod
1230 1054 1261 1085 si
1293 1063 1364 1085 non
1395 1063 1539 1094 prorsus
1564 1051 1734 1094 inproba-

212 1100 287 1132 bile
314 1103 380 1139 est,
407 1110 480 1132 non
503 1099 767 1141 vituperandus
792 1098 962 1138 videbor,
996 1098 1091 1140 quod
1114 1098 1200 1130 huic
1226 1099 1270 1130 fr.
1296 1098 1464 1130 subiunxi
1490 1097 1606 1137 aliud,
1640 1095 1735 1138 quod

214 1146 261 1177 ad
286 1145 440 1177 eandem
464 1155 539 1176 rem
565 1144 793 1186 spectavisse
820 1147 920 1176 certe
945 1153 1016 1175 non
1040 1143 1138 1175 omni
1162 1143 1287 1185 specie
1312 1143 1391 1175 veri
1416 1145 1530 1175 caret.

316 1239 413 1278 *²³²73
445 1239 525 1292 [Kr.
544 1244 600 1278 37.
634 1241 673 1277 G.
697 1242 709 1277 Ι
734 1238 811 1291 46].
869 1238 977 1284 Quae
1008 1239 1173 1289 pecunia
1215 1238 1263 1277 ad
1294 1237 1549 1288 Hispaniense
1589 1235 1736 1276 bellum

214 1307 367 1347 Metello
394 1307 493 1346 facta
524 1310 618 1345 erat.

327 1387 462 1417 Donat.
489 1385 535 1417 ad
560 1385 642 1416 Ter.
669 1384 812 1416 Phorm.
838 1385 856 1415 1
884 1383 918 1424 l,
940 1383 998 1415 14:
1027 1385 1114 1424 ‘fieri
1132 1385 1286 1425 pec-unic?
1312 1367 1499 1416 dicebatur.
1540 1382 1738 1414 Sallustius:

216 1441 309 1474 quae
336 1447 379 1452 —
405 1432 496 1462 erat.
548 1429 638 1461 Cum
664 1429 801 1460 dictum
826 1429 886 1468 sit,
914 1429 959 1460 ad
978 1429 1063 1470 quid
1080 1429 1229 1460 Metello
1254 1429 1413 1470 pecunia
1438 1428 1589 1460 decreta
1613 1427 1737 1467 suerit,

215 1475 300 1507 inde
326 1475 437 1507 facile
465 1474 662 1514 conicitur,
699 1485 779 1506 eam
810 1474 1005 1516 pecuniam
1031 1474 1068 1504 in
1101 1473 1211 1505 aliam
1236 1484 1311 1505 rem
1337 1475 1587 1514 consumptam
1613 1471 1738 1504 fuisse.

216 1520 353 1559 Quidni
379 1520 492 1562 igitur
515 1519 610 1551 haec
635 1529 692 1550 res
718 1519 756 1550 in
782 1519 941 1558 caussis,
976 1508 1070 1560 {luae
1095 1518 1308 1560 Pompeium
1338 1518 1376 1550 in
1399 1521 1524 1550 tantas
1551 1516 1740 1559 angustias

217 1565 463 1604 deduxissent,
490 1566 762 1596 conmemorata
787 1564 899 1596 fuisse
926 1564 1071 1605 potest?

332 1661 383 1699 74
417 1659 498 1718 [Kr.
522 1664 577 1698 95.
606 1661 645 1697 G.
666 1658 741 1711 32].
802 1638 964 1698 Obviam
992 1659 1114 1698 fuere.

331 1738 473 1770 Charis.
501 1738 537 1769 II
562 1749 595 1779 p.
622 1737 706 1769 209:
748 1737 881 1769 Obviam
909 1747 975 1778 pro
1007 1737 1120 1769 obvius
1151 1737 1329 1769 Sallustius
1360 1737 1576 1768 historiarum
1599 1736 1654 1768 11:
1687 1735 1743 1768 ubi

218 1784 335 1824 Asper
359 1786 406 1814 ait
439 1783 583 1814 ‘vetuste
616 1783 761 1815 obviam
791 1782 913 1822 fuere,
947 1779 1106 1814 adverbio
1131 1784 1245 1814 maluit
1269 1784 1319 1813 uti
1349 1792 1444 1824 quam
1475 1779 1629 1813 nonzine'.
1683 1781 1740 1813 De

217 1829 349 1860 incolis
375 1827 499 1870 oppidi
526 1827 739 1859 advenienti
764 1827 848 1859 duci
873 1827 1016 1859 obviam
1042 1827 1274 1859 venientibus
1299 1827 1436 1858 dictum
1453 1826 1597 1858 videtur
1614 1826 1755 1859 fuisse..

332 1919 384 1956 75
416 1917 495 1970 [Kr.
518 1923 594 1956 100.
626 1920 664 1956 G.
682 1916 759 1969 65].
819 1916 1023 1956 Moenibus
1053 1916 1246 1956 deturhat.

331 1997 422 2029 Non.
447 2007 482 2039 p.
509 1995 553 2028 70
578 2007 606 2028 s.
631 2007 665 2029 v.
691 1996 891 2033 deturbare,
919 1996 1069 2033 deicere,
1097 1996 1282 2028 demovere.

334 2087 386 2125 76
418 2086 496 2137 [Kr.
521 2090 576 2123 98.
609 2088 647 2123 G.
669 2085 746 2136 61].
803 2085 986 2145 Vespera.

334 2164 508 2195 Testatur
539 2163 593 2195 ita
626 2163 763 2195 dixisse
789 2163 1004 2195 Sallustium
1036 2162 1179 2195 Charis.
1204 2163 1241 2194 II
1265 2174 1298 2205 p.
1325 2159 1416 2202 2235
1444 2165 1500 2194 set
1531 2163 1613 2204 ipsa
1644 2161 1744 2208 illius

220 2209 335 2240 verba
359 2209 514 2250 periere.
564 2208 745 2247 Quamvis
765 2207 898 2239 multas
923 2218 981 2240 res
1006 2207 1076 2240 hoc
1094 2207 1185 2240 libro
1204 2211 1396 2240 enarratas
1419 2207 1629 2249 vespertino
1653 2209 1743 2239 tem-

221 2264 307 2294 pore
334 2256 458 2294 gestas
486 2263 566 2284 esse
593 2255 878 2284 consentaneum
904 2253 962 2292 sit,
989 2256 1122 2291 tamen,
1139 2263 1219 2284 cum
1245 2252 1393 2284 aliunde
1419 2255 1562 2284 constet
1586 2261 1745 2294 pugnam

223 2297 269 2329 ad
292 2298 440 2330 fluvium
466 2297 663 2329 Sucronem
688 2298 753 2329 sub
771 2308 964 2339 vesperam
982 2298 1124 2329 demum
1142 2298 1329 2339 inceptam
1347 2307 1426 2329 esse
1445 2297 1531 2338 (vid.
1550 2297 1675 2328 Drum.
1694 2296 1747 2329 IV

223 2354 256 2384 p.
284 2341 377 2382 367),
406 2345 506 2374 certe
534 2342 671 2383 aliquid
696 2342 886 2383 habemus,
915 2353 983 2384 quo
1009 2342 1099 2374 illud
1124 2342 1342 2374 vocabulum
1367 2342 1504 2374 referre
1529 2342 1721 2384 possimus.

336 2438 388 2475 77
413 2436 498 2488 [ΚΓ.
527 2442 600 2474 10⁵2.
631 2440 669 2475 G.
698 2437 774 2489 51].
830 2437 913 2476 Diei
943 2438 1082 2476 medio.

335 2515 439 2546 Arus.
466 2526 500 2556 p.
526 2515 591 2546 247
626 2525 706 2546 cum
740 2515 912 2547 lemmate
943 2517 1050 2548 medio
1082 2517 1170 2548 illius
1198 2527 1264 2558 pro
1296 2518 1352 2548 illo
1383 2517 1502 2548 medio.
1552 2515 1658 2547 Libri
1681 2525 1745 2547 nu-

223 2570 342 2592 merus
368 2560 406 2590 in
431 2559 509 2592 cod.
538 2560 605 2592 Gu.
633 2560 802 2591 inventus
828 2562 903 2599 est,
935 2561 1088 2592 omissus
1113 2561 1151 2592 in
1177 2561 1255 2592 cod.
1281 2561 1382 2592 Maii.
1430 2560 1485 2592 Ad
1509 2570 1653 2602 pugnae
1680 2559 1745 2591 ali-

224 2606 328 2681 cuilus
353 2605 413 2656 vel
438 2604 623 2637 exordium
648 2604 707 2637 vel
732 2603 840 2636 finem
866 2605 1094 2646 spectavisse
1119 2606 1234 2637 verba
1261 2608 1360 2637 certe
1386 2615 1458 2636 non
1475 2615 1621 2647 prorsus
1639 2604 1746 2637 dissi-

224 2661 272 2681 mi
291 2661 309 2681 e
334 2660 425 2682 veri.

221 2723 224 2727 Ι
272 2757 286 2763 -
339 2738 390 2777 78
422 2738 500 2790 [Kr.
527 2743 604 2776 101.
638 2741 676 2777 G.
699 2738 776 2791 64].
829 2738 1049 2778 Audaciter.

338 2817 453 2849 Prisc.
480 2817 547 2849 XV
569 2827 604 2859 p.
636 2816 720 2848 1014
744 2817 784 2848 P.
809 2828 844 2859 p.
862 2815 905 2848 7ss
920 2817 967 2848 H.
995 2817 1061 2859 Ap.
1081 2817 1293 2848 Putschium
1312 2818 1544 2849 Historiarum
1563 2817 1582 2849 1
1598 2816 1744 2859 legitur,

226 2861 350 2892 HertZ.
377 2862 420 2937 nt
440 2862 567 2937 (ῐᾱίᾶὶῖ.
615 2862 656 2893 Id
683 2865 719 2894 et
743 2862 787 2894 de
812 2872 850 2894 re
876 2861 1014 2894 bellica
1039 2865 1076 2894 et
1100 2861 1143 2894 dc
1171 2861 1272 2894 civili
1300 2863 1448 2895 actione
1473 2862 1610 2894 dictum
1627 2861 1744 2893 fuisse
1776 2864 1779 2867 '

226 2915 330 2945 posse
356 2916 403 2947 pa
424 2916 441 2937 e
463 2929 470 2937 .
1406 2920 1410 2924 -
