1826 3282
227 219 305 258 112
692 231 994 258 ffls'ronmuvn
1027 232 1110 259 mn.
1147 232 1187 259 1v
1230 227 1286 262 61.

222 336 337 381 petua
369 342 465 380 pace
492 330 568 368 frui
598 331 707 374 licet,
742 331 898 381 egregia
932 332 1054 376 fama,
1096 333 1127 371 si
1157 332 1356 372 Romanos
1387 333 1652 385 obpresseris,
1685 335 1746 374 su-

224 403 307 436 tura
349 402 418 435 est.
498 397 578 435 Nisi
621 398 752 437 hostes
799 400 982 448 oportuni
1022 403 1059 437 et
1098 399 1398 445 scelestissumi,
1446 411 1573 454 neque
1612 406 1746 452 petere

223 464 384 502 audeam
418 465 641 503 societatem
681 469 717 503 et
753 464 896 504 frustra
934 466 1032 505 mala
1072 479 1158 505 mea
1198 479 1288 506 cum
1327 468 1440 506 bonis
1477 469 1554 507 tuis
1590 469 1746 508 misceri

224 543 391 581 sperem.
452 531 578 582 Atque
606 544 670 576 ea,
701 545 799 583 quae
833 538 868 571 te
898 535 1043 572 morari
1076 547 1188 584 posse
1222 535 1418 579 videntur,
1460 536 1516 574 ira
1545 536 1584 574 in
1612 535 1748 586 Tigra·
1773 544 1794 577 3

193 610 313 640 5nem
344 599 512 637 recentis
542 598 634 638 belli
670 603 707 638 et
737 613 848 639 meae
885 613 948 640 res
978 613 1116 651 parum
1153 614 1387 652 prosperae,
1421 603 1453 641 si
1484 615 1574 642 vera
1606 604 1749 642 existu—

223 678 330 704 mare
379 666 502 711 voles,
551 679 733 706 maxume
772 660 1047 707 hortabuntur.
1117 668 1184 708 Ille
1222 671 1325 708 enim
1365 670 1557 709 obnoxius
1595 669 1749 722 qualem
1774 681 1794 712 4

222 738 263 771 tu
297 732 400 773 voles
436 735 662 773 societatem
704 736 886 785 accipiet:
924 736 1016 774 mihi
1052 735 1227 781 fortuna,
1267 737 1397 776 multis
1430 736 1550 776 rebus
1589 738 1748 788 ereptis,

221 813 337 840 usum
368 801 474 840 dedit
503 801 606 841 hene
637 802 846 841 suadendi:
880 807 935 846 et,
970 803 1073 853 quod
1104 803 1338 843 florentibus
1358 803 1530 855 optabile
1561 809 1639 849 est,
1675 816 1748 856 ego

223 880 301 906 non
332 868 606 908 validissumus
635 869 808 919 praebeo
841 869 1082 920 exemplum,
1113 882 1191 921 quo
1224 872 1367 910 rectius
1399 875 1462 910 tua
1494 883 1705 922 conponas.

177 953 208 978 1⁰
336 936 513 987 Namque
543 937 729 976 Romanis
761 949 849 976 cum
881 938 1104 976 nationibus
1135 938 1288 988 populis
1312 938 1472 989 regibus
1497 939 1646 978 cunctis
1673 950 1749 978 una
1773 949 1794 982 5

222 1008 260 1043 et
291 1016 333 1043 ea
368 1007 475 1044 vetus
504 1016 640 1043 caussa
673 1004 844 1044 bellandi
875 1009 953 1050 est,
986 1005 1128 1056 cupido
1160 1005 1354 1056 profunda
1385 1006 1510 1056 inperi
1537 1009 1575 1044 et
1602 1006 1748 1046 divitia—

221 1083 322 1110 rum.
382 1072 466 1118 Qua
490 1073 617 1122 primo
640 1085 728 1111 cum
751 1084 846 1123 rege
873 1072 1128 1112 Macedonum
1156 1072 1336 1125 Philippo
1357 1072 1505 1113 bellum
1531 1084 1748 1123 sumpsere,

222 1139 373 1178 dum.a
413 1139 797 1190 Carthaginiensibus
843 1139 1123 1190 premebantur
1163 1141 1368 1180 amicitiam
1405 1140 1643 1180 simulantes.
1704 1140 1750 1179 Ei
1773 1147 1796 1181 6

221 1207 518 1246 subvenientem
554 1207 789 1246 Antiochum
828 1209 1081 1247 concessione
1120 1207 1230 1247 Asiae
1270 1220 1339 1258 per
1378 1207 1511 1247 dolum
1547 1212 1746 1253 avortere,

175 1290 206 1315 15
222 1286 266 1313 ac
294 1274 384 1313 m'ox
417 1274 540 1313 fracto
566 1275 745 1325 Philippo
767 1275 982 1314 Antiochus
1014 1275 1118 1314 omni
1149 1275 1203 1314 cis
1223 1274 1397 1314 Taurum
1429 1286 1523 1326 agro
1555 1279 1592 1314 ct
1613 1274 1747 1315 decem

221 1341 378 1381 milibus
408 1341 643 1381 talentorum
679 1341 866 1394 spoliatus
897 1346 966 1381 est.
1028 1342 1175 1381 Persen
1207 1342 1368 1387 deinde,
1414 1342 1746 1394 l‘hilippifilium‚
1774 1353 1793 1384 7

221 1412 310 1460 post
339 1409 460 1449 multa
501 1414 539 1448 et
573 1410 675 1448 varia
709 1410 923 1448 certamina
964 1409 1066 1460 apud
1098 1409 1374 1449 Samothracas
1412 1410 1507 1449 deos
1542 1413 1746 1462 acceptum

220 1477 259 1515 in
286 1477 423 1521 fidem,
459 1476 585 1515 callidi
627 1481 664 1515 et
700 1481 926 1528 repertores
963 1477 1169 1528 perfidiae,
1212 1478 1301 1528 quia
1341 1482 1454 1528 pacto
1485 1478 1597 1517 vitam
1629 1477 1746 1516 dede-

221 1547 321 1589 rant,
344 1544 546 1583 insomniis
568 1543 760 1583 occidere.
809 1544 1037 1590 Eumenem,
1066 1544 1175 1584 cuius
1201 1545 1407 1583 amicitiam
1426 1544 1595 1595 gloriose
1618 1548 1746 1584 osten·
1772 1554 1794 1586 8

219 1646 394 1679 Kritzius:
420 1646 505 1678 Tibi
529 1648 709 1688 perpetua
733 1656 827 1688 paee
854 1645 926 1677 frui
943 1645 1093 1685 liceret,
1119 1645 1191 1678 nisi
1215 1663 1259 1668 —
1283 1645 1565 1685 scelestissumi3
1596 1644 1748 1688 egregia

221 1709 262 1714 —-
281 1691 404 1723 futura
431 1694 498 1723 est.
553 1691 679 1732 Neque
706 1708 744 1712 —
773 1701 927 1733 sperem.
968 1690 1156 1722 Linkerus:
1190 1690 1273 1723 Tibi
1298 1693 1330 1723 si
1362 1693 1540 1733 perpetua
1571 1708 1614 1714 ·—-
1645 1689 1747 1728 licet,

220 1736 290 1769 nisi
317 1754 357 1758 —
384 1735 659 1775 scelestissumi,
689 1735 837 1777 egregia
864 1736 977 1775 fama,
1003 1735 1035 1767 si
1052 1735 1167 1768 Roma
1184 1746 1249 1768 nos
1268 1735 1501 1778 oppresserit,
1530 1735 1653 1767 futura
1678 1740 1746 1773 est,

219 1791 337 1823 neque
363 1798 406 1803 -—
431 1791 586 1823 sperem.
637 1781 734 1812 Alias
758 1781 909 1812 rati'ones
942 1782 1048 1812 iniere
1079 1780 1137 1813 le.
1165 1780 1318 1813 Momms.
1345 1781 1424 1813 Act.
1446 1790 1524 1822 req.
1550 1791 1621 1813 soe.
1646 1779 1746 1822 Lips-

224 1826 308 1857 1854
328 1837 365 1867 p.
396 1825 457 1858 153
482 1830 515 1858 et
540 1826 667 1867 Hitziy.
696 1825 784 1857 Mus.
812 1826 916 1857 Rleen.
943 1826 975 1857 X
1000 1824 1020 1857 3
1042 1837 1078 1867 p.
1104 1824 1183 1857 467.
1223 1825 1366 1864 Quorum
1388 1827 1534 1858 virorum
1557 1826 1747 1857 sententiae

215 1872 377 1913 profecto
403 1882 468 1903 non
493 1872 615 1912 dignae
637 1871 755 1911 fuere,
782 1881 866 1912 quae
892 1871 933 1902 ab
961 1871 1138 1903 Gerlaclzio
1162 1881 1227 1912 per
1251 1871 1516 1912 obiurgationem
1540 1874 1574 1902 et
1596 1870 1748 1902 convicia

219 1919 443 1948 reicerentur.
494 1917 577 1947 Nam
602 1917 685 1947 illud
708 1917 892 1947 luculenter
917 1917 1190 1947 demonstravere
1215 1915 1317 1947 verba
1348 1918 1396 1946 ita
1415 1925 1585 1957 pervorsa
1609 1918 1643 1946 et
1662 1924 1746 1956 per-

218 1961 356 1993 turbata
380 1972 472 1998 esse,
506 1965 541 1992 ut
570 1962 636 1992 nisi
663 1962 865 2002 scriptorem
897 1964 952 1992 aut
984 1960 1226 1992 obscurissume
1257 1961 1371 1992 dicere
1402 1961 1546 1992 votuisse
1571 1963 1630 1991 aut
1652 1963 1746 1992 recte

219 2009 311 2049 loqui
334 2016 400 2038 non
423 2008 574 2048 potuisse
599 2015 748 2042 censeas,
771 2006 865 2046 ferri
888 2016 954 2037 non
975 2007 1119 2046 possint.
1162 2005 1251 2037 Mihi
1272 2005 1336 2037 liae
1359 2006 1512 2037 rationes
1529 2015 1630 2037 verae
1654 2007 1746 2037 visae

217 2055 305 2083 sunt.
357 2051 432 2083 Cum
457 2052 678 2092 apertissume
708 2052 860 2090 scriptor
890 2055 935 2082 ad
959 2060 1031 2081 eam
1056 2053 1280 2092 quaestionem
1313 2060 1409 2092 quam
1433 2050 1530 2083 modo
1551 2051 1744 2092 proposuit,

218 2097 358 2128 satisne
381 2114 424 2117 —
446 2095 656 2127 indecorum
668 2095 739 2133 sit,
763 2095 969 2136 respondeat
989 2093 1082 2134 (nam
1105 2095 1152 2126 ad
1169 2098 1321 2136 priorem
1336 2095 1498 2127 liceatne
1519 2097 1594 2127 tum
1615 2104 1744 2138 pacem

219 2151 329 2182 agere
342 2140 438 2178 infra
450 2141 678 2181 respondetur
692 2149 760 2181 ego
770 2139 979 2181 —praebeo
995 2139 1197 2181 exemplum
1212 2150 1280 2181 quo
1294 2140 1433 2172 rectius
1447 2143 1510 2171 tua
1525 2136 1744 2182 conponas),

217 2189 335 2217 tutum
360 2196 433 2217 esse
458 2185 574 2217 bellum
599 2186 756 2226 adparet,
782 2195 854 2216 cum
877 2195 916 2216 eo
942 2185 1096 2225 confecto
1111 2188 1282 2227 perpetua
1297 2195 1372 2226 poa:
1384 2185 1505 2225 futura
1520 2187 1563 2218 sit
1581 2188 1616 2217 et
1631 2184 1745 2217 hostes

217 2232 377 2271 oportuni
391 2231 458 2262 sint
475 2233 496 2261 i.
518 2240 546 2261 e.
563 2230 597 2260 in
611 2239 693 2271 quos
709 2230 813 2270 facile
827 2231 958 2270 inpetus
967 2230 1047 2269 ficri
1060 2230 1169 2271 possit
1191 2227 1256 2270 (ita
1273 2231 1318 2262 ad
1336 2230 1519 2261 inauditum
1535 2239 1628 2262 usum
1646 2238 1744 2262 voca-

217 2276 284 2307 buli
307 2286 371 2307 non
396 2275 654 2316 confnyiendum
677 2274 754 2314 est),
781 2274 891 2316 pium,
917 2285 987 2306 cum
1011 2275 1124 2306 lzostes
1147 2276 1284 2307 scelesti
1302 2278 1506 2316 puniantur,
1533 2273 1739 2316 gloriosum,

216 2323 248 2352 si
270 2321 413 2352 victoria
444 2320 562 2351 nobilis
594 2320 687 2360 apud
716 2323 818 2350 omnis
846 2324 964 2360 ,qentes
993 2320 1112 2359 futura
1141 2322 1195 2351 sit.
1246 2320 1320 2351 Iam
1342 2321 1556 2361 perspicuum
1580 2323 1647 2356 est,
1679 2319 1756 2355 tuti,

217 2369 382 2397 notionem
408 2366 454 2396 ad
477 2369 650 2406 utramque
676 2365 775 2395 aliam
799 2365 1081 2406 adiunyispossae
1103 2366 1240 2405 yrmdus
1264 2366 1482 2397 conmendari
1505 2365 1596 2407 quod
1615 2366 1740 2406 glorio-

216 2421 284 2442 sum
309 2413 362 2447 sit,
387 2413 417 2442 si
434 2410 529 2442 simul
543 2414 654 2447 tutum,
682 2413 821 2451 itemque
847 2410 938 2451 quod
958 2413 1047 2451 pium
1063 2412 1116 2446 sit,
1136 2421 1241 2452 neque
1258 2410 1444 2451 obfendere
1457 2413 1584 2451 potest,
1607 2411 1639 2441 si
1654 2407 1739 2440 Sall.

217 2467 288 2488 cum
317 2465 395 2487 vere
427 2456 474 2486 ad
503 2457 644 2485 alteram
675 2458 901 2496 quaestionem
932 2455 1156 2496 respondeat,
1189 2459 1298 2486 tamen
1329 2459 1417 2486 tecte
1450 2456 1549 2486 etiam
1581 2454 1673 2497 quod
1694 2454 1742 2486 ad

212 2501 366 2542 priorem
386 2500 560 2542 pertineat
585 2500 692 2537 dicat,
724 2499 926 2540 praesertim
957 2509 1027 2530 cum
1058 2499 1144 2530 idem
1176 2501 1218 2531 de
1250 2502 1361 2532 altera
1392 2500 1584 2531 necessario
1615 2498 1737 2531 valeat.

218 2545 322 2578 Recte
354 2546 457 2586 igitur
484 2545 644 2586 procedit
667 2546 779 2576 oracio
803 2544 865 2576 lzoc
889 2545 1005 2576 modo:
1037 2548 1139 2575 tutum
1169 2548 1203 2576 et
1231 2547 1412 2586 ylariosum
1442 2544 1558 2576 bellum
1581 2553 1655 2576 esse
1678 2543 1741 2576 tibi

219 2593 397 2632 confirmo;
422 2591 487 2621 nisi
510 2589 624 2621 bellum
644 2591 736 2630 pium
760 2592 793 2620 et
816 2590 911 2620 simul
932 2592 1033 2619 tutum
1057 2592 1112 2628 sie,
1139 2590 1221 2621 nihil
1243 2589 1303 2621 abs
1327 2593 1360 2620 te
1380 2593 1501 2630 petere
1520 2590 1658 2621 audeam
1677 2598 1738 2622 nee

218 2646 361 2678 sperem.
411 2635 513 2674 Quam
537 2634 577 2667 ob
601 2644 753 2666 caussam
776 2634 854 2665 milii
876 2635 966 2665 locus
987 2634 1156 2674 facillume
1190 2638 1223 2665 et
1254 2635 1301 2665 ad
1327 2634 1525 2665 sententiam
1557 2634 1736 2674 aptis-sume

219 2682 394 2713 emendari
414 2681 503 2712 visus
527 2684 579 2711 est
602 2680 712 2711 deleto
739 2678 769 2711 si
784 2683 817 2710 et
833 2680 1051 2719 transpositis
1066 2678 1175 2709 verbis
1200 2679 1271 2710 nisi
1289 2696 1331 2700 ———
1348 2677 1624 2710 scelestissumi.
1676 2677 1736 2710 Ge-

219 2731 324 2758 terum
341 2724 606 2758 scelestissumi
630 2723 674 2758 Q.
713 2723 998 2756 sceleratissumi
1017 2723 1108 2755 Cor-t.
1133 2740 1176 2744 —
1200 2722 1231 2756 3.
1252 2733 1333 2754 cum
1349 2723 1454 2755 bonis
1470 2722 1542 2754 tuis
1560 2721 1603 2757 23.
1658 2732 1738 2755 eum

219 2771 290 2802 tuis
314 2771 418 2803 bonis
446 2771 537 2802 Cort.
563 2787 605 2792 —
630 2769 663 2800 4.
690 2772 799 2810 atque
825 2768 912 2800 libri.
952 2768 1053 2809 atqui
1080 2768 1171 2799 Cor-t.
1203 2784 1248 2791 —-
1278 2767 1310 2799 ἴ).
1336 2766 1457 2799 ratuni
1482 2767 1570 2799 libri.
1610 2776 1738 2809 parum

220 2816 448 2847 Britannicus.
478 2833 518 2837 —-
543 2813 574 2846 6.
604 2824 768 2846 maxume
794 2811 837 2847 Q.
861 2830 907 2836 —-
941 2812 992 2844 12.
1019 2812 1101 2851 Qua
1125 2812 1213 2844 libri.
1256 2812 1351 2851 Quia
1376 2812 1488 2843 Kritz.
1559 2812 1675 2854 primo
1692 2810 1736 2846 Β.

220 2861 370 2902 primum
391 2860 482 2893 Cart.
499 2877 543 2882 —--
572 2859 623 2891 13.
644 2858 988 2900 ehartaginensibus
1005 2856 1047 2892 Q.
1119 2857 1404 2899 praemebamur
1420 2855 1462 2891 Q.
1484 2874 1526 2879 ——
1547 2855 1599 2888 15.
1618 2856 1739 2890 fracto

220 2906 261 2939 2³.
311 2908 430 2937 traeto
457 2905 549 2938 Cor-t.
570 2922 610 2927 —
639 2902 690 2936 19.
717 2903 886 2937 occidere
913 2913 992 2935 eum
1019 2902 1071 2934 eN
1097 2902 1199 2934 euius
1225 2901 1267 2937 Q.
