1838 3288
236 240 314 282 138
445 253 741 280 ms‘ronmuvu
773 253 947 280 monu'r.
979 254 1150 281 menon.
1182 255 1325 288 nemo.
1356 249 1529 286 84—89.

232 354 357 395 Neque
383 363 429 385 ea
454 352 607 394 suspitio
633 352 882 395 redarguitur,
916 353 948 385 si
979 353 1048 387 hoc
1074 353 1206 397 fragm.
1236 354 1280 387 de
1305 355 1432 388 eodem
1456 356 1593 389 dietum
1618 356 1744 398 fuisse,

233 398 277 430 de
305 408 372 439 quo
397 397 452 436 82,
481 408 524 428 ex
548 397 732 439 particula
748 402 874 434 tamen,
901 408 1008 440 quam
1032 402 1131 431 recte
1157 409 1215 441 ap.
1242 399 1335 431 Don.
1363 400 1545 432 adiectam
1571 411 1650 433 esse
1674 411 1746 434 non

231 442 459 473 infitiandum
493 444 568 482 est,
601 441 838 474 concluseris.
892 443 949 475 De
974 444 1023 476 M.
1047 443 1203 476 Aemilio
1229 444 1369 486 Lepido
1394 445 1494 477 dicta
1519 444 1748 486 fuisse,-nisi

233 487 292 527 qui
319 487 353 518 ei
376 486 468 518 nihil
495 485 681 528 adfingere
706 498 779 520 non
803 487 957 529 dubitet,
983 499 1088 521 nemo
1115 489 1304 521 concedet.

346 565 397 605 84-
429 564 509 617 [Kr.
531 570 587 603 51.
621 567 659 603 G.
682 564 735 618 3].
791 565 972 606 Pactione
999 557 1141 606 amisso
1171 567 1308 606 Publio
1339 567 1478 618 legato.

343 637 486 670 Adtulit
509 640 604 671 Don.
631 638 677 670 ad
702 638 787 671 Ter.
812 639 955 672 Phorm.
981 640 998 672 Ι
1022 641 1053 680 2,
1073 639 1129 681 91,
1156 651 1224 682 quo
1250 641 1403 673 amittere
1427 651 1492 683 pro
1517 642 1684 674 dimittere
1701 641 1748 674 ab

233 683 394 725 antiquis
412 684 549 716 dietum
566 688 646 716 esse
672 684 894 724 ostenderem
925 687 982 717 set
1006 685 1119 717 verba
1143 685 1198 717 ita
1221 685 1377 718 obseura
1402 686 1491 718 mihi
1509 686 1690 727 videntur,
1710 689 1750 718 ut

232 727 275 760 de
302 728 356 760 eis
381 731 505 761 tacere
532 739 639 771 quam
663 739 789 771 parum
813 729 1021 772 probabilia
1044 730 1207 772 proferre
1233 731 1350 763 satius
1374 733 1510 773 putem.

345 807 397 847 85
430 807 509 861 [Kr.
531 812 586 846 53.
619 810 658 846 G.
678 807 754 860 26].
810 808 922 860 Equo
953 812 1068 860 atque
1099 809 1216 847 armis
1246 809 1473 860 insignibus.

344 880 446 914 Serv.
474 881 521 913 ad
544 881 655 924 Verg.
679 881 721 913 A.
747 882 780 912 X
796 879 880 913 539:
907 881 1024 922 Asper
1038 884 1089 913 sic
1114 880 1348 923 (‘insignibus
1374 880 1508 923 armis')
1533 884 1612 924 legit
1636 885 1669 914 et
1685 884 1749 915 uti-

230 929 286 957 tur
310 924 465 958 Sallustii
488 928 652 968 eaeemplo,
681 927 737 969 qui
759 927 808 958 ait
833 936 925 967 equo
945 929 1014 958 cet.
1063 926 1178 958 Recte·
1203 926 1297 958 haec
1321 927 1435 959 verba
1452 929 1580 959 eontra
1596 927 1752 960 Linkeri

230 971 453 1003 sententiam
478 970 587 1012 (Sall.
613 971 710 1003 Hist.
738 981 896 1013 prooem.
921 981 956 1013 p.
982 969 1045 1011 28)
1079 971 1124 1003 ab
1157 971 1214 1004 III
1248 970 1288 1004 13
1321 975 1497 1013 separata
1532 974 1625 1005 sunt.
1673 971 1751 1005 Ofr.

230 1016 343 1048 Hertz
371 1017 416 1048 ad
441 1017 559 1048 Prisc.
585 1017 634 1048 VI
658 1028 691 1058 p.
719 1015 798 1048 236.

345 1093 396 1134 86
436 1094 521 1148 [Kr.
545 1100 600 1133 54.
637 1098 675 1133 G.
696 1098 738 1133 ΙΙΙ
760 1094 844 1147 90].
910 1094 1006 1134 Cum
1046 1093 1233 1133 Caecilius
1271 1091 1455 1145 Apuleius
1493 1094 1540 1134 de
1571 1095 1747 1146 orthogr.

232 1163 262 1215 ὃ
299 1163 347 1203 16
378 1163 437 1202 ed.
463 1162 592 1202 Osann
615 1163 711 1202 haec
736 1163 856 1202 dicat:
886 1162 1068 1212 Pyrrhus
1088 1164 1342 1211 interemptus
1359 1162 1445 1209 fuit
1459 1156 1499 1201 tn
1521 1163 1621 1201 aede
1645 1163 1750 1201 Dia-

231 1243 308 1270 nae
330 1242 355 1269 a
380 1232 556 1279 quadam
577 1233 758 1275 muliere,
794 1230 920 1278 Troyo
948 1229 1135 1269 Sallustio
1154 1233 1193 1268 et
1208 1229 1376 1268 Lucceio
1398 1230 1640 1275 auctoribus,
1670 1231 1750 1280 pri-

231 1311 338 1337 mum
368 1311 453 1337 rem
484 1299 694 1342 miramur,
736 1298 880 1349 quippe
907 1309 1006 1348 quae
1032 1308 1194 1347 prorsus
1215 1297 1367 1335 divorsa
1393 1297 1441 1335 sit
1466 1297 1514 1336 ab
1538 1297 1638 1337 Plut.
1661 1308 1751 1336 nar-

230 1367 382 1405 ratione
409 1365 548 1417 Pyrrh,
582 1364 634 1404 34
666 1365 751 1416 (vid.
785 1364 940 1404 Curtius
968 1363 1182 1414 Peloponn.
1215 1375 1252 1414 p.
1284 1363 1364 1403 359
1395 1375 1452 1415 sq.
1483 1368 1522 1404 et
1551 1363 1635 1404 562
1662 1363 1748 1416 sq.),

230 1438 313 1473 tum
345 1445 444 1484 quae
470 1433 627 1472 tandem
653 1433 771 1472 fuerit
794 1431 909 1471 huius
934 1433 991 1471 rei
1019 1431 1373 1470 conmemorandae
1404 1431 1585 1474 Sallustio
1614 1442 1751 1470 caussa

232 1501 404 1540 divinare
425 1512 505 1539 non
524 1511 743 1552 possumus,
771 1500 843 1539 nisi
870 1499 970 1540 forte
988 1511 1078 1539 eum
1102 1497 1230 1549 aliquo
1252 1498 1339 1538 loco
1361 1511 1438 1551 quo
1462 1499 1562 1539 tristi
1583 1498 1661 1538 fato
1685 1498 1752 1550 qui

231 1568 379 1610 Italiam
409 1570 527 1607 armis
561 1569 759 1618 petiissent
799 1568 986 1618 perierint
1023 1567 1165 1606 dixisse
1206 1570 1396 1605 autumas.
1447 1566 1590 1618 Lepide
1621 1569 1752 1605 autem

232 1635 462 1675 Gerlachius
491 1635 614 1687 praef.
645 1647 686 1687 p.
717 1634 890 1674 XXXVII
920 1635 968 1673 ad
998 1633 1135 1684 Apulei
1163 1633 1280 1673 fidem
1310 1633 1616 1673 confirmandam
1645 1633 1751 1672 hunc

233 1703 343 1743 Servi
369 1702 498 1742 locum
521 1703 657 1742 adtulit
683 1703 731 1742 ad
757 1702 872 1752 Verg.
906 1702 948 1740 A.
972 1702 1006 1741 11
1031 1700 1133 1740 469:
1164 1699 1392 1751 ‘Pyrrhus’;
1417 1713 1443 1739 a
1463 1703 1594 1741 colore
1616 1711 1752 1740 comae

232 1771 370 1818 dietus,
396 1773 465 1819 qui
490 1772 612 1810 latine
632 1772 776 1820 byrrus
805 1769 865 1822 (al.
884 1770 1040 1820 burrus)
1072 1770 1228 1807 dicitur.
1275 1769 1340 1807 Ita
1359 1773 1398 1808 et
1415 1768 1626 1808 Sallustius
1646 1768 1754 1807 ‘Cri-

231 1837 351 1888 spus’.
412 1837 567 1877 Scilicet
596 1824 792 1888 sapienter
820 1837 983 1886 Crispus
1016 1837 1156 1875 omisit.

346 1939 399 1979 87
424 1939 503 1993 [Kr.
525 1944 580 1977 55.
610 1937 813 1991 G.11188].
862 1937 1000 1978 Caecil.
1022 1937 1173 1988 Apulei.
1205 1937 1253 1976 de
1285 1936 1460 1986 orthogr.
1490 1934 1520 1987 5
1552 1935 1624 1974 12:
1655 1935 1753 1975 Sta-

229 2009 375 2057 phylus
389 2010 547 2057 primus
568 2009 701 2047 docuit
720 2008 850 2045 vinum
871 2016 977 2054 aqua
997 2007 1165 2044 misceri.
1209 2005 1251 2043 G.
1278 2001 1431 2043 Plinius
1458 2002 1515 2055 (H.
1541 2001 1586 2041 N.
1612 2002 1677 2041 Vll
1699 2002 1753 2042 56

234 2075 328 2129 (57),
367 2076 465 2127 199)
496 2081 534 2114 et
554 2075 765 2113 Sallustius
784 2077 965 2111 auctores
993 2077 1094 2111 sunt.

347 2165 399 2205 88
433 2166 512 2218 [Kr.
533 2169 589 2201 56.
621 2166 659 2202 G.
684 2162 824 2215 11172].
884 2162 932 2201 Hi
959 2165 1050 2201 sunt
1077 2163 1146 2210 qui
1171 2161 1254 2199 sine
1282 2159 1516 2199 verecundia
1547 2158 1688 2211 pocula
1717 2163 1756 2199 et

235 2234 328 2274 alias
358 2245 423 2272 res
452 2243 603 2276 aureaS,
634 2231 716 2270 (leis
744 2233 894 2268 sacrata
925 2230 1195 2272 instrumenta,
1229 2228 1402 2267 convivio
1433 2231 1672 2266 mercantur.

346 2307 537 2348 Leguntur
561 2314 622 2346 ap.
642 2303 743 2335 Serv.
771 2303 817 2335 ad
841 2303 951 2345 Verg.
977 2301 1019 2333 A.
1045 2301 1136 2334 VIII
1152 2299 1231 2342 278,
1257 2304 1313 2332 set
1336 2300 1389 2332 ibi
1414 2300 1589 2342 scriptum
1613 2300 1666 2332 Hi
1678 2304 1755 2332 sunt

233 2354 412 2384 secundum
431 2352 557 2392 pocula
588 2352 624 2381 et
647 2352 852 2380 mereantur.
899 2348 943 2378 ln
974 2346 1043 2378 hoe
1073 2347 1194 2378 inesse
1219 2349 1411 2378 merc-antur
1437 2348 1542 2377 acute
1568 2345 1756 2388 perspexit

235 2397 412 2436 Kritzius,
439 2399 494 2428 set
519 2393 614 2437 quod
638 2393 735 2425 idem
758 2393 936 2425 seeundum
962 2391 1123 2433 explieat
1143 2395 1297 2432 praeter,
1325 2391 1360 2422 ei
1385 2389 1475 2422 illud
1499 2390 1633 2430 obstat,
1660 2389 1756 2432 quod

234 2443 331 2474 hunc
363 2441 483 2474 locum
515 2439 662 2472 Servius
693 2437 827 2470 adtulit
859 2447 927 2479 quo
959 2438 1047 2468 inter
1076 2447 1215 2468 munera
1245 2437 1382 2468 deorum
1412 2436 1511 2467 etiam
1534 2436 1658 2476 pocula
1680 2444 1755 2467 esse

236 2487 520 2524 demonstraret,
548 2484 644 2516 unde
669 2482 915 2515 manufestum
940 2485 1006 2522 est,
1035 2482 1107 2513 deis
1130 2485 1270 2513 sacrata
1294 2483 1514 2512 instrumenta
1537 2479 1618 2512 loco
1644 2479 1755 2522 adpo·

236 2531 382 2565 sitionis
409 2531 455 2563 ad
478 2538 697 2573 praegressa
721 2528 840 2560 relata
866 2526 989 2558 fuisse.
1033 2526 1122 2558 Cum
1140 2526 1288 2567 gravius
1305 2525 1426 2557 locum
1444 2527 1657 2566 conruptum
1675 2533 1755 2556 esse

237 2578 445 2620 adpareret,
471 2585 544 2607 non
568 2573 838 2607 verecundatus
857 2581 933 2604 sum
960 2571 1137 2603 audacius
1155 2571 1191 2602 id
1209 2570 1415 2610 restituere,
1443 2569 1536 2611 quod
1553 2569 1608 2601 rei
1624 2571 1756 2602 natura

236 2632 387 2665 poscere
412 2620 619 2653 videbatur.
670 2619 749 2659 Quo
780 2618 861 2650 loco
887 2615 1082 2648 Sallustius
1114 2615 1296 2647 nefariam
1326 2614 1429 2646 illam
1458 2613 1757 2646 inverecundiam

236 2666 509 2711 perstrinxerit,
538 2665 672 2697 frustra
693 2663 893 2705 quaeritur.

352 2745 403 2785 89
433 2744 512 2797 [Kr.
540 2748 595 2781 57.
627 2745 666 2781 G.
690 2741 765 2794 54].
815 2740 913 2780 Nam
940 2739 1027 2779 talia
1053 2739 1219 2790 inc-epta,
1244 2738 1284 2777 ni
1314 2739 1352 2776 in
1374 2736 1638 2782 consultorem
1667 2747 1756 2775 vor-

238 2815 384 2858 iissent,
415 2813 474 2851 rei
503 2810 683 2863 publicae
712 2813 861 2860 pestem
890 2808 1052 2847 factura.

350 2885 473 2917 Verba
501 2894 594 2926 quae
620 2885 794 2925 conrupte
822 2892 880 2924 ap.
905 2881 999 2913 Don.
1027 2879 1073 2912 ad
1096 2879 1205 2921 Verg.
1230 2878 1273 2910 A.
1299 2878 1317 2910 1
1342 2877 1384 2910 37
1411 2879 1448 2909 et
1470 2876 1522 2909 IV
1538 2874 1605 2909 316
1628 2875 1755 2918 legun-

239 2934 315 2969 tur,
347 2929 530 2973 probabili
562 2929 776 2961 coniectura
807 2924 1172 2969 emendavitLinlger
1189 2923 1233 2956 de
1257 2923 1376 2966 praef.
1396 2922 1474 2954 urb.
1500 2932 1535 2964 p.
1553 2920 1616 2962 21,
1645 2920 1755 2953 nimis
