1826 3282
206 216 284 256 102
604 225 906 252 msronlAnvM
937 225 1022 251 ΜΒ.
1050 225 1093 252 1v
1121 217 1296 254 25—29.

204 341 240 372 p.
266 329 350 360 454:
377 329 533 359 Pelorum
553 326 818 367 promunturium
843 324 980 357 Siciliae
1004 325 1192 366 respiciens
1217 326 1426 368 Aquilonem,
1452 325 1630 358 secundum
1654 324 1730 374 Sal-

205 377 334 406 Iastium
365 373 485 404 dictum
517 381 538 402 a
565 370 794 412 gubernatore
820 370 1026 402 Hannibalis
1058 371 1126 402 illic
1147 373 1293 412 sepulto.
1340 371 1398 403 De
1422 381 1462 403 re
1487 370 1555 402 cfr.
1581 369 1667 402 Mel.
1693 370 1730 402 11

206 420 239 458 7,
269 418 319 449 15.
353 416 434 448 Val.
461 416 559 449 Max.
585 415 635 446 IX
659 414 692 455 8,
722 414 751 446 l.
790 415 920 447 Strabo
944 416 961 447 I
986 426 1021 457 p.
1049 414 1102 455 12,
1128 414 1170 446 21
1197 418 1234 447 et
1256 415 1314 447 111
1337 426 1371 458 p.
1398 415 1477 456 232,
1502 415 1547 447 24
1570 415 1682 448 Mein.

322 506 407 544 ᾖ*25
439 505 517 558 [Kr.
543 510 599 543 57.
632 507 670 543 G.
693 504 770 557 35].
817 505 865 543 Μ.
891 504 1037 545 Lollius
1057 506 1288 551 Palicanus,
1310 505 1447 545 immin
1467 505 1555 544 1000
1578 486 1729 567 patens.

208 573 350 624 loquax
379 574 503 623 magis
532 585 648 624 quam
683 572 886 612 facundus.

322 651 446 692 Quint.
474 652 497 683 i.
526 663 557 684 0.
584 652 635 683 IV
659 652 691 692 2,
719 651 757 682 2:
791 652 891 684 Haec
914 656 965 684 est
990 655 1157 685 narratio.
1190 669 1232 674 -—
1258 670 1302 674 —-
1335 652 1409 684 Non
1442 655 1527 684 enim
1550 654 1654 684 solam
1677 663 1731 685 vo-

210 699 280 729 lunt
304 707 377 728 esse
401 698 490 729 illam
514 699 648 738 neqotii,
676 697 717 729 de
744 707 806 740 quo
833 699 925 739 apud
947 698 1075 730 iudices
1100 699 1284 740 quaeritur,
1311 698 1559 739 expositionem
1578 698 1642 730 sed
1653 707 1733 739 per·-

208 752 324 779 sonae,
350 746 385 773 ut
409 742 457 774 M.
485 742 624 774 Lollius
650 760 692 763 —
718 742 911 774 facundus.
963 742 1056 774 Gell.
1082 743 1125 774 N.
1145 743 1186 774 A.
1205 743 1222 774 Ι
1244 742 1293 782 15,
1316 742 1373 774 12:
1399 742 1580 783 Eupolidis
1605 753 1734 785 quoque

208 797 323 819 versus
340 788 382 818 de
400 788 438 819 id
449 797 554 829 ,oenus
570 787 751 819 hominibus
768 788 1054 829 consignatissime
1068 788 1183 828 factus
1200 791 1272 819 est:
1296 787 1426 820 λαλεῖν
1445 784 1617 830 ἄριστος,
1641 780 1735 820 (ἰδυ-

211 826 423 869 νατώτατος
455 828 599 874 λέγειν,
633 833 723 874 quod
747 831 925 864 Sallustius
957 837 1074 864 noster
1105 833 1231 864 imitari
1251 835 1364 864 volens
1389 832 1574 865 adscribit:
1604 832 1736 874 loquax

210 878 317 920 inquit
342 877 460 919 magis
486 887 592 919 quam
620 877 811 909 facundus.
864 877 952 909 Cum
978 878 1025 908 M.
1052 877 1211 909 Lollium
1236 877 1451 909 Palicanum
1478 880 1622 909 constet
1640 887 1672 909 a.
1693 876 1735 909 71

210 922 293 954 trib.
320 922 442 964 plebei
468 922 640 964 Pompeio
666 923 704 953 in
730 922 899 954 contione
928 922 972 954 ad
989 922 1160 964 populum
1179 922 1327 954 dicendi
1352 926 1575 964 potestatem
1600 922 1736 954 fecisse

213 966 376 1008 (praeter
402 978 463 999 eos
491 978 579 1008 quos
604 967 677 999 iam
702 967 865 999 Kritzius
890 966 1069 1005 laudavit,
1101 967 1242 1009 Zumpt.
1272 968 1317 999 ad
1343 967 1421 999 Cic.
1448 968 1486 999 in
1510 967 1612 999 Verr.
1638 967 1656 999 I
1679 966 1735 1006 47,

215 1010 280 1043 122
305 1023 339 1053 p.
366 1011 451 1051 ‘204;
478 1012 629 1043 Ellendt
654 1012 700 1044 ad
726 1011 802 1043 Cic.
828 1012 929 1043 Brut.
956 1010 1018 1051 62,
1044 1011 1110 1044 223
1135 1023 1169 1054 p.
1197 1011 1281 1052 402,
1308 1013 1508 1044 Drumann.
1536 1012 1587 1044 IV
1610 1023 1645 1054 p.
1671 1011 1738 1045 382

213 1060 249 1088 et
274 1055 357 1094 386,
385 1056 440 1097 78,
468 1057 535 1089 cfr.
562 1057 725 1089 Momms.
753 1057 799 1088 H.
827 1057 869 1088 R.
896 1057 952 1089 ΙΙΙ
977 1068 1010 1099 p.
1036 1056 1078 1089 91
1107 1056 1230 1098 extr.),
1257 1058 1316 1089 cui
1341 1057 1434 1089 libro
1459 1057 1528 1089 hoc
1553 1057 1737 1100 fragmen-

212 1106 287 1133 tum
314 1102 579 1144 adsignandum
606 1106 642 1134 et
660 1102 705 1134 ad
733 1112 839 1143 quam
865 1113 940 1134 rem
965 1102 1196 1134 referundum
1215 1102 1275 1142 sit,
1303 1102 1449 1134 dubium
1474 1113 1545 1134 non
1572 1106 1644 1143 θεὶς
1669 1102 1738 1134 nee

213 1157 299 1178 vero
325 1147 538 1223 negggverim
562 1147 660 1179 inter
685 1157 729 1179 ea
755 1157 848 1188 quae
875 1151 1048 1179 secuntur
1065 1147 1275 1189 fragmenta
1293 1147 1411 1179 locum
1428 1147 1614 1179 habuisse.
1656 1147 1738 1179 Vid.

213 1192 257 1223 fr.
283 1192 355 1223 ine.
429 1215 437 1223 .

329 1270 382 1310 26
416 1270 494 1322 [Kr.
519 1275 574 1308 59.
597 1273 635 1308 G.
658 1269 733 1323 30].
787 1269 859 1315 Qui
886 1271 1043 1321 quidem
1065 1282 1150 1309 mos
1171 1275 1213 1310 ut
1237 1271 1345 1310 tabes
1366 1272 1404 1310 in
1431 1271 1569 1310 urbem
1591 1271 1738 1311 coierit.

328 1350 429 1380 Fest.
456 1360 490 1391 p.
517 1348 584 1381 273
609 1349 775 1381 Lindem.
816 1349 845 1381 T
844 1350 937 1381 abent
969 1360 1040 1381 eant
1073 1360 1158 1392 quae
1180 1350 1316 1390 faceret
1339 1350 1515 1382 tabescere
1541 1351 1634 1392 apud
1656 1354 1741 1382 anti—

214 1404 297 1436 quos
322 1398 528 1435 usurpatum.
578 1394 758 1426 Sallustius
783 1404 912 1437 quoque
933 1395 1151 1437 frequenter,
1177 1399 1213 1426 ut
1236 1395 1269 1426 in
1298 1395 1442 1427 Catilina
1465 1413 1508 1418 —
1534 1413 1589 1427 —.
1636 1395 1685 1427 Et
1707 1396 1742 1427 in

213 1439 269 1470 lib.
287 1439 337 1470 IV
353 1439 590 1471 historiarum:
617 1440 677 1481 qui
694 1457 737 1461 —
756 1440 896 1471 coierit.
936 1440 1043 1479 Quae
1062 1440 1176 1471 verba
1195 1440 1361 1481 quamvis
1379 1440 1472 1472 mira
1497 1441 1589 1480 sint,
1615 1443 1741 1473 tamen

216 1484 471 1516 emendatione
504 1483 672 1525 (Carrim
705 1483 895 1525 coniectus)
930 1485 1183 1516 abstinendum
1208 1485 1373 1525 videtur,
1408 1495 1489 1516 eum
1520 1495 1639 1527 neque
1672 1496 1741 1527 quo

215 1539 380 1560 connexu
405 1529 504 1560 dieta
531 1529 667 1561 fuerint
692 1529 842 1571 adsequi
867 1530 1058 1572 possimus,
1087 1533 1123 1561 et
1147 1533 1248 1561 recte
1274 1529 1304 1561 is
1324 1540 1400 1562 mos
1425 1530 1463 1561 in
1490 1531 1618 1562 urbem
1643 1531 1740 1563 coire

215 1573 378 1612 dicatur,
415 1573 475 1615 qui
507 1584 551 1605 ex
575 1574 778 1616 provinciis
804 1575 930 1606 urbem
948 1575 1127 1607 invaserit
1151 1575 1189 1605 in
1208 1585 1324 1616 eaque
1344 1575 1448 1616 quasi
1465 1575 1589 1607 sedem
1606 1575 1740 1607 fixerit.

215 1618 318 1658 Quae
354 1619 384 1650 si
416 1629 504 1651 vera
536 1624 636 1658 sunt,
670 1620 786 1651 verba
815 1619 881 1651 illa
914 1620 958 1651 de
991 1619 1199 1651 tribuniciis
1229 1620 1345 1651 turbis
1380 1620 1480 1652 dieta
1513 1620 1628 1652 fuisse
1659 1620 1738 1653 veri

214 1673 360 1705 prorsus
385 1663 560 1695 dissimile
586 1667 652 1703 est,
679 1668 735 1696 set
759 1667 859 1696 reete
880 1667 1032 1707 potuere
1050 1664 1125 1696 diei
1149 1664 1193 1696 de
1211 1675 1309 1696 more
1337 1665 1636 1706 expoliandarum
1659 1676 1740 1708 pro-

214 1708 431 1748 vinciarum,
461 1709 519 1750 qui
546 1709 690 1750 quidem
714 1709 768 1741 ita
793 1710 830 1741 in
855 1709 981 1741 urbem
999 1709 1096 1749 coiit,
1125 1719 1204 1740 eum
1228 1709 1369 1742 iudices
1386 1712 1575 1742 senatores
1599 1713 1741 1752 partem

214 1753 452 1795 pecuniarum
477 1757 684 1795 ereptarum
701 1754 771 1786 sibi
789 1755 978 1786 vindicare
997 1754 1197 1794 studerent,
1223 1757 1263 1785 ut
1280 1755 1503 1787 consuetudo
1528 1755 1742 1787 iniustorum

217 1798 433 1829 iudiciorum
460 1809 503 1830 ex
527 1799 726 1840 provinciis
753 1800 856 1840 quasi
881 1799 988 1831 tabes
1013 1799 1126 1831 etiam
1150 1799 1277 1831 urbem
1301 1800 1457 1832 intraret
1482 1800 1659 1841 (Momms.
1685 1800 1743 1832 ΠΙ

215 1853 250 1884 p.
266 1841 336 1883 86).
369 1842 459 1874 Cum
477 1847 600 1875 autem
616 1844 665 1875 M.
685 1844 841 1876 Lollium
859 1844 1075 1876 Palicanum
1094 1847 1238 1876 constet
1262 1845 1299 1876 in
1318 1844 1459 1876 Sthenii
1477 1845 1593 1877 Siculi
1610 1855 1742 1878 caussa

216 1887 259 1919 de
284 1887 342 1919 his
373 1887 517 1920 iniuriis
551 1889 597 1920 ad
627 1888 773 1930 plebem
800 1889 935 1921 dixisse
969 1888 1070 1930 (Cic.
1095 1889 1133 1920 in
1157 1890 1261 1921 Verr.
1288 1890 1325 1920 ΙΙ
1349 1889 1410 1929 41,
1441 1889 1515 1921 100.
1557 1890 1683 1922 Drum.
1712 1890 1743 1922 V

215 1943 263 2008 p21
277 1931 354 1972 386,
382 1931 451 1974 78),
478 1933 726 1976 fragmentum
750 1934 840 1965 illud
865 1934 953 1965 mihi
978 1944 1050 1966 non
1075 1933 1154 1965 sine
1173 1934 1271 1966 omni
1289 1933 1366 1966 veri
1383 1934 1508 1976 specie
1526 1945 1741 1977 praegresso

218 1987 239 2008 a
267 1977 427 2009 iunxisse
453 1978 589 2010 videor.

332 2054 384 2094 27
419 2056 498 2108 [Kr.
521 2061 578 2095 60.
613 2059 651 2094 G.
677 2056 852 2115 31].··L.
882 2056 1069 2096 Hostilius
1095 2056 1304 2102 Dasianus,
1334 2058 1484 2108 inquies
1515 2059 1645 2098 animi.

329 2133 433 2165 Arus.
460 2145 493 2176 p.
520 2134 587 2166 242
612 2145 640 2166 s.
667 2146 700 2167 v.
734 2137 865 2177 inquies
890 2137 986 2167 itlius.
1038 2135 1127 2166 Cum
1154 2135 1231 2167 eod.
1260 2136 1327 2167 Gu.
1355 2136 1532 2169 Hostibus
1558 2136 1741 2177 exhibeat,

217 2177 353 2210 rectius
378 2178 524 2210 Ruhnk.
553 2178 599 2210 ad
623 2179 744 2212 Vellei
768 2180 804 2211 II
822 2178 876 2220 68,
897 2179 917 2212 3
935 2180 1020 2212 inde
1039 2180 1206 2212 Hostilius
1233 2180 1370 2221 effecit,
1397 2191 1505 2224 quam
1521 2182 1742 2222 Lindeman-

216 2229 283 2253 nus
309 2224 463 2255 Hostius.
521 2223 559 2255 Si
592 2227 712 2256 autem
744 2235 869 2256 verum
896 2228 967 2263 est,
1003 2225 1097 2266 quod
1121 2225 1282 2257 Kritzius
1308 2227 1532 2268 suspicatur,
1559 2227 1743 2260 hominem

215 2266 372 2299 illumin
391 2267 443 2299 eis
462 2267 586 2308 fuisse,
616 2269 675 2310 qui
699 2272 773 2301 tum
793 2269 963 2311 populum
990 2270 1292 2313 exagitavissent,
1320 2281 1383 2303 cur
1407 2271 1475 2304 hoe
1498 2271 1743 2314 fragmentum

218 2314 303 2344 ante
330 2322 386 2352 ea,
414 2322 507 2354 quae
534 2317 719 2354 secuntur,
745 2315 947 2356 posuerim,
975 2315 1088 2347 facile
1113 2315 1364 2358 intellegetur.
1557 2335 1591 2351 s.

331 2390 384 2430 28
418 2391 497 2443 [Kr.
522 2396 577 2428 52.
619 2394 657 2430 G.
683 2391 761 2444 26].
817 2393 1042 2432 Exercitum
1079 2394 1241 2439 dimisit,
1279 2398 1322 2434 ut
1350 2396 1521 2446 primum
1552 2396 1658 2447 Alpis
1686 2397 1742 2436 di-

218 2470 377 2508 gressus
401 2462 474 2496 est.

331 2537 435 2568 Arus.
453 2548 496 2579 p.
523 2536 590 2569 223
615 2547 643 2569 s.
669 2548 703 2570 v.
731 2539 908 2578 (tior-edim
934 2541 1020 2571 illum
1044 2542 1159 2572 locum.
1201 2540 1306 2572 Haec
1333 2540 1377 2572 de
1404 2541 1476 2573 alio
1502 2551 1610 2583 quam
1635 2541 1680 2574 de
1696 2542 1742 2582 Q.

218 2581 450 2658 getfiuolfiio
468 2580 568 2667 digsst
587 2592 666 2614 esse
685 2592 756 2614 non
773 2593 892 2624 posse,
919 2584 1127 2616 iamdudum
1145 2584 1373 2617 intellectum
1392 2588 1448 2617 est
1473 2586 1559 2627 (vid.
1579 2587 1744 2619 Momms.

259 2650 266 2657 .
328 2650 335 2658 .
441 2637 475 2669 p.
564 2650 572 2658 .

334 2703 422 2743 29
455 2704 533 2757 [Kr.
557 2710 612 2743 53.
652 2707 690 2743 G.
716 2704 792 2758 27].
850 2707 1098 2756 [Pompeius]
1137 2707 1183 2746 de
1218 2708 1325 2746 victis
1364 2708 1545 2759 Hisponis
1586 2714 1745 2761 tropaea

221 2771 258 2808 in
286 2771 476 2823 Pyrenaei
506 2773 606 2822 iugis
636 2773 846 2811 constituit.

334 2850 434 2881 Serv.
463 2850 508 2882 ad
532 2851 640 2893 Verg.
668 2850 709 2882 A.
736 2851 788 2896 XI
813 2850 851 2883 6:
878 2853 1048 2884 constituit
1073 2855 1106 2884 in
1131 2856 1271 2889 hermulo:
1303 2857 1338 2885 in
1362 2856 1466 2886 colle:
1499 2848 1748 2897 quia-tropaea

220 2903 283 2924 non
304 2894 496 2934 figebantur
520 2899 587 2926 nisi
608 2898 641 2927 in
666 2897 938 2929 eminentioribus
963 2900 1054 2930 locis.
1104 2896 1284 2930 Sallustius
1309 2900 1350 2931 de
1376 2898 1559 2941 Pompeio:
1591 2900 1746 2933 devietis
