1812 3268
803 252 936 278 rnnnx
1549 235 1631 276 357

147 363 256 388 scena.
286 354 365 386 —is
384 353 431 385 ad
448 352 733 385 ostentationem
751 351 967 383 histrionum
986 350 1183 382 fabricatis
1202 350 1236 381 H
1253 350 1288 382 11
1304 348 1360 389 23,
1377 348 1409 380 2.

148 399 294 431 scientia
312 398 470 430 militiae
489 407 623 440 magna
640 398 663 429 J
681 395 736 437 63,
755 396 786 427 2.

148 445 290 476 scilicet.
326 461 361 466 —
389 444 546 475 insontis
563 442 673 474 sicuti
691 441 805 474 sontis
824 458 864 462 —
884 440 1070 483 iugulare:
1095 451 1146 473 sc.
1171 450 1216 472 ne
1234 451 1300 482 per
1317 439 1429 471 otium
1445 441 1630 481 torpesce-

103 493 185 522 rent
209 499 337 521 manus
361 491 425 520 aut
452 488 609 526 animus,
636 487 798 529 gratuito
815 485 936 528 potius
956 503 992 508 ·—
1015 485 1174 518 crudelis
1199 488 1279 517 erat
1297 484 1324 517 C
1346 483 1402 521 16,
1420 482 1453 517 3.
1486 484 1558 516 Pro
1576 487 1632 515 set

101 536 291 567 restitutum
309 533 336 566 C
354 533 395 565 51
409 559 416 573 ,
436 533 479 564 27
503 534 569 565 vid.
593 532 703 564 Conm.
718 543 754 572 p.
773 529 818 563 66
832 541 909 573 sqq.
944 541 989 563 ne
1008 549 1050 553 —
1068 531 1106 562 in
1129 531 1316 562 miseriam
1335 531 1538 562 convertet.
1572 528 1630 561 Sc.

102 589 161 611 res
178 579 261 622 ipsa
280 589 414 621 aspera
432 581 497 617 est,
519 581 576 609 set
593 587 657 609 vos
675 587 745 609 non
763 576 901 608 timetis
920 586 999 607 eam
1019 576 1046 607 C
1064 575 1127 616 52,
1147 574 1200 607 28.
1243 576 1299 607 An
1322 575 1376 606 uti
1394 584 1458 607 vos
1475 573 1630 606 infestos

104 642 145 647 —
166 625 333 656 faceret?
358 624 415 655 Sc.
433 633 537 665 quem
555 632 614 654 res
630 625 736 653 tanta
751 639 797 644 —
813 631 884 652 non
901 622 1091 663 permovit,
1111 631 1191 653 eum
1207 621 1323 652 oratio
1337 618 1519 654 adcendet
1533 618 1560 650 C
1573 617 1630 657 51,

105 669 146 700 10
163 671 249 701 conl.
270 668 304 700 H
320 669 338 700 Ι
354 667 414 708 41,
434 667 489 699 21.
532 667 659 699 solitos
684 667 738 699 ita
763 666 884 698 dicere
906 684 952 706 -Ι
964 667 1035 698 sibi
1053 666 1212 698 animum
1229 683 1275 690 -—
1291 664 1462 697 adcendi:
1489 674 1541 696 sc.
1559 674 1631 695 non

102 725 226 746 ceram
243 713 345 745 illam
367 730 403 735 —
425 715 567 745 tantam
584 712 658 744 vim
675 712 712 743 in
730 722 812 744 sese
831 711 979 751 habere,
999 715 1055 743 set
1075 729 1111 733 —-
1131 711 1155 743 J
1171 711 1204 751 4,
1222 709 1255 743 6.
1297 710 1402 750 Quod
1420 727 1460 731 —-
1479 709 1550 740 sibi
1568 709 1629 740 ad-

100 761 245 801 rogant,
264 758 301 789 id
319 757 410 790 mihi
426 774 470 779 —
486 767 559 789 non
577 757 801 789 concedunt:
821 766 871 788 sc.
892 757 978 798 quia
996 757 1178 798 imagines
1196 766 1268 788 non
1288 755 1408 789 habeo
1429 752 1563 794 —J85,
1575 753 1629 785 25.

103 804 138 836 C.
162 805 251 836 iron.
272 803 306 834 H
323 803 340 835 I
357 802 420 842 41,
443 802 494 833 17.
537 803 594 834 sin
613 812 657 834 ea
676 802 896 841 contemnit,
923 811 974 833 sc.
1003 800 1274 833 existumabitis
1292 819 1334 823 —
1349 800 1374 833 J
1391 798 1453 839 31,
1476 797 1527 831 19.
1569 799 1632 830 ubi

99 849 166 881 illa
184 848 339 881 formido
358 866 399 870 —
418 847 598 886 decessit,
624 857 676 879 se.
703 857 748 879 ea
773 857 866 888 quae
892 847 1078 878 secundae
1103 856 1162 878 res
1189 849 1314 878 amant
1338 863 1379 868 --
1404 845 1591 876 incessere
1608 844 1632 876 J

99 893 160 933 41,
177 893 209 926 3.
247 896 416 935 reputate
436 911 476 915 —
498 893 529 924 si
556 902 662 934 quem
689 902 731 923 ex
756 891 820 923 illo
845 890 954 934 globo
978 892 1153 931 mittatis,
1180 901 1230 923 sc.
1252 894 1292 922 ut
1305 891 1457 933 ignarus
1475 889 1633 921 omnium

99 939 262 980 trepidet
280 939 300 969 J
321 936 377 976 85,
400 936 440 969 10
457 939 543 969 conl.
564 938 599 968 H
615 938 632 968 Ι
649 936 703 970 30.
745 937 818 968 nisi
836 936 929 968 forte
947 953 992 958 -—-
1009 936 1167 978 profecti
1184 940 1285 975 suut,
1305 935 1457 977 egregia
1474 944 1524 966 sc.
1542 944 1634 965 mer-

101 984 190 1015 cede
209 984 243 1015 H
260 983 277 1015 1
294 982 348 1019 41,
368 981 423 1014 23.
466 981 577 1024 pauci
595 982 754 1014 ferocius
779 981 1001 1021 decernunt,
1028 992 1080 1013 sc.
1106 981 1227 1022 ignari
1250 981 1490 1013 humanarum
1514 989 1634 1011 rerum

99 1029 124 1061 J
144 1027 220 1068 104,
239 1028 272 1059 2.
314 1028 479 1060 Fortuna
503 1027 676 1069 pleraque
695 1027 810 1068 regit,
836 1026 894 1057 cui
918 1037 969 1058 sc.
996 1026 1138 1068 placuit
1163 1025 1219 1066 (al.
1237 1024 1438 1068 placuisse)
1456 1025 1480 1056 J
1502 1023 1582 1064 102,
1599 1022 1632 1056 9.

99 1074 202 1115 Susp.
220 1074 244 1106 J
264 1071 339 1111 113,
359 1072 390 1105 3.
432 1073 480 1104 At
498 1072 646 1104 scilicet
664 1082 726 1104 eos
746 1089 785 1094 —
806 1072 965 1113 gratiam
985 1072 1031 1103 ab
1051 1082 1093 1113 eo
1111 1071 1299 1113 peperisse
1317 1070 1352 1102 H
1369 1070 1387 1102 I
1404 1069 1459 1110 48,
1478 1069 1512 1102 5.

145 1118 271 1150 scindo.
302 1117 417 1150 Italia
437 1135 472 1139 —
495 1117 673 1149 scinditur
689 1117 727 1148 in
744 1116 814 1148 duo
831 1117 1128 1159 promunturiaH
1144 1117 1194 1148 IV
1214 1115 1266 1148 18.
1301 1115 1458 1148 medium
1476 1114 1636 1156 spatium

99 1181 144 1186 —
160 1174 227 1205 per
245 1163 454 1205 angustiam
473 1162 627 1194 scissum
646 1163 680 1193 H
698 1162 748 1193 IV
766 1161 820 1194 20.

145 1209 224 1241 scio.
256 1218 294 1240 se
321 1207 411 1239 nihil
438 1207 595 1249 amplius
621 1207 715 1238 scire
743 1217 851 1248 quam
875 1205 1020 1248 legatos
1045 1205 1072 1238 C
1095 1206 1159 1246 47,
1183 1206 1210 1238 1.
1260 1206 1380 1238 iussus
1406 1215 1500 1247 quae
1525 1204 1637 1236 sciret

102 1253 249 1285 edicere
268 1252 295 1284 C
314 1252 375 1292 48,
395 1253 436 1286 4.,
470 1253 500 1283 si
526 1252 611 1294 quid
629 1270 670 1274 —
690 1251 897 1295 deliquere,
925 1252 1036 1293 pauci
1060 1251 1182 1283 sciunt
1200 1250 1227 1283 C
1245 1250 1285 1282 51
1299 1275 1307 1290 ‚
1330 1250 1381 1282 12.
1424 1250 1501 1282 scio
1520 1249 1636 1281 fuisse

102 1298 296 1330 nonnullos
321 1298 348 1330 C
378 1297 435 1338 14,
463 1297 495 1328 7.
529 1296 592 1337 53,
611 1296 632 1329 3
656 1295 864 1337 (sciebam).
889 1297 913 1328 J
937 1296 998 1334 85,
1022 1296 1051 1328 l.
1085 1297 1120 1328 H
1138 1297 1187 1328 IV
1203 1294 1265 1334 61,
1287 1294 1338 1328 16.
1381 1298 1481 1327 certo
1505 1295 1584 1326 scio
1609 1293 1636 1326 C

101 1343 158 1383 51,
179 1342 228 1375 16.
254 1343 279 1374 J
295 1342 327 1382 9,
343 1343 375 1374 2.
407 1353 460 1384 sq.
479 1342 623 1374 membro
636 1343 735 1382 finito
753 1352 846 1382 susp.
866 1341 899 1372 H
917 1341 971 1373 111
986 1340 1047 1373 31:
1067 1351 1139 1373 non
1156 1344 1195 1372 tu
1210 1341 1284 1372 scis
1302 1358 1354 1372 -.
1389 1340 1504 1378 scitis,
1524 1349 1636 1381 quan-

101 1393 177 1420 tam
203 1387 347 1420 cladem
365 1405 406 1410 ·-
427 1387 603 1419 adtulerit
621 1386 648 1418 C
667 1385 728 1423 58,
748 1386 769 1417 4
794 1388 881 1417 conl.
898 1386 922 1417 J
945 1385 1023 1426 102,
1046 1385 1098 1417 11.
1142 1397 1211 1428 ego
1236 1386 1332 1424 scio,
1359 1385 1420 1426 qui
1445 1403 1486 1406 —
1510 1384 1637 1426 legere

102 1433 292 1510 mepgrgsst
307 1431 402 1509 1585,
425 1431 610 1509 1l2.97ni:}1il
634 1431 1011 1508 meljclilenltlcliirufjtra
1029 1431 1133 1508 vole}
1146 1429 1271 1508 371150,
1290 1431 1322 1461 4.
1342 1442 1387 1482 Ξ.
1409 1430 1521 1461 sciens
1537 1422 1652 1481 loco-⁷

102 1489 179 1510 rum
284 1503 292 1517 ‚
371 1488 434 1509 con
450 1501 458 1508 .
523 1502 531 1517 ,
576 1501 584 1508 .
631 1493 666 1498 —
722 1487 741 1508 e
775 1487 785 1507 1
957 1501 964 1507 .
991 1486 1048 1508 sus
1078 1501 1085 1508 .
1202 1501 1209 1516 ,
1253 1501 1261 1508 .
1303 1485 1342 1507 re
1371 1484 1493 1506 1onum
1515 1484 1637 1506 scien-

103 1523 246 1555 tissumi
261 1523 285 1555 J
307 1521 380 1562 100,
399 1521 430 1554 3.
1048 1487 1073 1518 p
1346 1486 1369 1517 g

147 1568 278 1600 scirrus
297 1567 354 1608 (al.
374 1565 538 1608 Scyrtus)
558 1567 593 1598 H
609 1567 626 1598 I
643 1565 700 1607 41,
718 1565 772 1598 21,

136 1605 242 1645 “scite.
274 1623 401 1655 parum
421 1622 472 1643 sc.
492 1612 699 1643 convivium
718 1621 855 1643 exorno
873 1610 896 1643 J
913 1609 968 1651 85,
989 1610 1046 1643 39.

149 1659 290 1697 scorpio.
323 1657 521 1699 epistulam
538 1674 581 1678 ——
601 1657 794 1698 scorpione
812 1656 849 1687 iu
870 1659 993 1688 castra
1012 1656 1143 1688 misere
1163 1656 1197 1687 H
1216 1656 1269 1687 111
1286 1654 1340 1687 36.

150 1705 297 1734 scortum
315 1702 342 1733 C
361 1702 394 1741 7,
414 1702 445 1733 4.
476 1701 528 1741 14,
548 1700 580 1734 6.

149 1748 262 1779 scriba
292 1746 482 1779 Cornelius
511 1747 545 1777 H
576 1746 592 1777 I
617 1745 680 1784 41,
712 1744 763 1776 17.
812 1755 880 1777 scr.
916 1745 1054 1778 Sertori
1083 1746 1235 1777 Versius
1263 1763 1307 1767 ——
1336 1755 1405 1777 scr.
1437 1745 1639 1777 Maecenas

149 1839 262 1870 scribo
286 1837 506 1879 (scribserat
523 1847 594 1868 var.
617 1846 686 1867 scr.
705 1835 728 1867 J
745 1834 805 1874 65,
831 1834 872 1876 1).
916 1835 1027 1867 Plura
1053 1846 1135 1867 cum
1160 1835 1322 1867 scribere
1347 1834 1481 1867 vellem
1498 1834 1526 1866 C
1544 1833 1598 1873 35,
1618 1834 1639 1866 5

105 1886 190 1916 conl.
208 1883 232 1915 J
248 1882 310 1923 24,
330 1883 362 1914 4.
405 1882 500 1913 haec
525 1891 620 1923 quae
648 1881 779 1922 scripsi
803 1880 826 1911 J
850 1880 906 1918 24,
925 1879 957 1912 9.
999 1881 1054 1912 uti
1071 1881 1223 1912 Romam
1242 1880 1289 1911 ad
1307 1890 1391 1912 suos
1405 1880 1640 1911 necessarios

107 1938 237 1971 aspere
255 1928 293 1959 in
306 1927 496 1959 Metellum
515 1927 558 1958 de
578 1925 679 1957 bello
698 1924 1041 1965 scriberentJ65‚4.
1074 1925 1193 1957 fessus
1211 1925 1406 1957 scribendo
1425 1925 1640 1966 mittundoq.

105 1973 249 2016 legatos
267 1973 302 2004 H
319 1973 354 2004 II
369 1971 424 2012 96,
438 1972 470 2003 2.
505 1971 668 2010 litterae,
690 1971 726 2001 in
745 1971 875 2012 quibus
893 1971 1070 2012 scriptum
1088 1973 1169 2002 erat
1186 1969 1418 2002 G.Manlium
1438 1987 1475 1991 —
1497 1969 1640 2011 cepisse

107 2018 135 2050 C
153 2017 207 2058 30,
230 2018 258 2049 1.
303 2028 426 2049 earum
453 2016 659 2058 exemplum
683 2015 782 2047 infra
807 2016 982 2057 scriptum
1009 2019 1066 2048 est
1091 2015 1118 2046 C
1145 2014 1205 2055 34,
1225 2014 1256 2048 3.
1283 2015 1344 2054 44,
1364 2015 1396 2046 5.
1439 2014 1641 2055 orationem

107 2064 282 2106 scriptam
307 2062 420 2094 edidit
445 2062 471 2093 C
497 2061 556 2101 31,
577 2061 608 2093 6.
652 2061 713 2103 qui
740 2061 842 2092 facta
869 2060 1021 2092 aliorum
1045 2061 1229 2102 scripsere
1255 2059 1282 2091 C
1306 2059 1327 2092 3
1347 2059 1398 2101 ,1.
1441 2065 1499 2093 res
1517 2063 1642 2102 gestas

107 2109 270 2141 scribere
289 2107 316 2140 O
335 2107 366 2147 3,
386 2107 418 2138 2.
461 2106 598 2139 bellum
617 2106 820 2148 scripturus
838 2116 915 2138 sum
933 2106 956 2137 J
974 2105 1005 2145 5,
1030 2105 1057 2138 1.
1084 2107 1148 2139 inc.
1167 2105 1202 2137 H
1220 2105 1237 2136 I
1253 2105 1286 2137 4.
1330 2115 1436 2146 quem
1453 2105 1501 2136 M.
1527 2108 1651 2136 testa-·

109 2157 231 2186 mento
249 2152 448 2185 secundum
466 2152 637 2184 heredem
657 2151 863 2193 scripserat
880 2149 975 2191 J765,
999 2150 1028 2182 1.
1070 2150 1206 2182 milites
1224 2150 1388 2182 scribere
1405 2150 1429 2182 J
1446 2149 1508 2189 43,
1528 2149 1560 2182 3.
1587 2148 1642 2186 84,

109 2199 141 2231 5.
167 2197 228 2238 86,
247 2198 280 2229 2.
329 2197 509 2230 exercitui
533 2196 828 2238 subplementum
852 2196 876 2228 J
899 2194 959 2233 39,
984 2196 1017 2227 2.
1068 2195 1252 2228 exercitus
1282 2194 1456 2228 scribitur
1476 2195 1500 2227 J
1527 2195 1590 2234 27,
1609 2195 1642 2226 5.

109 2244 209 2286 prius
227 2254 334 2286 quam
352 2242 519 2284 legiones
536 2241 787 2274 scriberentur
806 2240 833 2272 C
851 2240 906 2279 32,
929 2241 957 2272 1.

120 2328 122 2330 Υ
154 2289 330 2320 Scribonii.
366 2287 409 2320 G.
429 2287 641 2319 Scribonius
660 2285 769 2318 Curio
790 2286 825 2318 H
841 2286 858 2318 I
875 2286 928 2319 52.
954 2286 990 2318 ΙΙ
1008 2285 1063 2319 33.
1089 2286 1143 2318 III
1159 2284 1193 2317 8.
1220 2284 1275 2326 61,
1298 2283 1349 2317 10.
1375 2285 1426 2317 IV
1442 2283 1497 2318 68.

155 2334 315 2365 scrinium
333 2343 413 2364 cum
431 2331 567 2364 litteris
586 2331 613 2362 C
631 2330 687 2371 46,
707 2330 739 2363 6.

155 2379 301 2418 scriptor
319 2381 356 2410 et
373 2380 479 2409 actor
495 2387 614 2408 rerum
633 2375 660 2408 C
680 2375 712 2416 3,
731 2377 763 2409 2.
805 2376 1026 2419 scriptorum
1045 2387 1179 2419 magna
1197 2376 1347 2418 ingenia
1365 2375 1393 2407 C
1410 2374 1442 2415 8,
1463 2374 1494 2407 3.
1531 2393 1570 2397 —
1590 2375 1643 2406 in-

110 2423 212 2456 vidia
230 2423 264 2454 H
281 2423 297 2454 1
314 2422 370 2454 55.

157 2470 299 2499 scrutor.
331 2467 490 2499 scrutari
508 2466 637 2498 abdita
655 2466 738 2498 loca
754 2466 779 2498 J
799 2466 850 2506 12,
868 2466 900 2499 5.

157 2515 296 2544 sentum.
329 2523 470 2551 arcem,
497 2511 559 2543 ubi
578 2513 685 2554 signa
703 2515 741 2543 et
756 2515 863 2545 scuta
881 2514 990 2543 erant
1007 2511 1030 2543 J
1048 2510 1108 2550 67,
1134 2510 1161 2541 1.
1203 2513 1308 2541 scuta
1328 2528 1357 2531 >-
1386 2509 1582 2541 Numidica.
1601 2519 1646 2541 ex

113 2558 225 2590 coriis
242 2558 265 2589 J
282 2557 337 2596 94,
361 2557 388 2589 1.
430 2557 557 2599 inopia
575 2560 760 2589 scutorum
778 2557 812 2589 H
831 2557 880 2589 IV
902 2556 930 2589 1.

158 2603 273 2643 Scylla.
286 2603 320 2634 H
335 2603 385 2634 IV
402 2601 457 2634 21.

160 2649 305 2688 Scythae
322 2647 495 2680 nomades
512 2648 547 2679 H
563 2647 617 2679 III
634 2646 688 2679 51.
732 2647 912 2687 Scythicus
931 2655 1038 2678 arcus
1059 2645 1094 2675 H
1111 2645 1164 2675 111
1182 2644 1236 2675 44.

160 2693 288 2725 secedo.
319 2692 357 2724 in
381 2692 544 2724 abditam
568 2696 711 2734 partem
739 2692 885 2724 aedium
912 2690 1070 2722 secessit
1088 2689 1114 2720 C
1133 2687 1191 2729 20,
1217 2688 1243 2720 1.
1286 2688 1416 2730 plebes
1441 2698 1462 2720 a
1479 2688 1646 2730 patribus

117 2742 260 2770 armata
278 2738 434 2769 secessit
451 2737 479 2768 C
498 2737 552 2776 33,
573 2737 603 2770 3.
631 2738 665 2769 H
682 2738 736 2769 111
753 2736 808 2775 61,
831 2736 859 2767 1.
1249 2764 1257 2771 .

162 2783 316 2814 secessio.
347 2782 437 2814 nihil
454 2782 502 2823 vi,
517 2782 825 2814 nihilseeessione
843 2790 932 2822 opus
950 2777 1140 2818 estJ3l,6.
1172 2788 1237 2820 per
1250 2778 1500 2810 secessionem
1515 2779 1651 2811 armati

123 2828 341 2859 Aventinum
364 2837 594 2869 occupavere
611 2827 633 2858 J
652 2826 706 2865 31,
724 2826 772 2857 17.
807 2836 878 2856 nou
895 2834 996 2856 arma
1012 2833 1130 2865 neque
1148 2823 1396 2855 secessionem
1411 2823 1447 2854 H
1464 2823 1517 2855 III
1532 2821 1586 2862 61,
1602 2823 1651 2855 17.

165 2873 328 2903 secretus.
361 2871 501 2903 relicua
526 2882 606 2904 cum
631 2871 768 2902 Scauro
795 2873 941 2902 secreta
964 2868 1139 2910 transigit
1161 2868 1184 2900 J
1209 2866 1270 2906 29,
1289 2867 1322 2900 5.
1346 2880 1391 2895 =
1414 2867 1504 2911 ibiq.
1522 2870 1654 2900 secroto

128 2917 268 2948 monuit
284 2916 307 2948 J
325 2915 358 2955 8,
378 2915 411 2947 2.
