1826 3282
218 240 296 280 100
640 248 937 277 ms'roulAuvM
971 250 1054 278 ms.
1088 248 1131 278 ιν
1166 245 1323 280 19-21.

216 353 309 394 quod
340 351 440 382 nulla
473 353 745 381 conmemorata
778 350 981 391 scripturae
1013 350 1229 383 diversitate
1265 350 1361 392 apud
1386 351 1489 383 Iion.
1516 351 1667 393 legitur,
1699 351 1738 384 in

213 398 378 429 scinditur
403 395 683 426 conmutandum
708 395 936 436 putaverint,
970 405 1042 427 uon
1072 395 1248 446 percipio.
1304 394 1360 428 Ex
1394 396 1448 427 eis
1475 400 1614 448 autem,
1643 406 1737 439 quae

216 442 440 491 scripserunt
465 439 596 471 Strabo
622 440 652 470 V
677 451 711 481 p.
738 438 805 470 289
828 440 939 472 Mein.
973 434 1001 493 ἡ
1023 435 1135 491 λοιπῇ
1162 433 1201 473 δ’
1223 433 1365 473 ΜΙταλια
1390 436 1500 492 στενὴ
1525 440 1590 474 καὶ
1615 451 1739 493 παρα

215 481 351 539 μήκης,
377 480 714 539 κορυφουμένη
741 483 866 526 διχῶς,
891 484 937 538 τῇ
960 481 1031 534 μὲν
1054 481 1147 538 πρὸς
1172 479 1239 518 τὸν
1264 480 1466 518 Σικελικὸν
1490 481 1670 528 πορθμὸν
1692 484 1739 529 τῇ

216 526 258 562 δὲ
283 526 377 579 πρὸς
401 524 472 572 τὴν
492 521 701 583 Ἰαπυγίαν,
728 525 963 582 σφιγγομένη
991 523 1031 562 δ’
1039 524 1298 582 ἑκατέρωθεν
1323 530 1368 571 (i.
1397 541 1427 563 e.
1455 534 1588 563 coacta
1612 531 1651 563 in
1673 541 1736 563 an-

215 566 377 617 gustias)
409 585 453 616 τῃ
478 569 548 616 μὲν
572 569 648 606 υπὸ
672 573 740 606 τοῦ
763 569 907 616 Ἀδρίου
939 574 985 617 τῇ
1011 568 1049 607 δ’
1074 569 1150 607 ὑπὸ
1175 574 1243 607 τοῦ
1271 575 1514 618 Τυρρηνικοῦ
1537 570 1737 618 πελάγους,

216 623 252 651 et
276 620 400 661 Pomp.
427 619 514 651 Mel.
549 620 587 651 II
610 620 651 658 4,
681 619 716 650 l:
755 620 878 651 Vemm
902 620 958 652 ubi
981 622 1077 662 lonqe
1102 621 1188 657 abit,
1221 623 1253 652 in
1285 621 1350 653 cluo
1383 631 1544 653 cornua
1573 621 1740 653 scinditur

214 665 419 707 respic-itque
437 666 545 696 altero
565 643 707 696 siculum
721 667 872 706 pelagyus,
899 667 1007 697 altero
1026 665 1166 703 Ionium,
1193 670 1266 698 tota
1282 670 1426 707 angusta
1449 670 1483 698 et
1499 665 1624 698 alieubi
1638 668 1738 698 multo

216 720 310 752 quam
334 710 421 741 unde
446 712 557 750 eoepit
581 711 756 750 angustior
781 708 895 750 (conl.
923 710 1010 741 ibid.
1035 709 1089 751 8),
1114 714 1154 742 ut
1179 721 1223 742 ex
1247 711 1337 752 ipsis
1364 710 1514 743 Sallusti
1539 710 1660 743 verbis
1683 710 1739 742 iu—

216 754 404 796 tellegitur
429 764 509 785 eum
534 754 773 796 promunturii
808 755 986 787 vocabulo
1019 765 1091 787 non
1121 755 1165 787 de
1192 756 1364 787 extremis
1389 756 1426 787 in
1452 755 1564 787 altum
1588 765 1735 798 procur-

215 800 380 832 rentibus
405 798 558 841 linguis,
586 802 643 831 set
667 799 710 831 de
736 799 964 841 paeninsulis
989 800 1028 831 in
1052 805 1152 832 mare
1177 800 1462 842 prominentibus
1487 800 1635 832 dixisse.
1676 799 1738 832 Sic

215 844 400 877 Pacuvius
425 843 469 876 94
495 844 549 876 ed.
578 844 684 875 Ribb.
712 844 754 876 de
781 844 847 876 Ida
873 844 1092 886 scripserat:
1127 845 1397 877 Promunturium
1429 847 1546 887 quoius
1569 847 1683 886 linqua
1705 845 1739 877 in

216 892 316 921 altum
336 890 488 930 projcit;
522 889 587 920 cfr.
615 888 722 920 Caes.
750 890 791 920 B.
814 890 855 920 (ὲ.
876 889 930 921 ΙΙΙ
958 889 1014 920 12:
1049 888 1210 931 (oppida)
1230 891 1347 931 posita
1371 891 1405 921 in
1430 892 1561 932 linyulis
1580 900 1740 931 promun—

214 935 378 977 turiisque
403 934 491 975 ibiq.
518 935 671 965 Kraner.

275 1009 278 1011 ’
334 1014 382 1052 19
415 987 496 1064 [Κῗ
519 1017 573 1050 34.
614 1011 747 1064 G.14].
815 1013 870 1051 Ad
911 1012 1079 1052 Siciliam
1119 1025 1283 1063 vergens
1323 1012 1499 1053 faucibus
1539 1014 1633 1064 ipsis
1659 1025 1738 1052 non

218 1079 383 1131 amplius
414 1083 519 1130 patet
549 1079 705 1119 milibus
732 1081 903 1130 quinque
934 1084 971 1118 et
999 1081 1169 1130 t1·.iginta

330 1158 531 1190 Arusianus
556 1169 589 1200 p.
617 1159 682 1190 251
709 1170 736 1189 s.
763 1169 796 1191 v.
830 1163 924 1200 patet
953 1163 1002 1191 tot
1026 1159 1183 1210 pedibus,
1220 1169 1324 1212 quem
1353 1158 1472 1191 locum
1504 1159 1600 1191 male
1631 1159 1737 1192 intel-

218 1204 351 1236 lexisse
383 1206 498 1245 patet.
557 1204 644 1235 Cum
673 1204 765 1235 Plut.
777 1204 915 1256 ³Crass.
951 1214 981 1236 c.
1012 1203 1051 1235 12
1081 1198 1231 1246 τάφρον
1264 1198 1436 1246 ἐμβαλών
1469 1197 1509 1236 ἐκ
1541 1198 1739 1246 θαλάσσης

219 1245 274 1286 εἰς
307 1242 509 1281 θάλασσαν
540 1244 605 1280 διὰ
637 1247 703 1280 τοῦ
737 1241 896 1291 αὐχένος
928 1247 1094 1282 σταδίων
1124 1247 1351 1291 τριακοσίων
1382 1249 1588 1291 scripserit,
1620 1258 1737 1291 eaque

218 1293 407 1335 longitudo
434 1292 479 1324 ad
504 1303 708 1325 mensuram
737 1293 782 1325 ab
808 1293 981 1326 Sallustio
1013 1294 1148 1326 dictam
1173 1303 1345 1336 proxume
1371 1293 1546 1333 adcedat‚
1579 1303 1650 1326 non
1674 1293 1739 1326 du·—

219 1339 317 1370 bium
343 1341 416 1377 est,
452 1338 537 1379 quin
562 1338 621 1371 hic
647 1348 728 1370 eum
752 1338 871 1380 locum
903 1338 1113 1381 significare
1145 1339 1319 1375 voluerit.
1352 1349 1417 1390 per
1448 1348 1565 1380 quem
1584 1338 1738 1371 Crassus

219 1384 356 1415 fossam
380 1383 483 1415 duxit
508 1383 596 1424 (efai
629 1384 792 1415 Momms.
827 1384 880 1415 ΙΙΙ
909 1394 943 1426 p.
977 1382 1020 1415 79
1050 1384 1160 1425 not.).
1215 1383 1318 1423 Quod
1342 1383 1374 1415 si
1397 1383 1452 1415 ita
1476 1386 1550 1423 est,
1585 1383 1739 1426 adparet

213 1429 334 1469 fauces
358 1438 429 1459 non
454 1438 535 1460 cum
560 1428 699 1460 Kritzio
725 1428 858 1460 fretum
884 1428 1042 1460 Siculum
1066 1428 1336 1470 intellegendas
1361 1438 1459 1468 csse,
1486 1431 1541 1459 set
1559 1427 1739 1471 angustis-

219 1483 359 1504 sumam
376 1473 543 1505 Bruttiae
569 1473 809 1515 paeninsulae
835 1476 988 1515 partem.

332 1562 417 1602 ’³²20
460 1562 539 1615 [Kr.
567 1568 622 1601 35.
655 1565 693 1600 G.
718 1568 758 1599 15
779 1570 815 1600 el
836 1562 911 1615 20].
969 1563 1098 1602 Italiae
1137 1559 1305 1602 Siciliam
1340 1563 1586 1602 coniunctam
1619 1562 1738 1602 fuisse

220 1634 388 1670 constat:
421 1635 479 1669 set
509 1630 680 1669 medium
709 1630 875 1681 spatium
902 1634 969 1669 aut
997 1642 1068 1681 per
1093 1630 1348 1670 humilitatem
1379 1629 1563 1669 obrutum
1591 1634 1649 1670 est
1672 1634 1739 1672 aut

218 1710 290 1748 per
318 1699 535 1748 angustiam
572 1698 746 1736 scissum.
806 1697 854 1736 Ut
883 1702 1013 1737 autem
1040 1709 1204 1746 curvum
1231 1698 1290 1742 sit,
1323 1697 1414 1736 facit
1434 1701 1574 1736 natura
1604 1698 1739 1737 humi-

217 1767 327 1810 lioris
366 1772 402 1804 et
433 1764 621 1804 mollioris
656 1764 809 1810 Italiae,
851 1767 889 1803 in
932 1776 1050 1816 quam
1085 1765 1274 1817 asperitas
1315 1769 1352 1804 et
1388 1763 1549 1804 altitudo
1587 1764 1738 1804 Siciliae

218 1836 366 1872 aestum
398 1831 537 1872 relidit.

331 1911 471 1943 Adtulit
495 1911 588 1943 haec
615 1912 715 1944 Serv.
744 1911 789 1943 ad
815 1912 924 1954 Verg.
952 1911 992 1942 A.
1020 1912 1071 1943 HJ
1096 1910 1173 1942 414.
1201 1911 1287 1943 Isid.
1316 1911 1376 1942 Or.
1402 1909 1527 1950 11118,
1546 1909 1566 1942 3
1590 1921 1625 1952 p.
1651 1909 1739 1942 426:

217 1955 354 1988 Fretum
379 1956 525 1994 Siciliae,
553 1957 643 1999 quod
666 1957 824 1998 Rhegium
848 1958 982 1988 dieitur.
1016 1956 1182 1988 Salustius
1199 1958 1261 1987 tali
1276 1966 1322 1987 esc
1346 1966 1468 1987 cccussa
1483 1958 1600 1987 vocari
1620 1955 1739 1988 scribit

218 2002 334 2033 dicens
359 2001 484 2033 Italiae
509 2003 583 2034 olim
607 2003 815 2034 coniunctam
834 2002 943 2042 fuisse
968 2001 1130 2037 Siciliam,
1164 2004 1197 2031 et
1222 2001 1295 2031 dnm
1327 2004 1415 2031 esset
1438 2011 1504 2031 nna
1528 2002 1641 2038 tellus,
1673 2011 1738 2032 me-

219 2047 306 2078 dium
329 2048 473 2088 spatium
498 2051 554 2078 aut
570 2057 642 2097 pei
664 2047 877 2078 humilitatem
902 2045 1076 2086 abruptura
1100 2049 1150 2076 est
1175 2046 1270 2087 aquis
1295 2049 1352 2076 aut
1368 2055 1432 2086 per
1449 2046 1634 2086 angustiam
1656 2055 1739 2077 sets-

218 2101 299 2122 sum.
348 2091 380 2122 F
383 2095 396 2122 t
419 2093 496 2123 inde
515 2085 666 2133 Ρήγιον
689 2092 898 2128 nominatum,
924 2092 1002 2132 quia
1027 2091 1156 2122 Graece
1181 2090 1357 2131 abruptum
1379 2090 1441 2122 lzoe
1464 2091 1593 2122 nomine
1616 2100 1738 2122 nuncu-

213 2140 332 2176 patur.
380 2135 447 2167 Est
470 2140 578 2167 autem
602 2136 802 2167 artissimum
825 2137 923 2166 trium
938 2136 1060 2167 milium
1082 2135 1220 2176 spatio
1213 2134 1361 2167 Siciliam
1386 2134 1427 2166 ab
1445 2134 1552 2167 Italia
1575 2134 1736 2172 dividens,

212 2180 379 2220 fabulosis
404 2181 525 2221 infame
550 2183 717 2217 monstris,
743 2184 835 2212 cuius
859 2180 934 2212 ltine
951 2182 1027 2212 imte
1046 2179 1161 2221 Scylla
1178 2184 1211 2211 et
1230 2179 1418 2221 Charybdzs
1442 2181 1643 2212 ostenditur.
1683 2179 1739 2212 Ex

215 2224 345 2256 Isidori
370 2225 492 2257 verbis
518 2225 629 2267 igitur
655 2228 820 2267 apertum
846 2228 919 2264 cst,
955 2225 1167 2256 Sallustium
1200 2225 1313 2256 etiam
1338 2224 1382 2257 de
1408 2224 1650 2267 originatione
1675 2233 1738 2257 no-

217 2269 324 2301 minis
345 2263 496 2312 Ρήγιον
521 2270 669 2310 dixisse,
698 2274 754 2301 set
780 2279 848 2311 quo
875 2280 1041 2301 connexu
1065 2270 1100 2301 id
1128 2280 1207 2301 cum
1225 2269 1372 2301 relieuis
1390 2269 1512 2309 fuerit,
1539 2271 1638 2302 certo
1654 2279 1737 2301 con-

217 2314 320 2345 stitui
344 2325 449 2356 posse
475 2314 612 2346 diffido.
654 2314 701 2345 At
725 2315 813 2346 haut
831 2314 990 2346 absurda
1006 2314 1098 2346 haec
1126 2314 1267 2346 videtur
1291 2314 1463 2356 suspitio,
1489 2313 1738 2356 praecessisse

216 2359 305 2391 illud
329 2359 450 2391 verbis
477 2360 523 2391 ab
549 2359 676 2392 Servio
703 2359 847 2399 adlatis,
877 2362 912 2391 et
929 2370 1046 2401 paene
1066 2363 1204 2391 certum
1221 2359 1365 2392 videtur
1381 2358 1557 2401 abruptum
1574 2363 1625 2391 est
1641 2361 1738 2402 aquis

218 2404 263 2436 ab
288 2404 428 2436 Isidoro
454 2415 496 2436 ex
520 2404 639 2446 priore
665 2404 746 2435 loco
776 2404 814 2435 in
846 2405 1085 2446 posteriorem
1117 2404 1393 2446 perspicuitatis
1425 2413 1556 2436 caussa
1580 2403 1736 2436 transla—

217 2452 291 2480 tum
317 2458 409 2480 esse.
459 2449 549 2481 Nam
582 2449 654 2480 nisi
684 2448 772 2488 illud
803 2449 1087 2491 praecessisset,
1121 2450 1158 2480 in
1181 2449 1304 2482 verbis
1330 2459 1423 2490 quae
1451 2448 1546 2491 apud
1571 2447 1735 2481 Servium

216 2494 404 2536 leguntur,
440 2504 549 2536 aegre
583 2493 744 2525 ablativo
777 2493 878 2525 velut
910 2496 1007 2536 aquis
1040 2494 1097 2525 vel
1125 2493 1279 2536 fluctibus
1311 2493 1369 2525 vel
1400 2496 1488 2525 mari
1517 2502 1735 2526 careremus

217 2539 310 2570 Num
335 2539 473 2571 relicua
498 2539 656 2570 Isidorus
683 2538 727 2569 ab
755 2538 927 2570 Sallustio
953 2539 1164 2580 sumpserit,
1198 2539 1376 2570 incertum
1402 2541 1476 2578 est,
1510 2541 1609 2570 certe
1643 2547 1735 2580 quac

217 2583 314 2615 illius
340 2584 493 2623 fuerint,
526 2583 694 2625 indagari
718 2593 789 2614 non
820 2586 952 2624 potest.
1009 2583 1112 2615 Unde
1146 2584 1239 2624 quod
1264 2583 1434 2615 Kritzius·
1458 2584 1494 2614 et
1520 2582 1735 2615 Gerlachius

218 2632 302 2660 ante
327 2639 458 2661 curvum
484 2628 692 2667 exhibuere,
717 2632 783 2659 tam
808 2630 987 2669 sumptum
1012 2628 1059 2659 sit
1075 2627 1221 2669 ignoro·
1250 2628 1346 2668 apud
1364 2628 1467 2660 Lion.
1494 2637 1566 2659 non
1588 2627 1738 2669 legitur.

215 2674 292 2705 Nec
317 2684 403 2706 vero
429 2674 619 2706 obscurum
645 2673 731 2712 erit,
759 2683 822 2704 cur
845 2672 1026 2705 humilioris
1049 2672 1280 2703 inserendum
1307 2675 1469 2713 putems
1492 2672 1639 2704 Etenim
1663 2681 1735 2704 non

217 2718 324 2750 credo
351 2718 581 2758 Sallustium,
616 2718 830 2760 scriptorem
854 2717 890 2748 in
915 2716 1161 2758 exaequandis
1191 2716 1368 2758 obpositis
1393 2716 1732 2759 diligentissumum,

217 2763 307 2794 nihil
332 2763 540 2805 scripsisse
568 2762 660 2804 quod
686 2761 870 2795 altitudini
895 2761 1042 2794 Siciliae
1069 2761 1316 2803 responden-‚et

330 2841 405 2880 ’21
448 2841 526 2894 [Kr.
549 2846 604 2879 36.
637 2844 675 2879 G.
700 2840 774 2892 19].
836 2839 1001 2892 Scyllam
1040 2838 1198 2878 adcolae
1238 2850 1373 2877 saxum
1404 2838 1502 2877 mari
1540 2840 1735 2879 inminens

217 2908 409 2958 adpellant
441 2908 562 2948 similo
589 2908 807 2948 celebratae
841 2908 988 2948 formae
1019 2906 1157 2958 procul
1186 2905 1408 2946 visent-ibus.
