1780 3276
172 244 220 285 12
641 257 943 284 ms'rommzvm
973 258 1057 283 Lm.
1093 259 1107 283 1
1145 253 1204 286 41.

169 359 446 410 capessebant,
486 356 590 396 nulla
621 361 731 395 sunt:
771 356 849 395 hac*
883 361 1111 408 tempestate
1151 359 1403 398 serviundum
1443 365 1509 399 aut
1540 361 1684 411 inperi-
1713 362 1754 396 10

169 427 350 469 tandum,
383 424 586 463 habendus
615 428 740 462 metus
773 428 830 463 est
866 428 933 463 aut
963 424 1187 470 saciundus,
1228 425 1408 471 Quirites
1466 426 1562 465 Nam
1593 428 1685 479 quid
1714 428 1751 461 ll

168 493 297 531 ultra?
344 504 490 542 quaeve
521 491 690 530 humana
721 496 909 542 superant
938 496 1004 531 aut
1032 492 1158 532 divina
1180 493 1364 544 inpolluta
1398 494 1512 532 sunt?
1557 494 1686 545 Popu-

168 560 227 598 lus
257 560 468 603 Romanus,
500 559 616 608 paulo
639 563 727 598 ante
748 560 922 608 gentium
952 559 1189 604 moderator,
1220 565 1358 600 exutus
1387 562 1538 611 inperio
1565 561 1687 611 gloria

135 637 149 660 ⁵
170 628 273 670 iure,
316 626 486 675 agitandi
516 627 627 677 inops
657 626 941 678 despectusque
971 639 1020 666 ne
1048 627 1196 666 servilia
1229 628 1387 679 quidem
1418 628 1598 668 alimenta
1624 641 1686 668 re-

167 693 267 732 licua
308 693 438 733 habet.
498 693 703 732 Sociorum
742 697 780 733 et
808 694 892 733 Lati
932 705 1072 744 magna
1111 695 1167 733 vis
1209 696 1358 735 civitate
1390 708 1463 748 pro
1490 696 1620 735 multis
1651 700 1689 736 et
1716 700 1756 733 12

168 763 336 811 egregiis
367 761 478 800 factis
504 773 524 799 a
560 760 666 799 vobis
697 761 783 800 data
814 773 885 812 per
917 774 1040 801 unum
1070 762 1354 812 prohihentur,
1398 768 1435 802 et
1466 763 1594 814 plebei
1629 765 1687 803 in·

168 830 304 867 noxiae
331 830 477 878 patrias
515 828 628 868 sedes
658 841 899 880 occupavere
930 830 1045 880 pauci
1073 829 1278 875 satellites,
1312 831 1535 870 mercedem
1565 830 1686 870 scele-

168 908 267 934 rum.
327 896 451 946 Leges
481 895 640 940 iudicia,
674 887 882 942 aerarium}
910 897 1131 948 provinciae
1162 909 1276 948 reges
1308 910 1429 949 penes
1454 910 1588 943 unum,
1621 898 1687 938 de·
1716 903 1757 937 13

125 964 286 1014 ionique
313 964 419 1002 necis
442 964 581 1002 civium
613 967 651 1002 et
680 964 775 1002 vitae
795 963 961 1003 licentia.
1016 963 1138 1002 Simul
1165 964 1356 1004 humanas
1377 965 1522 1004 hostias
1543 965 1689 1005 vidistis
1717 969 1757 1002 lt

168 1035 206 1069 et
233 1030 412 1082 sepulcra
443 1030 585 1069 infecta
617 1032 804 1080 sanguine
837 1031 947 1070 civili.
1008 1031 1127 1070 Estne
1156 1033 1247 1070 viris
1274 1031 1411 1072 relicui
1441 1033 1544 1072 aliud
1571 1045 1687 1084 quam
1716 1038 1757 1072 15

168 1098 318 1137 solvere
354 1098 554 1142 iniuriam,
596 1102 662 1136 aut
691 1099 792 1137 mori
823 1110 894 1149 per
920 1099 1125 1138 virtutem?
1172 1100 1354 1150 quoniam
1383 1101 1538 1152 quidem
1568 1112 1690 1140 unum

168 1165 349 1204 omnihus
379 1166 496 1203 finem
518 1170 656 1204 natura
684 1165 745 1204 vel
771 1166 877 1205 ferro
899 1167 1041 1217 saeptis
1067 1167 1209 1211 statuit,
1243 1179 1371 1219 neque
1395 1168 1598 1219 quisquam
1624 1167 1700 1207 ex-'

113 1223 117 1226 .
168 1237 331 1272 tremam
370 1233 643 1272 necessitatem
687 1233 782 1272 nihil
820 1245 937 1272 ausus
973 1234 1046 1272 nisi
1082 1233 1262 1273 muliebri
1305 1236 1460 1285 ingenio
1498 1238 1688 1284 expectat.

125 1309 155 1335 15
171 1300 315 1340 Verum
345 1311 417 1350 ego
446 1300 664 1345 seditiosus,
696 1301 750 1339 uti
781 1300 886 1340 Sulla
919 1302 981 1345 ait,
1014 1302 1079 1352 qui
1104 1303 1274 1353 praemia
1298 1302 1505 1341 turbarum
1527 1296 1686 1353 queror,
1715 1306 1758 1340 16

169 1372 206 1406 ct
235 1367 382 1407 bellum
414 1367 586 1418 cupiens,
621 1368 686 1418 qui
713 1368 798 1407 iura
828 1369 935 1419 pacis
963 1372 1112 1419 repeto.
1168 1368 1323 1408 Scilicet
1353 1370 1440 1420 qnia
1472 1381 1549 1407 non
1578 1369 1688 1409 aliter
1717 1374 1756 1408 17

168 1435 262 1474 salvi
282 1436 451 1486 satisque
471 1435 544 1473 tuti
566 1418 777 1486 in'inperio
805 1437 922 1481 eritis
951 1436 1025 1474 nisi
1052 1435 1200 1475 Vettius
1223 1436 1363 1476 Picens
1384 1441 1422 1476 et
1445 1436 1573 1476 scriba
1595 1436 1689 1475 Cor-

168 1502 294 1541 nelius
324 1501 448 1541 aliena
472 1501 574 1555 hene
605 1506 715 1553 parta
744 1503 1019 1554 prodegerint;
1051 1504 1124 1542 nisi
1154 1503 1416 1554 adprobaritis
1441 1516 1577 1543 omnes
1597 1506 1689 1555 pro-

170 1571 420 1620 scriptionem
451 1570 699 1624 innoxiorum
733 1570 782 1608 ol)
813 1571 983 1616 divitias,
1027 1572 1221 1610 eruciatus
1251 1573 1424 1611 virorum
1455 1570 1687 1614 inlustrium,

125 1647 158 1672 20
173 1642 317 1676 vastam
355 1636 496 1676 urbem
534 1622 633 1686 suga
670 1641 707 1676 et
744 1638 948 1683 caedibus,
995 1638 1096 1677 hona
1131 1639 1269 1677 civium
1307 1640 1541 1678 miserorum
1580 1640 1689 1690 quasi

170 1704 402 1744 Cimbricam
443 1704 630 1754 praedam
663 1717 825 1744 vaenum
861 1710 927 1745 aut
967 1706 1070 1744 dono
1110 1706 1251 1745 datam.
1314 1706 1363 1745 At.
1395 1705 1562 1745 obiectat
1594 1706 1689 1745 mihi
1716 1712 1757 1745 18

168 1772 435 1823 possessiones
466 1784 513 1810 ex
536 1771 648 1811 bonis
676 1774 1011 1825 proscriptorum:
1044 1774 1146 1825 quod
1179 1774 1336 1825 quidem
1366 1773 1559 1813 scelerum
1589 1773 1689 1813 illius

168 1838 228 1878 vel
250 1852 476 1879 maxumum
507 1844 583 1885 est,
612 1852 691 1878 non
723 1852 785 1879 me
815 1852 943 1892 neque
974 1853 1209 1892 quemquam
1239 1842 1412 1880 omnium
1443 1842 1533 1880 satis
1563 1845 1688 1880 tutum

169 1906 305 1952 suisseJ
328 1908 359 1945 si
386 1911 493 1947 recte
525 1907 754 1947 faceremus.
813 1908 937 1959 Atque
964 1908 1039 1954 illa,
1071 1921 1169 1960 quae
1198 1913 1279 1947 tum
1307 1908 1512 1947 formidine
1538 1920 1688 1947 merca-

123 1985 156 2009 25
172 1980 232 2013 tus
254 1987 339 2013 sum
371 1976 504 2026 precio
525 1975 652 2014 soluto
679 1977 765 2014 iure
791 1975 956 2014 dominis
984 1971 1113 2015 tamen
1139 1976 1312 2020 restituo,
1345 1987 1472 2026 neque
1494 1977 1574 2025 pati
1595 1987 1687 2013 con-

169 2041 296 2081 silium
329 2035 386 2081 est
414 2042 531 2081 ullam
561 2056 606 2081 ex
633 2043 780 2082 civibus
809 2043 995 2093 praedam
1028 2055 1124 2082 csse.
1189 2042 1289 2081 Satis
1314 2042 1374 2081 illa
1399 2043 1555 2087 fuerint,
1588 2055 1687 2094 quae
1716 2048 1756 2081 19

174 2109 282 2148 rabie
310 2114 508 2163 contragta
538 2109 804 2154 toleravimus,
843 2121 982 2148 manus
1017 2110 1258 2149 conserentis
1290 2110 1390 2149 inter
1418 2122 1459 2149 se
1490 2110 1688 2149 Romanos

169 2177 362 2215 exercitus
391 2180 428 2214 et
457 2188 565 2215 arma
596 2176 644 2215 ab
676 2177 846 2215 externis
876 2178 914 2215 in
945 2181 1097 2216 nosmet
1128 2189 1253 2217 vorsa.
1302 2177 1503 2217 Scelerum
1534 2183 1571 2217 et
1595 2175 1687 2218 con-

169 2239 415 2283 tumeliarum
447 2245 620 2283 omnium
651 2244 737 2282 finis
767 2244 827 2282 sit.
890 2244 1067 2290 Quorum
1095 2245 1192 2284 adeo
1224 2244 1368 2283 Sullam
1395 2257 1473 2283 non
1505 2246 1686 2296 paenitet,

123 2329 156 2354 30
170 2314 212 2349 ut
238 2315 275 2349 et
301 2310 400 2349 sacta
430 2312 467 2349 in
494 2311 614 2361 gloria
646 2316 846 2356 numeret,
876 2316 930 2356 et,
963 2313 994 2351 si
1023 2311 1159 2357 liceat,
1192 2312 1338 2351 avidius
1366 2312 1514 2352 fecerit.

281 2389 313 2421 5.
340 2389 444 2421 Arus.
464 2401 498 2432 p.
518 2389 601 2422 236:
630 2390 738 2431 Inops
761 2391 849 2422 illius
865 2391 927 2422 rei.
953 2407 999 2413 —-
1021 2391 1148 2423 Subest.
1167 2392 1301 2423 Hz'stor.
1319 2391 1353 2422 I:
1381 2391 1546 2433 agitandi
1569 2391 1685 2433 inops.

262 2433 313 2465 12.
341 2434 481 2467 solvero
507 2435 676 2467 iniuriam
701 2435 901 2478 Hegesipp.
929 2436 978 2467 IV
1003 2436 1033 2467 2.

172 2524 200 2556 1.
228 2525 457 2556 serviendum
481 2524 524 2559 Q.
559 2542 601 2546 —-
633 2524 665 2555 2.
694 2527 749 2556 est
772 2536 834 2557 om.
864 2525 955 2557 Cort.
1028 2525 1219 2558 faciendus
1244 2524 1287 2559 Q.
1315 2543 1358 2546 —
1381 2525 1413 2557 3.
1441 2525 1617 2567 inpolluta
1641 2524 1684 2559 23.

168 2588 212 2591 —
237 2570 267 2601 ὃ.
295 2569 435 2611 reliqua
460 2569 502 2604 Q.
532 2588 573 2593 —
601 2568 652 2600 l‘l.
681 2570 873 2611 sepulchra
899 2568 941 2603 Q.
977 2588 1019 2591 ——-
1056 2570 1106 2602 13.
1134 2571 1272 2612 saeptis
1297 2569 1340 2604 ΞΒ.
1368 2588 1410 2591 -
1437 2570 1488 2601 14.
1517 2573 1688 2611 expectat

169 2614 212 2648 ἓξ.
240 2633 279 2636 -
310 2614 360 2646 15.
389 2615 441 2646 uti
466 2614 508 2649 Q.
558 2617 597 2646 lrt
621 2616 665 2646 αῖ.
699 2631 740 2635 -—
775 2614 825 2646 16.
855 2614 913 2655 qui
938 2615 1017 2646 iura
1042 2614 1084 2649 23.
1136 2614 1220 2656 quia
1243 2615 1324 2646 iura
1351 2615 1442 2646 Co'rt.
1469 2632 1507 2636 —
1544 2613 1595 2646 18.
1622 2625 1686 2656 pa-

169 2663 250 2691 rata
281 2658 327 2693 23:
382 2663 488 2701 parta
526 2660 636 2691 Vatia.
669 2659 938 2701 Bonyarsianus.
1020 2659 1261 2700 adprobaritis
1292 2657 1335 2692 Q.
1397 2659 1687 2701 approbaveritis

172 2705 262 2735 (lor-t.
334 2705 636 2746 proscriptionem
660 2702 702 2737 “B-
753 2704 1034 2745 proscriptiones
1062 2705 1151 2735 Cort.
1184 2721 1228 2726 —
1262 2702 1312 2735 19.
1347 2703 1547 2735 inlustrium
1573 2702 1616 2738 Q.
1642 2721 1687 2726 —-

169 2749 223 2779 25.
251 2749 368 2790 pretio
393 2749 508 2781 soluto
533 2749 611 2780 iure
637 2748 788 2780 dominis
813 2751 936 2780 tamen
961 2748 1043 2780 libri
1067 2747 1223 2790 (praetio
1248 2746 1306 2788 23).
1356 2758 1445 2787 sum,
1471 2748 1606 2799 pretio,
1633 2759 1687 2780 so-

168 2792 241 2824 luto
266 2794 353 2832 iure,
381 2794 533 2825 dominis
558 2794 624 2825 Kr.
653 2794 743 2826 Gerl.
791 2793 913 2835 precio
938 2792 1070 2831 soluto,
1098 2793 1175 2824 iure
1199 2795 1333 2831 tamen,
1359 2792 1511 2824 dominis
1537 2793 1687 2825 restituo

169 2837 268 2867 Lz'nk.
314 2838 446 2870 Coniez’o
477 2839 688 2870 scribundum
718 2838 841 2880 precio
867 2837 981 2870 soluto
1011 2838 1086 2868 iure
1113 2837 1293 2876 dominus,
1327 2839 1449 2868 tamen
1475 2840 1559 2869 rest.
1601 2837 1625 2869 i.
1653 2848 1684 2869 e.

169 2883 313 2922 quumvis
338 2893 407 2913 cnm
431 2885 575 2922 pretium
590 2884 752 2920 solverim,
778 2884 850 2914 iure
875 2883 1024 2914 dominus
1047 2884 1116 2919 sim,
1143 2886 1252 2914 tamen
1277 2885 1358 2914 rest.
1384 2899 1427 2903 —
1451 2880 1506 2914 26.
1534 2892 1685 2924 quaera-

168 2924 251 2956 biae
278 2924 320 2959 Q.
347 2944 391 2948 -
415 2927 469 2958 27.
498 2928 722 2959 conserentis
747 2926 790 2962 ΞΒ.
817 2946 858 2950 —
884 2926 938 2959 ⁶29.
966 2927 1131 2969 paenitet
1155 2925 1198 2961 Q.
1315 2932 1325 2942 ·
