1812 3268
202 219 285 260 396
895 235 1030 262 nmax

246 334 361 366 vicem.
393 344 448 365 me
466 335 586 367 vicem
603 334 725 366 aerari
741 337 931 376 praestare
948 341 1054 377 posse
1072 335 1107 367 H
1123 335 1158 368 11
1173 334 1235 376 96,
1252 334 1287 368 3.
1325 336 1445 369 vicem
1467 346 1637 378 pecorum
1654 336 1716 370 ob·

202 379 468 410 truncabantur
483 378 518 409 H
534 379 568 410 II
585 378 640 411 52.
664 391 710 407 z
731 379 767 411 in
782 380 896 412 vicem.
927 381 966 412 in
982 380 1100 413 vicem
1123 383 1242 414 tracto
1259 381 1352 423 pede
1369 381 1404 413 H
1420 382 1474 414 ΙΙΙ
1495 380 1546 414 19.
1586 381 1662 414 suis
1679 381 1717 414 in

202 423 319 455 vicem
336 422 556 455 subveniunt
571 423 606 455 H
623 425 636 456 i
651 424 706 456 24.

247 467 414 498 vicinitas.
447 471 603 501 —tatem
621 472 731 502 antea
748 469 984 503 sollicitatam
1003 471 1111 503 armis
1130 473 1281 503 exornat
1299 470 1325 503 O
1344 469 1398 511 36,
1421 470 1449 504 1.

248 511 366 543 victor.
398 522 503 546 nemo
521 514 593 545 nisi
609 515 726 547 victor
741 525 834 557 pace
851 515 987 547 bellum
1004 517 1158 548 mutavit
1177 516 1203 547 O
1222 515 1283 555 58,
1305 515 1356 547 15.
1398 516 1437 548 in
1461 515 1615 549 advorso
1636 515 1717 548 loco

203 556 322 588 victor
337 556 473 590 virtute
492 558 562 590 fuit
577 559 601 591 J
617 559 670 600 55,
694 559 722 591 l.
757 560 882 592 consul
899 560 990 592 haut
1006 560 1113 593 dubie
1131 561 1200 593 iam
1219 561 1337 594 victor
1352 560 1376 592 J
1396 559 1469 601 102,
1491 560 1520 592 1.
1553 571 1625 593 neu
1641 571 1717 593 ma-

203 600 251 632 lis
268 619 322 641 —,
343 611 450 643 quam
467 603 646 636 societate
663 605 782 636 vietor
798 604 877 636 fieri
894 605 927 636 H
945 606 995 637 IV
1012 604 1066 646 61,
1085 606 1140 639 23.
1181 606 1299 639 victor
1316 605 1417 638 Sulla
1444 622 1473 628 —-
1493 605 1599 638 iussit
1615 605 1643 638 C
1661 605 1715 646 51,

203 643 259 677 32.
300 646 418 679 victor
436 649 618 682 exercitus
636 650 671 681 H
687 650 705 681 1
720 649 775 690 41,
794 650 837 681 22
854 652 940 682 conl.
959 651 995 682 H
1011 651 1046 682 11
1061 649 1116 690 96,
1135 651 1168 683 7.
1193 651 1217 683 J
1233 649 1287 691 58,
1306 650 1338 683 5.
1380 650 1556 682 lubidinis
1574 647 1610 682 et
1626 650 1718 683 divi—

203 692 337 722 tiarum
353 692 472 725 victor
488 694 512 726 J
527 692 583 734 63,
601 695 634 726 2.
675 695 838 737 inpetum
856 695 994 727 Sertori
1009 695 1160 728 victoris
1176 696 1212 728 H
1227 696 1263 727 11
1278 694 1341 736 96,
1359 694 1391 727 5.
1432 698 1551 728 metus
1567 695 1719 738 Pompei

201 735 354 768 victoris
371 737 622 780 Hiempsalem
639 757 682 762 -—
698 740 927 772 restituentis
944 741 979 771 H
994 741 1011 772 I
1028 739 1083 773 39.
1124 751 1204 773 sese
1226 741 1402 773 victorem
1426 740 1568 772 domum
1584 740 1719 772 reditu-

203 790 280 812 rum
296 780 321 812 J
336 780 398 822 84,
415 783 448 814 4.
491 785 570 825 quis
594 795 665 817 non
689 785 810 817 omnia
834 787 975 817 mutata
993 784 1095 826 (volt)
1118 788 1267 827 praeter
1282 786 1481 817 victorem?
1498 785 1533 816 H
1549 785 1567 816 Ι
1583 785 1642 825 41,
1661 783 1717 818 21.

204 825 336 867 deponi
353 827 487 860 bellum
505 839 585 861 cum
602 830 761 862 victores
778 830 895 862 velint
911 830 935 862 J
947 829 1007 867 83,
1028 829 1058 861 1.
1098 840 1217 871 neque
1239 830 1383 862 modum
1405 840 1487 872 neq.
1506 830 1719 862 modestiam

204 870 362 903 victores
380 871 517 905 habere
536 873 563 906 O
586 873 635 914 11,
655 875 687 907 4.
723 885 815 916 quae
833 875 1035 906 fortissumi
1050 875 1121 907 viri
1137 875 1297 907 victores
1313 875 1477 907 hostibus
1495 874 1720 916 reliquerant

206 914 233 946 C
254 914 313 956 12,
331 916 364 948 5.
407 928 500 959 quae
524 919 659 951 bellum
685 922 758 961 atq.
784 919 907 951 lubido
930 920 1108 952 victorum
1133 920 1204 952 fert
1229 919 1256 951 C
1280 919 1341 960 21,
1366 919 1398 951 2.
1445 929 1529 961 spes
1554 918 1718 962 amplior,

206 960 340 1003 quippe
362 963 561 996 victoribus
587 967 622 997 et
646 965 838 996 advorsum
864 975 943 1004 eos,
970 975 1056 1006 quos
1077 975 1187 1007 saepe
1208 964 1416 997 vicerantJ
1434 963 1509 1005 105,
1528 964 1561 996 4.
1602 964 1720 997 locum

206 1004 397 1039 editiorem
415 1018 523 1050 quam
539 1009 740 1042 victoribus
758 1009 916 1042 decebat
932 1010 967 1041 H
984 1011 1001 1042 I
1017 1008 1072 1042 98.
1114 1010 1260 1042 fortuna
1279 1020 1323 1041 ea
1339 1009 1504 1051 praemia
1518 1008 1720 1041 victoribus

203 1051 325 1091 posuit
343 1051 369 1083 C
387 1052 442 1092 20,
464 1052 515 1085 14.
557 1057 694 1087 matres
715 1072 750 1076 —
771 1055 850 1096 pati
868 1065 959 1096 quae
977 1055 1177 1087 victoribus
1196 1054 1468 1087 conlubuissent
1486 1053 1513 1086 C
1531 1053 1586 1095 51,
1599 1052 1633 1086 9.
1671 1064 1718 1087 ne

203 1105 285 1127 mox
303 1097 419 1130 victos
436 1098 628 1141 victoresq.
647 1100 813 1132 defessos
832 1099 924 1132 alius
938 1100 1200 1142 adgrederetur
1214 1100 1238 1132 J
1255 1098 1308 1140 79,
1327 1099 1359 1131 4.

249 1141 394 1174 victoria
411 1143 448 1174 iu
466 1154 574 1176 manu
591 1144 697 1176 nobis
716 1147 772 1176 est
790 1144 817 1176 C
835 1144 889 1185 20,
910 1145 939 1176 1.
982 1145 1076 1187 quod
1098 1145 1171 1176 iam
1194 1146 1302 1186 parta
1317 1144 1475 1176 victoria
1493 1154 1538 1176 ex
1553 1143 1721 1177 manibus

206 1186 410 1228 eriperetur
425 1188 449 1220 J
464 1187 518 1228 82,
529 1188 561 1221 3.
596 1191 718 1222 omnia
736 1193 878 1222 matura
896 1193 993 1222 sunt:
1013 1190 1169 1222 victoria
1185 1190 1323 1231 praeda
1340 1189 1420 1221 laus
1436 1189 1460 1221 J
1474 1188 1529 1228 85,
1539 1189 1573 1221 4.
1604 1190 1721 1222 victo·

206 1231 283 1262 riae
302 1233 439 1264 veteris
457 1244 633 1266 memores
652 1235 679 1267 O
701 1234 752 1272 16,
774 1235 815 1266 14
831 1237 917 1267 conl.
936 1235 960 1266 J
976 1234 1031 1274 49,
1050 1235 1071 1266 2
1089 1234 1281 1276 (pristinae
1298 1234 1442 1266 virtutis
1461 1236 1498 1266 et
1512 1232 1720 1275 victoriae).

207 1276 426 1309 admonebat
442 1279 621 1311 victoriae
636 1279 809 1311 Sullanae
829 1279 908 1320 (cfr.
919 1279 973 1319 37,
984 1278 1030 1321 6),
1052 1280 1181 1322 quibus
1201 1290 1246 1311 ea
1262 1279 1423 1321 praedae
1442 1279 1565 1311 fuerat
1581 1278 1608 1310 C
1623 1278 1721 1318 21,4.

206 1331 288 1361 spes
305 1322 484 1355 victoriae
503 1324 530 1356 O
547 1324 607 1364 41,
628 1325 658 1356 2.
685 1324 745 1364 58,
769 1323 869 1357 18..J
885 1323 945 1364 48,
963 1325 996 1356 2.
1038 1335 1077 1356 se
1104 1335 1226 1357 casum
1249 1324 1428 1356 victoriae
1451 1324 1682 1356 inventurum
1698 1323 1723 1355 J

206 1365 266 1405 25,
285 1365 317 1398 9.
361 1368 530 1410 cupidine
555 1370 732 1401 victoriae
755 1370 780 1401 J
796 1370 856 1410 42,
877 1370 897 1400 2
915 1369 972 1410 (cle
991 1369 1179 1410 Gracchis).
1220 1369 1413 1401 victoriam
1438 1369 1562 1411 adepti
1582 1371 1669 1400 sunt
1693 1367 1720 1400 O

209 1409 260 1449 11,
272 1411 304 1442 7.
323 1410 377 1452 39,
388 1413 420 1444 4.
439 1411 494 1453 61,
506 1413 525 1444 7
537 1413 806 1454 (incruentam),
825 1417 911 1446 conl.
922 1415 995 1446 iam
1014 1415 1185 1456 adeptam
1196 1414 1387 1446 victoriam
1401 1413 1592 1446 retinereJ
1603 1412 1721 1454 101,9.

205 1455 400 1488 victoriam
419 1458 615 1490 crudeliter
633 1459 854 1491 exercebant
873 1458 899 1490 C
915 1457 1001 1498 38,4
1018 1462 1102 1491 conl.
1119 1459 1143 1491 J
1162 1458 1213 1498 16,
1225 1459 1257 1490 2.
1292 1462 1480 1490 cruentam
1497 1461 1568 1500 atq.
1583 1458 1722 1490 luctuo-

207 1510 284 1531 sam
301 1501 491 1534 victoriam
509 1503 725 1545 relinquatis
744 1503 770 1535 O
789 1503 842 1544 58,
861 1503 917 1537 21.
957 1504 1149 1536 victoriam
1171 1504 1362 1535 incruento
1382 1503 1545 1535 exercitu
1561 1505 1723 1545 reporta-

205 1549 338 1577 verunt
355 1545 411 1587 (?)
436 1548 471 1578 H
493 1548 546 1579 111
569 1547 616 1579 16.
666 1548 711 1580 ad
734 1549 926 1580 victoriam
950 1549 1018 1580 niti
1042 1549 1066 1580 J
1090 1548 1149 1588 55,
1169 1547 1201 1581 3.
1251 1550 1336 1580 ante
1361 1547 1507 1580 civilem
1529 1547 1723 1580 victoriam

204 1590 229 1622 J
251 1589 314 1631 95,
338 1591 370 1623 4.
419 1592 554 1624 bellum
578 1595 682 1625 atrox
704 1594 840 1635 varia-aq.
866 1593 1018 1626 victoria
1042 1593 1112 1625 fuit
1134 1593 1159 1625 J
1183 1593 1221 1633 5,
1240 1592 1271 1624 1.
1309 1593 1467 1624 victoria
1490 1592 1543 1623 uti
1567 1591 1594 1623 O
1613 1591 1673 1632 39,
1689 1592 1722 1626 4.

205 1635 229 1666 J
246 1634 299 1674 38,
316 1634 348 1668 8.
373 1636 427 1676 42,
445 1637 477 1668 4.
519 1648 637 1679 neque
654 1639 811 1670 victoria
829 1648 949 1670 socors
968 1641 1030 1669 aut
1047 1637 1206 1670 insolens
1225 1638 1347 1669 factus
1363 1638 1387 1669 J
1406 1636 1482 1676 100,
1505 1636 1533 1668 1.
1575 1646 1723 1678 quorum

205 1681 363 1712 victoria
388 1681 511 1714 Sullae
535 1685 707 1724 parentes
732 1683 928 1725 proscripti
955 1682 981 1714 C
1000 1682 1061 1722 37,
1079 1682 1112 1714 9.
1153 1682 1224 1714 sibi
1250 1682 1370 1724 quisq.
1398 1692 1442 1714 ex
1458 1682 1616 1714 victoria
1626 1681 1724 1714 talia

207 1725 384 1766 sperabat
409 1726 435 1758 C
454 1726 514 1768 37,
533 1726 566 1759 6.
608 1728 646 1759 in
669 1728 825 1759 victoria
840 1744 885 1750 ——
902 1727 1054 1770 gloriari
1070 1727 1161 1759 licet
1182 1727 1206 1759 J
1222 1726 1283 1766 53,
1301 1726 1333 1759 8.
1374 1737 1438 1768 pro
1459 1727 1617 1759 victoria
1633 1726 1723 1759 satis

206 1769 280 1801 iam
298 1775 502 1848 §llffinagum
524 1772 548 1804 J
565 1772 618 1813 54,
643 1771 670 1804 l.
711 1772 814 1804 illum
831 1773 926 1805 diem
946 1772 1060 1805 omnis
1077 1772 1224 1805 labores
1247 1775 1284 1804 et
1299 1772 1477 1805 victorias
1495 1770 1723 1804 confirmatu-

207 1825 283 1846 rum
391 1841 399 1856 ,
443 1841 450 1848 .

251 1860 370 1892 victus.
401 1862 502 1903 regio
520 1862 621 1895 victu
639 1865 710 1904 atq.
730 1862 830 1894 cultu
845 1865 1004 1894 aetatem
1023 1873 1133 1905 agere
1152 1861 1179 1894 C
1197 1860 1253 1902 37,
1271 1860 1304 1893 6.

206 1905 355 1982 Ηῖἱιέιὲε.
387 1907 539 1939 servitia
555 1907 593 1938 in
609 1908 750 1940 vicis—
762 1907 1013 1940 sollicitabant
1027 1907 1054 1939 O
1068 1906 1121 1947 50,
1141 1906 1168 1940 1.
1201 1907 1301 1939 vicos
1320 1906 1510 1948 castellaq.
1527 1906 1723 1939 incendere

251 1995 420 2028 videlicet.
452 1998 593 2029 censuit
613 2015 649 2020 —
669 1997 844 2030 videlicet
860 1998 1011 2037 timens,
1030 2007 1075 2029 ne
1094 2015 1134 2019 —
1154 1996 1181 2028 O
1199 1995 1253 2037 52,
1276 1995 1327 2028 14.
1370 1995 1605 2036 cunctamini,
1622 1995 1723 2029 vide-

207 2041 296 2072 licet
313 2041 393 2073 deis
412 2041 539 2074 confisi
558 2042 584 2074 C
603 2042 656 2083 52,
677 2042 731 2074 28.
773 2043 958 2075 Videlicet
976 2045 1101 2074 cetera
1118 2042 1197 2074 vita
1215 2051 1337 2073 eorum
1353 2041 1437 2074 huic
1455 2040 1586 2073 sceleri
1602 2041 1725 2073 obstat

209 2085 235 2117 C
260 2084 320 2124 52,
346 2085 402 2118 32.
444 2088 584 2119 factum
610 2105 646 2110 —
675 2088 880 2120 calliditate
903 2087 1121 2130 Iugurthae,
1148 2087 1206 2118 cui
1229 2086 1404 2119 videlicet
1425 2085 1631 2129 speculanti
1653 2085 1725 2118 iter

207 2139 310 2164 suum
327 2132 511 2173 cognitum
524 2135 627 2169 ,esset
642 2133 667 2164 J
680 2132 760 2172 107,
779 2132 809 2165 3.

252 2177 359 2208 video.
391 2177 500 2208 sicuti
517 2177 649 2209 videtis
666 2178 690 2209 J
710 2177 760 2216 14,
776 2177 826 2209 10.
861 2187 955 2219 quae
973 2177 1046 2209 nisi
1064 2177 1128 2216 eis,
1148 2176 1208 2218 qui
1224 2176 1361 2219 videre,
1376 2176 1514 2208 nemini
1531 2175 1724 2208 credibilia

208 2224 291 2253 sunt
310 2221 336 2252 C
361 2220 417 2259 13,
439 2220 467 2253 1.
510 2221 571 2262 qui
595 2222 711 2254 visum
735 2225 993 2263 processerant
1007 2222 1032 2254 J
1047 2221 1106 2261 94,
1125 2222 1157 2253 5.
1201 2232 1246 2253 ea
1264 2239 1308 2243 —-
1325 2221 1454 2253 facilia
1471 2221 1553 2253 visu
1569 2220 1593 2253 J
1609 2219 1670 2261 98,
1690 2221 1722 2252 7.

211 2264 284 2305 11-3,
305 2267 337 2298 2.
380 2276 472 2306 quae
491 2266 546 2297 illi
563 2266 689 2298 audire
710 2270 771 2298 aut
787 2267 911 2309 legere
930 2267 1061 2307 solent,
1082 2277 1204 2299 eorum
1221 2269 1363 2308 partem
1379 2266 1464 2305 vidi,
1485 2265 1561 2298 alia
1577 2267 1724 2308 egomet

209 2311 308 2353 gessi
322 2311 347 2343 J
363 2309 417 2349 85,
441 2309 492 2342 13.
534 2321 580 2342 ne
597 2311 740 2343 videret
758 2322 802 2343 ea
814 2337 822 2351 ,
849 2323 941 2353 quae
961 2313 1087 2344 audita
1103 2329 1147 2335 —
1164 2311 1322 2343 tolerare
1340 2311 1559 2353 nequiverat
1573 2310 1597 2343 J
1613 2309 1668 2351 87,
1687 2310 1722 2342 2.

207 2356 385 2388 humanas
408 2355 545 2387 hostias
568 2356 713 2388 vidistis
739 2359 775 2387 et
799 2357 968 2398 sepulcra
994 2357 1134 2388 infecta
1159 2357 1337 2398 sanguine
1363 2356 1463 2388 civili
1486 2356 1523 2387 H
1544 2356 1561 2387 I
1583 2355 1647 2395 41,
1670 2355 1720 2387 14.
1745 2396 1748 2399 Α

207 2401 307 2433 videt
324 2401 422 2442 regis
440 2400 671 2443 largitionem
689 2401 867 2432 famosam
885 2401 1154 2443 inpudentemq.
1172 2402 1201 2434 J·
1217 2401 1267 2440 15,
1287 2401 1319 2433 5.
1360 2404 1485 2433 tantas
1503 2400 1723 2442 asperitates

208 2446 303 2477 —·H
319 2446 336 2477 Ι
352 2445 407 2477 68.
442 2456 486 2477 ex
503 2446 681 2488 gregariis
699 2445 874 2477 militibus
894 2445 984 2477 alios
1003 2450 1191 2478 senatores
1205 2446 1392 2485 videbant,
1412 2445 1503 2477 alios
1520 2446 1573 2478 ita
1589 2445 1723 2477 divites

209 2491 235 2522 C
254 2490 351 2530 37,6.
386 2490 542 2528 omnium
561 2491 699 2523 animos
717 2490 852 2522 alacris
869 2491 970 2522 videt
987 2490 1013 2521 C
1033 2490 1129 2530 2l,5.
1165 2502 1224 2523 eos
1242 2491 1454 2523 convenisse
1471 2490 1572 2522 videt
1590 2488 1679 2530 020,
1694 2488 1723 2520 1.

209 2535 269 2576 35,
296 2535 317 2568 3
342 2534 419 2576 (me
436 2553 479 2558 —-
497 2535 697 2567 alienatum
715 2534 828 2576 esse).
853 2534 916 2576 40,
935 2534 956 2567 3
981 2535 1085 2574 (illos
1111 2535 1245 2576 queri).
1279 2535 1342 2575 52,
1365 2534 1415 2567 18.
1442 2534 1502 2574 60,
1520 2534 1553 2567 5.
1584 2534 1609 2566 J
1633 2534 1671 2574 7,
1692 2532 1722 2566 l.

209 2580 269 2621 51,
290 2580 321 2613 3.
348 2580 410 2620 53,
430 2580 460 2612 1.
486 2580 542 2621 54,
560 2581 591 2614 5.
618 2579 677 2619 56,
697 2580 718 2612 5
736 2579 789 2621 (se
807 2580 900 2612 dolis
918 2578 1094 2622 fatigari).
1122 2579 1182 2619 64,
1205 2579 1233 2611 1.
1259 2579 1320 2620 69,
1344 2579 1360 2611 1
1386 2580 1516 2621 (neque
1536 2588 1644 2621 agros
1659 2588 1722 2611 va-

209 2626 299 2658 stari
324 2628 360 2658 et
383 2626 516 2668 primos
541 2626 600 2667 qui
625 2626 778 2657 aderant
801 2624 975 2658 Numidas
1001 2624 1141 2666 equites
1165 2624 1316 2665 vident).
1343 2623 1397 2663 76,
1416 2623 1437 2655 6
1454 2624 1606 2664 (murum
1620 2622 1724 2654 feriri

209 2681 304 2712 resq.
323 2680 408 2703 suas
427 2669 619 2711 adflictas).
644 2670 680 2702 H
696 2671 714 2702 Ι
730 2669 784 2710 48,
803 2669 835 2702 6.
877 2669 978 2702 videt
1001 2679 1082 2701 sese
1101 2668 1264 2700 clausum
1282 2668 1308 2700 C
1327 2668 1388 2708 57,
1408 2667 1429 2700 5
1446 2668 1518 2708 (res
1537 2667 1720 2709 advorsas,

209 2726 328 2757 neque
357 2732 393 2738 -—
420 2714 541 2758 spem)
567 2718 651 2748 conl.
677 2714 737 2755 60,
757 2715 788 2747 7.
814 2715 838 2747 J
854 2713 917 2755 20,
938 2713 967 2746 1.
994 2712 1054 2753 79,
1073 2713 1107 2745 7.
1149 2723 1280 2755 agmen
1304 2723 1386 2745 suos
1410 2715 1723 2755 praetergressum

210 2761 310 2793 videt
324 2760 349 2793 J
365 2759 419 2798 50,
438 2759 469 2792 3.
495 2759 548 2799 53,
569 2760 600 2793 3.
628 2759 681 2799 76,
701 2760 733 2792 2.
759 2758 814 2800 86,
835 2759 865 2791 1.
905 2759 1006 2792 videt
1021 2759 1156 2791 frustra
1173 2759 1357 2800 inceptum
1373 2758 1396 2790 J
1413 2756 1453 2789 61
1467 2783 1474 2797 ‚
1497 2757 1527 2789 1.
1552 2757 1638 2790 luxu
1662 2767 1722 2790 ca-

211 2805 359 2837 rendum
378 2805 478 2837 videt
495 2806 529 2836 H
546 2804 632 2845 Ι-48,
651 2804 703 2836 11.
737 2804 876 2836 utinam
893 2804 993 2836 illum
1012 2803 1139 2836 eadem
1157 2803 1386 2835 simulantem
1403 2802 1547 2835 videam
1563 2803 1587 2835 J
1606 2801 1722 2840 14,2l.

210 2850 317 2882 video
342 2851 566 2892 indigentem
590 2868 631 2873 —
656 2853 911 2892 properantem
935 2849 971 2881 H
993 2850 1024 2881 V
1049 2848 1102 2881 15.
1155 2847 1297 2888 videte,
1332 2857 1438 2889 quam
1468 2847 1583 2889 iniqui
1604 2847 1677 2879 sint
1698 2847 1723 2880 J

211 2894 266 2935 85,
285 2895 340 2926 25.
373 2894 548 2928 Lucullus
566 2890 712 2937 quantis
731 2894 861 2927 animis
877 2894 963 2926 ierit
980 2894 1018 2926 in
1035 2893 1308 2934 L.Quinctium,
1325 2892 1467 2925 vidistis
1484 2892 1518 2924 H
1533 2892 1587 2924 III
1602 2890 1721 2932 61,11.
