1780 3276
178 251 228 292 14
597 263 895 291 HISTORIARVM
926 263 1007 289 Lm.
1039 263 1055 289 1
1093 257 1264 292 41—44.

175 366 332 403 nomina
356 364 512 402 indidit:
541 374 669 413 neque
700 361 811 399 aliter
841 373 926 400 rem
954 361 1220 412 publicamet
1244 361 1336 401 belli
1366 362 1586 408 finemsait,
1619 363 1690 401 nisi

175 436 330 470 maneat
358 429 517 482 expulsa
548 429 653 478 agris
681 427 835 479 plebes,
868 429 1014 479 praeda
1044 429 1162 468 civilis
1187 428 1471 474 acerbissuma‚
1504 431 1563 469 ius
1592 430 1690 469 iudi-

177 500 356 549 ciumque
386 497 559 534 omnium
590 507 723 534 rerum
745 507 866 546 penes
893 509 947 541 se,
980 497 1084 548 quod
1112 497 1245 548 populi
1266 496 1430 535 Romani
1454 496 1534 535 fuit.
1585 495 1692 542 Quae
1716 503 1760 535 25

176 566 207 603 si
240 564 347 602 vobis
378 575 453 613 pax
493 566 530 601 ct
566 563 765 613 conposita
797 563 1096 614 intelleguntur,
1134 576 1315 603 maxuma
1351 550 1599 603 turbamenta
1636 564 1696 603 rei

147 631 355 682 5puhlicae
399 635 515 681 atque
550 631 664 669 exitia
695 630 878 681 probate,
919 632 1075 670 adnuite
1115 631 1268 681 legibus
1299 632 1494 683 inpositis,
1533 631 1695 681 accipite

177 699 297 737 otium
329 709 416 736 cum
446 698 615 742 servitio,
649 701 686 736 et
710 697 851 737 tradite
875 696 1105 749 exemplum'
1119 700 1285 750 posteris
1313 699 1360 737 ad
1388 711 1474 737 rem
1498 697 1695 749 publicam

176 766 315 804 suimet
345 765 544 814 sanguinis
565 765 747 804 mercede
768 766 1164 805 circumveniundam.
1224 752 1327 810 Mihi,
1361 778 1596 816 quamquam
1623 765 1694 816 pei·
1718 772 1762 805 26

178 834 252 872 hoc
272 845 468 872 summum
489 833 683 882 inperium
709 834 799 872 satis
825 834 1041 885 quaesitum
1064 837 1148 872 erat
1167 834 1313 872 nomini
1334 834 1538 878 maiorum,
1571 832 1693 882 digni-

176 902 389 951 tatiatque
419 900 533 938 etiam
563 900 769 950 praesidio,
801 904 930 940 tamen
963 913 1043 940 non
1073 901 1144 939 fuit
1175 900 1379 939 consilium
1403 901 1570 950 privatas
1601 910 1696 949 opes

135 984 165 1008 10
178 968 320 1012 facere,
352 968 558 1018 potiorque
587 968 664 1006 visa
692 971 750 1006 est
779 967 997 1018 periculosa
1022 967 1182 1006 libertas
1203 968 1333 1018 quieto
1355 967 1524 1006 servitio.
1588 965 1695 1011 Quae
1720 978 1762 1010 27

178 1037 210 1074 si
239 1035 426 1086 probatis,
459 1035 603 1079 adeste,
637 1034 826 1080 Quirites,
856 1039 894 1073 ct
919 1034 1019 1073 boue
1047 1034 1266 1073 iuvantibus
1293 1035 1388 1073 divis
1415 1033 1464 1072 M.
1492 1033 1719 1077 Aemilium,

179 1102 378 1142 consulem
410 1103 549 1142 ducem
576 1106 837 1162 etauctoreiii
863 1103 1068 1153 sequimini
1095 1102 1143 1141 ad
1172 1101 1695 1153 recipiundamlibertatem.

181 1215 209 1248 l.
239 1216 345 1248 aliter
361 1215 491 1258 populo
516 1215 678 1246 Romano
713 1225 793 1246 esse
819 1213 907 1246 belli
939 1213 1046 1245 finem
1075 1215 1165 1246 Corl.
1215 1213 1322 1245 finem
1355 1223 1435 1245 esse
1466 1215 1518 1245 vel
1550 1212 1619 1244 emi
1645 1213 1698 1244 ait

178 1263 263 1293 coni.
291 1261 411 1301 Ma'lziy
435 1263 455 1292 I.
483 1271 511 1292 e.
537 1271 571 1301 p.
599 1259 659 1299 79;
685 1260 835 1302 equidem
851 1260 959 1290 malim
984 1269 1059 1290 rem
1073 1259 1255 1301 publicam
1273 1258 1412 1290 firmam
1431 1261 1467 1289 et
1483 1257 1572 1289 belli
1589 1257 1697 1288 finem

180 1307 243 1346 ait,
270 1308 414 1348 quamvis
438 1316 478 1337 ne
503 1309 568 1336 tum
594 1306 723 1347 quidem
746 1305 954 1336 veliementer
977 1306 1172 1346 repitynem,
1203 1306 1236 1335 si
1265 1306 1336 1346 quis
1367 1307 1445 1345 post
1473 1302 1581 1334 finem
1605 1303 1698 1334 emei-

179 1353 267 1383 disse
295 1351 452 1381 futurum
476 1350 645 1382 statuerit.
671 1367 714 1371 --
739 1349 771 1381 2.
801 1350 1011 1381 Constructio
1035 1349 1208 1381 verborum
1226 1350 1274 1380 ita
1297 1349 1452 1389 inpedita
1475 1352 1536 1386 est,
1562 1351 1598 1378 ut
1617 1350 1699 1388 post

180 1395 429 1428 acerbissuma
453 1395 622 1427 excidisse
647 1395 792 1432 credam,
818 1395 909 1435 apud
935 1404 1016 1436 quos
1040 1395 1174 1435 praeda
1197 1396 1300 1425 civilis
1325 1394 1366 1424 (le
1392 1392 1506 1424 Sullae
1530 1393 1699 1424 sententia

178 1451 313 1473 manere
343 1440 474 1472 debeat.
508 1457 553 1462 -—
577 1439 608 1470 4.
636 1450 708 1481 pax
734 1442 770 1471 et
795 1439 996 1480 composita
1022 1437 1064 1473 Q.
1114 1449 1187 1480 pax
1213 1441 1249 1470 et
1275 1437 1469 1469 concordia
1493 1437 1573 1469 Ald.
1604 1437 1696 1469 Cort.

178 1486 245 1518 Kr.
281 1488 371 1528 quod
400 1495 474 1517 esse
506 1489 539 1516 in
569 1485 648 1516 Vat.
678 1484 705 1515 Γ
725 1488 758 1516 et
783 1482 803 1515 3
828 1485 960 1515 dicitur.
1008 1483 1074 1519 *An
1106 1494 1178 1525 pax
1204 1483 1392 1525 conposita
1419 1485 1454 1514 et
1481 1481 1698 1525 concord-ia?

178 1549 223 1553 -—
246 1530 278 1563 9.
305 1530 454 1572 praedio
480 1528 523 1564 Q.
551 1547 592 1551 ——
625 1528 675 1561 ll.
702 1529 907 1560 Aemillium
932 1527 975 1563 513.

293 1619 347 1659 42
378 1619 456 1672 [ΚΓ.
479 1634 544 1670 per
565 1633 634 1658 err.
657 1621 724 1658 inc.
746 1623 801 1656 52.
830 1621 868 1657 G.
890 1621 902 1656 l
929 1617 998 1670 17].
1050 1618 1355 1670 Tyrannumque
1378 1621 1415 1656 et
1435 1616 1596 1656 Cinnam
1616 1628 1698 1655 ma—

181 1699 296 1727 xuma
325 1699 418 1734 voce
448 1685 660 1737 adpellans.

295 1767 394 1798 Serv.
415 1766 461 1797 ad
478 1766 587 1807 Verg.
613 1764 703 1797 Aen.
729 1765 779 1797 IV
796 1763 878 1796 215:
905 1763 1089 1796 Probi-osis
1114 1765 1207 1802 enim,
1234 1774 1300 1796 non
1325 1763 1452 1795 lenibus
1475 1758 1624 1805 [verbis]
1646 1772 1699 1794 ve—

180 1816 271 1844 teres
295 1814 444 1843 convicia
468 1811 633 1848 dicebant,
658 1814 694 1841 ut
710 1810 906 1842 Sallustius:
931 1812 1194 1850 tyrannumque
1221 1808 1414 1840 excivitam
1436 1808 1594 1839 maxima
1609 1816 1698 1839 voce

183 1856 383 1899 appellans.
432 1856 484 1887 Id.
513 1855 558 1887 ad
581 1856 598 1886 I
622 1855 659 1886 5:
687 1856 772 1886 duas
796 1855 1042 1886 coniunctiones
1066 1858 1248 1895 separatas
1272 1855 1475 1885 naturaliter
1498 1863 1590 1884 nemo
1621 1862 1699 1884 eon-

180 1904 283 1943 iunyit
311 1919 352 1923 -—-
370 1900 568 1932 Sallustius:
594 1903 856 1942 tyrannumque
883 1902 919 1930 et
945 1898 1110 1930 Cinnani.
1142 1916 1187 1921 —
1217 1899 1351 1930 Victor.
1380 1898 1425 1929 ad
1451 1897 1527 1928 Cic.
1555 1897 1697 1933 deinv.

182 1958 216 1989 p.
243 1946 304 1977 70:
338 1946 503 1977 interdum
535 1963 577 1967 —-
602 1956 648 1977 ea)
678 1945 814 1976 libidine
846 1949 879 1976 et
910 1947 1053 1986 quadam
1083 1943 1328 1975 obtrectatione
1361 1952 1477 1979 nomen
1508 1945 1697 1983 imponitur,

181 1997 215 2031 ut
240 1993 322 2023 illud
344 1993 376 2022 in
401 1990 583 2022 Sallustio:
607 1993 870 2033 tyrannumque
897 1992 933 2020 et
958 1988 1111 2020 Cinnam
1138 1987 1377 2030 appellantes.
1408 2005 1452 2010 —
1488 1986 1699 2019 Convicium

182 2037 219 2068 in
244 2038 291 2068 M.
324 2036 516 2067 Aemilium
547 2035 725 2077 Lepidum
757 2035 893 2065 iactum
927 2043 1006 2064 esse
1041 2035 1147 2064 acute
1178 2033 1337 2064 ostendit
1367 2032 1476 2063 Link.
1510 2032 1553 2063 de
1578 2031 1697 2073 praef.

181 2082 259 2113 urb.
286 2092 320 2122 p.
348 2081 385 2120 73
412 2083 467 2112 set
492 2090 572 2111 cum
597 2081 698 2112 Serv.
725 2080 917 2120 adpellans,
950 2078 1045 2109 Vict.
1079 2079 1290 2119 appellantes
1321 2077 1461 2115 tradat,
1493 2077 1529 2108 in
1560 2077 1700 2108 incerto

183 2125 475 2167 relinquendum,
508 2128 626 2155 utrum
652 2124 697 2155 ab
724 2122 925 2162 Q..Catu10
951 2122 1106 2164 con-lega
1138 2133 1185 2154 an
1218 2122 1263 2154 ab
1289 2122 1533 2164 optumatibus
1565 2121 1711 2153 dietum.

183 2171 304 2210 fuerit,
331 2179 547 2211 quamquam
571 2169 659 2200 illud
684 2168 880 2199 seeundum
905 2167 995 2209 App.
1023 2167 1067 2199 de
1085 2167 1119 2198 b.
1148 2177 1177 2199 c.
1204 2168 1221 2198 Ι
1250 2166 1309 2198 107
1335 2177 1370 2208 p.
1389 2167 1455 2198 524
1476 2166 1594 2198 Bekk.
1620 2166 1700 2199 veri

183 2215 334 2247 similius
359 2214 513 2247 videtur.

296 2303 349 2342 43
379 2303 458 2356 [ΚΓ.
485 2308 541 2341 46.
574 2305 612 2341 G.
630 2302 711 2354 59].
761 2302 860 2348 Quin
888 2302 1049 2341 lenones
1079 2306 1116 2341 et
1144 2303 1280 2341 vinarii
1309 2301 1498 2353 laniique,
1531 2313 1699 2353 quorum

183 2377 387 2424 praeterea
411 2371 547 2421 volgus
575 2372 614 2409 in
645 2370 727 2409 dies
761 2382 873 2409 usum
905 2370 1052 2409 habere
1077 2369 1186 2414 solet,
1218 2370 1351 2420 precio
1382 2369 1582 2420 conpositi.

295 2453 386 2484 Non.
412 2462 447 2493 p.
476 2449 539 2481 180
565 2450 620 2481 ed.
647 2450 689 2480 R.
719 2449 924 2490 Conzponere
944 2460 1011 2490 pro
1036 2450 1213 2480 redimere.
1262 2448 1439 2480 Sallustius
1463 2448 1517 2480 lib.
1543 2448 1576 2479 I:
1604 2447 1699 2487 Quin

182 2496 331 2529 lenones
358 2499 393 2527 et
417 2495 549 2528 vinarii
572 2494 744 2535 laniique,
772 2502 919 2535 quorum
936 2496 1131 2535 praeterea
1147 2493 1276 2535 vulgus
1300 2493 1338 2524 in
1361 2493 1439 2524 dies
1455 2499 1557 2524 usum
1574 2492 1696 2531 habet,

183 2543 300 2584 pretio
333 2541 533 2583 compositi.
566 2557 609 2562 —
641 2539 781 2570 Charis.
808 2549 843 2580 p.
870 2538 912 2569 75
937 2539 981 2570 K.
1016 2539 1145 2570 Lanius
1169 2539 1308 2575 dieitur,
1340 2542 1375 2569 ut
1412 2538 1586 2570 Terentius
1615 2539 1702 2569 ‘Ioni

182 2589 264 2619 coci’
289 2591 322 2618 et
347 2586 545 2618 Sallustius:
571 2584 655 2626 quin
679 2583 811 2616 vinarii
835 2583 997 2625 laniique
1025 2583 1206 2624 [laniique
1231 2586 1324 2614 recte
1349 2584 1429 2614 add.
1455 2583 1621 2621 Putsclz.]‚
1647 2582 1704 2613 uhi

182 2633 265 2664 illud
288 2642 416 2674 quoque
440 2630 624 2665 notabimus
648 2630 807 2660 vinarium
832 2629 901 2660 dici
927 2627 1042 2670 {recte
1068 2628 1121 2659 ita
1140 2627 1324 2669 conplevit
1341 2627 1517 2664 Putscli.].
1545 2645 1584 2648 —
1612 2627 1698 2658 Per-

182 2679 299 2708 tinere
324 2676 437 2709 verba
464 2675 509 2707 ad
533 2677 666 2706 motum
691 2672 917 2714 Lepidanum
941 2673 1299 2704 manufestissumum
1326 2675 1392 2703 est.

297 2756 350 2794 44
379 2758 438 2793 ΚΓ.
459 2760 515 2791 47.
546 2755 584 2790 G.
607 2751 682 2804 52].
735 2751 795 2790 Uti
822 2751 990 2801 Lepidus
1020 2755 1058 2789 et
1084 2749 1239 2789 Catulus
1269 2749 1437 2788 decretis
1467 2749 1701 2809 exercitibus

184 2827 425 2861 maturrume
455 2821 808 2872 proficiscerentur.

298 2889 439 2921 Charis.
466 2900 500 2930 p.
527 2887 609 2919 205:
637 2888 848 2920 Maturrime.
876 2904 916 2908 ——-
949 2884 1128 2916 Sallustius
1151 2884 1364 2916 historiarum
1390 2883 1422 2915 I:
1456 2883 1509 2915 uti
1541 2882 1700 2925 Lepidus

187 2936 224 2965 et
248 2933 398 2965 Catulus
423 2933 581 2964 decretis
607 2932 826 2963 exercitibus
851 2930 1059 2963 maturrime
1085 2928 1414 2971 proficiscerentur.
