1826 3282
237 247 290 289 32
693 258 990 288 msromARvM
1014 258 1094 288 1213.
1125 261 1158 288 11
1187 255 1222 292 6.
1250 253 1283 292 7.

236 368 271 395 ut
300 367 399 394 etiam
423 360 599 392 Sallustius
631 363 745 400 docet,
776 365 856 402 post
881 363 1037 394 laniatum
1068 373 1089 393 a
1119 362 1257 395 canibus
1282 363 1486 395 Actaeonem
1505 364 1608 404 filium
1631 364 1751 395 matris
1788 381 1791 385 ·

236 411 391 440 instinctu
421 406 548 437 Thebas
578 407 713 448 reliquit
744 410 776 437 et
804 407 900 438 Ceam
930 409 1068 439 insulam
1083 409 1196 440 'tenuit
1225 409 1332 450 primo
1358 409 1466 441 adhuc
1489 408 1669 441 hominibus
1692 419 1748 440 va-

236 464 337 489 cuam,
362 455 440 493 post
456 461 497 482 ea
513 451 632 482 relicta
649 462 718 482 cum
736 451 894 491 Daedalo
907 454 954 484 ad
968 451 1161 485 Sardiniam
1174 456 1349 485 transitum
1363 454 1457 494 feeit.
1506 453 1608 494 Quae
1633 453 1748 486 verba

238 497 385 529 Sallusti
409 506 480 527 non
506 506 585 527 csse
611 496 700 528 satis
727 496 889 538 adparet.
938 498 1094 529 Kritzius
1123 499 1254 531 Cretam
1279 509 1342 540 pro
1370 499 1466 531 Ceam
1490 498 1549 531 vel
1576 499 1707 539 Caeam.

349 564 409 603 *6
437 563 516 616 [Kr.
538 570 574 602 et
595 565 633 601 G.
658 568 699 600 10
719 571 754 602 et
777 563 847 616 ll].
883 588 928 593 —-
960 564 1023 604 alii
1052 565 1270 605 Sardiniam
1301 570 1526 606 tenuerunt.

350 632 450 664 Serv.
478 631 523 663 ad
548 632 656 673 Verg.
684 631 772 663 Aen.
795 632 817 663 21
842 632 924 663 242:
959 633 1033 665 Non
1064 636 1136 665 sine
1161 644 1263 666 eausa
1289 634 1473 666 Antenoris
1502 634 1617 676 posuit
1641 642 1752 665 eoeem-

234 681 333 720 plum,
359 688 429 709 eum
452 679 544 708 multi
565 679 733 708 evaserint
762 677 983 709 Troianorum·
1002 680 1204 719 periculum:
1235 683 1269 710 ut
1297 680 1426 721 Capys,
1457 681 1514 722 qui
1539 678 1751 720 Campaniam
1805 688 1809 699 Δ

236 725 351 761 tenuit,
378 723 610 765 Helenusqui
632 722 886 754 Macedoniam:
912 727 945 754 ut
970 724 1028 755 alii
1052 727 1108 766 qui
1130 723 1323 756 Sardiniam
1346 726 1525 756 sec-undum
1549 723 1750 756 Sallustium.

238 770 291 801 Id.
319 769 365 803 ad
389 769 405 800 I
429 766 511 800 601:
538 767 640 799 Multi
662 769 745 799 enim
766 772 846 809 post
869 769 1034 800 eaecidium
1057 768 1179 801 Troiae
1196 769 1287 801 orbis
1304 770 1439 801 diversa
1461 773 1657 801 tenuerunt:
1682 768 1763 806 He-=

238 817 330 846 lenus
354 814 512 856 Epirum,
539 813 694 845 Antenor
723 813 914 849 Venetiam,
947 816 1006 845 alii
1029 813 1222 846 Sardiniam
1251 815 1428 846 seeundum
1455 815 1663 851 Sallustium,
1697 813 1757 845 alti

237 862 346 892 vicina
369 858 526 901 Syrtibus
550 860 624 890 loca
646 859 824 890 secundum
848 859 1028 890 Lucanum.
1071 859 1209 898 Quibus
1226 859 1316 891 locis
1334 850 1528 902 (fiigenter
1546 858 1753 891 considera·-

238 906 284 937 tis
311 907 347 936 et
371 903 598 946 conparatis,
630 902 720 934 nihil
753 903 849 935 aliud
875 903 1045 935 Sallustio
1075 905 1185 936 tribui
1216 905 1376 947 potuisse
1410 905 1582 947 adparet,
1613 903 1686 936 nisi
1708 903 1753 935 de

240 951 389 983 coloniis
416 950 461 981 ab
479 948 646 981 Troianis
663 948 701 979 in
719 948 887 980 Sardinia
905 949 1059 980 conditis
1079 958 1158 981 eum
1175 950 1395 989 narravisse,
1420 960 1489 981 nec
1514 960 1600 982 vero
1619 948 1753 991 Capys,

239 996 448 1035 Antenoris,
481 993 614 1026 Heleni
639 993 859 1026 mentionem
892 994 936 1025 ab
970 1004 1011 1025 eo
1044 994 1182 1026 factam
1213 995 1338 1026 fuisse.
1388 995 1451 1027 Set
1481 994 1569 1026 illud
1600 994 1685 1036 quin
1717 993 1755 1025 in

239 1042 330 1073 libro
355 1040 511 1073 secundo
538 1039 675 1071 factum
700 1038 810 1070 fuerit
833 1049 905 1070 non
929 1039 1074 1071 dubium
1099 1044 1166 1071 est.

354 1086 442 1118 Cum
466 1084 527 1116 illo
553 1084 758 1126 fragmento
783 1084 942 1116 Kritzius
969 1087 1005 1115 et
1023 1085 1238 1117 Gerlachius
1253 1085 1471 1117 coniunxere
1487 1085 1575 1117 hoc:
1607 1084 1755 1116 Troiano

239 1137 389 1175 tempore
411 1131 673 1163 invadendarum
697 1133 864 1161 terrarum
888 1140 1009 1161 caussa
1029 1130 1148 1169 fuerat
1164 1132 1342 1172 navigatio,
1368 1141 1441 1162 non
1464 1131 1546 1173 ipsa
1570 1128 1757 1171 scriptoris

240 1179 354 1212 verba
380 1184 459 1209 esse
486 1175 759 1214 contendentes,
786 1178 841 1206 set
867 1178 966 1206 certe
984 1176 1215 1208 sententiam.
1258 1177 1321 1208 Set
1340 1175 1607 1207 consideremus
1624 1174 1756 1214 locum,

240 1224 335 1255 unde
368 1231 572 1264 sumpsere,
608 1221 709 1253 Serv.
737 1220 782 1251 ad
806 1221 916 1262 Verg.
942 1220 1031 1252 Aen.
1059 1220 1076 1252 I
1099 1220 1182 1253 299:
1216 1225 1273 1253 aut
1304 1225 1395 1253 certe
1423 1221 1492 1262 fati
1525 1220 1755 1256 Troianorum,

242 1271 299 1312 qui
321 1279 386 1301 non
410 1271 529 1309 sponte
553 1267 615 1298 sed
638 1269 837 1297 necessitate
863 1267 909 1297 ad
931 1265 1088 1306 Africam
1110 1270 1287 1304 venerant,
1323 1267 1414 1309 quod
1441 1268 1553 1308 utique
1578 1264 1758 1307 ignorabat

242 1315 343 1347 Dido.
392 1313 458 1345 Illo
483 1313 567 1344 enim
590 1315 740 1352 tempore
765 1311 1026 1343 invadendarum
1050 1315 1222 1343 terrarum
1246 1322 1351 1343 causa
1370 1312 1488 1352 fuerat
1513 1311 1696 1352 navigatio,
1721 1313 1757 1341 ut

242 1361 419 1392 Sallustius
443 1358 594 1395 meminit,
616 1357 715 1397 facili
728 1358 794 1387 tum
817 1359 997 1388 mutatione
1020 1357 1164 1389 sedium:
1191 1358 1279 1400 quod
1303 1359 1401 1389 etiam
1425 1360 1591 1388 eoecusant
1619 1355 1762 1387 Troiani

244 1409 319 1437 ‘non
336 1415 396 1437 nos
420 1407 477 1435 aut
497 1403 596 1444 ferro
620 1401 768 1443 Libycos
787 1402 955 1443 populare
980 1402 1128 1434 Penates
1150 1404 1316 1434 venimus'.
1356 1402 1483 1434 Nonne
1511 1401 1665 1443 adparet
1687 1399 1757 1431 hoc

244 1451 552 1483 conmentatorem
578 1447 699 1479 dicere
717 1446 895 1483 voluisse:
920 1446 982 1478 illo
999 1449 1160 1489 tempore
1179 1446 1310 1479 multos
1328 1458 1393 1489 per
1409 1446 1589 1489 procellas
1608 1447 1756 1478 coaetos

242 1496 376 1529 invitos
401 1495 439 1526 in
464 1493 613 1526 aliorum
637 1497 755 1524 terras
779 1492 950 1524 venisse?
997 1492 1113 1532 Quam
1145 1493 1364 1524 sententiam
1388 1503 1471 1524 num
1498 1491 1616 1523 credis
1641 1489 1756 1522 Sallu-

244 1542 352 1573 stium
377 1540 428 1572 eis
453 1539 575 1572 verbis
594 1537 829 1580 expressisse,
849 1546 944 1579 quae
963 1536 1110 1570 Servius
1131 1538 1276 1580 posuit?
1324 1538 1386 1586 Set
1411 1547 1490 1569 eum
1517 1547 1561 1568 ea
1584 1546 1657 1568 non
1674 1545 1757 1577 0011-

243 1587 394 1620 veniunt
425 1595 518 1627 quae
550 1587 731 1615 secuntur.
785 1582 922 1614 Facilis
955 1583 1050 1614 enim
1081 1583 1231 1615 mutatio
1257 1582 1394 1614 sedium
1418 1582 1581 1614 homines
1605 1579 1757 1623 inpelle-

244 1633 320 1672 bat,
345 1635 384 1663 ut
407 1630 527 1673 patria
552 1639 617 1660 sua
642 1628 887 1670 demigrarent
913 1627 1074 1669 aliasque
1108 1628 1214 1660 sedes
1246 1631 1475 1670 quaererent.
1523 1627 1758 1668 Perspicuum

244 1678 355 1721 igitur
387 1679 442 1708 est
473 1677 781 1707 conmentatorem
811 1673 965 1715 Vergilii
996 1673 1232 1705 festinantem
1263 1673 1330 1705 duo
1363 1671 1638 1705 conmiscuisse:
1678 1679 1758 1710 cum

191 1755 194 1757 .
244 1721 478 1765 navigatione
503 1721 653 1753 inventa
685 1722 721 1750 et
752 1718 896 1750 exculta
928 1718 1048 1750 facilis
1075 1721 1171 1750 esset
1202 1718 1352 1750 mutatio
1379 1718 1533 1756 sedium,
1567 1716 1756 1755 Troianos,

186 1771 188 1773 '
246 1768 306 1810 qui
336 1766 514 1799 excidium
544 1765 687 1807 patriae
713 1766 924 1804 evaserant,
955 1767 996 1795 ut
1021 1763 1112 1795 alias
1137 1767 1254 1795 terras
1278 1763 1432 1796 navibus
1457 1764 1640 1805 peterent,
1675 1770 1757 1792 con-

245 1816 371 1853 motos,
398 1815 454 1844 set
477 1811 606 1843 multos
630 1820 694 1852 per
718 1811 955 1851 tempestates
980 1809 1018 1840 in
1042 1809 1115 1841 alia
1139 1809 1231 1849 loca,
1259 1818 1364 1850 quam
1384 1818 1476 1850 quae
1493 1809 1672 1850 peterent,
1698 1805 1758 1850 de-

245 1860 340 1891 latos
366 1868 457 1890 esse.
507 1857 585 1888 Iam
610 1857 640 1886 si
665 1855 743 1897 quis
769 1854 978 1886 Sallustium
1003 1854 1232 1886 contenderit
1253 1855 1462 1886 narravisse
1495 1862 1556 1885 eos
1580 1851 1758 1884 Troianos

247 1905 307 1947 qui
330 1904 368 1935 in
393 1901 595 1935 Sardiniam
620 1900 890 1943 pervenissent,
923 1910 995 1931 non
1028 1910 1093 1931 sua
1118 1902 1257 1942 sponte,
1284 1902 1340 1930 set
1362 1898 1582 1930 necessitate
1609 1896 1654 1928 ad
1678 1905 1759 1928 eam

246 1950 401 1981 insulam
435 1947 635 1990 adpulisse,
667 1945 757 1976 nihil
780 1945 1013 1984 habebimus,
1048 1956 1114 1986 quo
1149 1955 1228 1976 eam
1257 1943 1496 1986 suspicionem
1522 1941 1654 1974 falsam
1679 1950 1758 1972 esse

247 1995 489 2027 ostendamus.
539 1992 602 2024 Set
625 1991 739 2024 verba
768 1995 803 2021 ut
827 1990 1004 2022 Sallustius
1027 1991 1169 2022 meminit
1199 1999 1269 2021 non
1298 1989 1415 2020 minus
1446 1991 1545 2019 recte
1580 1986 1625 2018 ad
1654 1995 1758 2028 prae-

248 2051 386 2083 gressa,
414 2049 519 2080 quam
546 2037 591 2069 ad
616 2036 806 2078 sequentia
827 2036 926 2075 facili
940 2040 1005 2066 tum
1021 2037 1200 2066 mutatione
1224 2035 1350 2066 sedium
1373 2033 1580 2065 referuntur
1605 2031 1693 2073 (cfr.
1714 2030 1760 2063 ad

248 2088 292 2118 fr.
321 2084 395 2127 16);
423 2088 458 2115 et
482 2084 574 2115 haec
598 2082 712 2114 verba
736 2080 844 2111 multo
869 2080 985 2122 magis
1011 2080 1254 2112 Sallustianae
1280 2079 1454 2111 orationis
1488 2078 1648 2120 speciem
1669 2085 1758 2119 prae

249 2141 286 2163 se
312 2132 443 2162 ferunt.
491 2129 538 2160 At
570 2137 649 2159 cum
680 2125 985 2168 praecedentibus
1017 2135 1087 2156 non
1119 2124 1348 2157 conveniunt.
1398 2124 1523 2155 Nonne
1549 2122 1659 2165 igitur
1682 2118 1760 2154 veri

248 2176 376 2209 simile¹
392 2177 446 2206 est
470 2172 745 2216 grammaticum
770 2170 954 2201 doctrinae
981 2170 1220 2202 ostentandae
1246 2170 1363 2201 studio
1388 2169 1501 2201 verba
1526 2178 1570 2199 ex
1588 2165 1778 2199 Sallustio*-

248 2222 364 2253 minus
397 2224 480 2262 apte
506 2218 559 2249 illi
591 2216 794 2248 sententiae
829 2215 1059 2247 adiunxisse?
1105 2215 1194 2247 Utut
1226 2218 1299 2254 est,
1332 2214 1420 2245 illud
1453 2217 1589 2245 certum
1618 2211 1761 2245 videtur

248 2277 389 2300 omnem
413 2266 529 2297 locum
557 2262 601 2294 ab
628 2261 797 2294 Sallustio
821 2261 874 2292 ita
907 2260 1078 2303 scriptum
1109 2260 1337 2303 non-fuisse,
1370 2262 1409 2290 ut
1434 2258 1580 2290 Servius
1609 2255 1760 2296 rettulit,

249 2316 286 2344 et
308 2310 421 2344 verba
442 2309 539 2351 facili
551 2312 617 2339 tum
632 2308 810 2339 mutatione
826 2306 952 2337 sedium
978 2306 1073 2337 adeo
1093 2305 1228 2337 maiore
1255 2316 1333 2337 cum
1358 2303 1435 2337 veri
1460 2303 1581 2345 specie
1599 2313 1663 2345 pro
1682 2299 1765 2343 Sal-¹

248 2358 405 2389 lustiano
430 2355 634 2396 fragmento
652 2351 792 2392 haberi,
819 2361 925 2393 quam
942 2351 1019 2391 illa,
1047 2361 1138 2392 quae
1156 2350 1317 2382 Kritzius
1335 2352 1372 2381 et
1390 2348 1605 2382 Gerlachius
1629 2347 1667 2379 in
1685 2346 1762 2378 eius

249 2402 411 2444 reliquiis
428 2410 592 2443 posuere.

363 2470 418 2508 *7
457 2467 535 2521 [Kr.
561 2472 612 2504 12.
644 2469 682 2504 G.
705 2464 865 2517 inc.20].
923 2464 1040 2504 Proh.
1067 2475 1103 2514 p.
1138 2464 1236 2503 123:
1269 2462 1377 2503 ‘lios'
1417 2474 1494 2501 non
1523 2462 1656 2500 inveni
1687 2460 1766 2499 nisi

250 2551 370 2580 unum
399 2538 610 2576 barbarum
639 2545 801 2573 numero
830 2544 984 2582 semper
1006 2534 1164 2581 plurali
1191 2531 1383 2576 Tam-hos,
1423 2541 1560 2569 nomen
1596 2529 1763 2568 civitatis

251 2612 392 2648 lectum
421 2608 461 2645 in
489 2605 685 2643 Sallustio.
746 2602 853 2641 Idem
884 2612 921 2651 p.
959 2600 1057 2640 129:
1096 2600 1107 2621 ‘
1122 2598 1314 2638 Turrlzos'
1351 2610 1488 2638 nomen
1524 2603 1580 2637 est
1608 2588 1766 2635 numeri

250 2665 404 2726 semper
447 2673 631 2723 pluralis.
697 2670 805 2709 Idem
843 2680 984 2707 nomen
1033 2668 1164 2719 oppidi
1204 2667 1385 2705 Antonini
1421 2667 1592 2705 itinerar.
1632 2674 1669 2715 p.
1708 2659 1760 2700 85

254 2744 456 2797 (Mannert.
479 2751 611 2793 geogr.
633 2738 684 2778 lx
706 2737 730 2775 2
751 2749 788 2789 p.
811 2738 905 2790 504)
930 2737 969 2775 in
991 2736 1167 2774 Sardinia
1199 2738 1482 2797 conmemorat;
1513 2736 1571 2771 set
1601 2730 1761 2770 dubium

255 2817 331 2857 est,
365 2815 477 2850 num*
498 2809 600 2848 idem
631 2808 678 2846 sit
706 2819 751 2846 ac
778 2805 941 2850 Terras,
976 2804 1085 2842 mlius
1112 2803 1357 2842 Ptolemaeus
1399 2801 1634 2840 mentionem
1673 2797 1763 2837 fecit
1791 2816 1794 2828 ·

256 2880 457 2932 (Mannert.
479 2878 503 2916 l.
530 2890 562 2916 0.
587 2889 624 2928 p.
645 2874 754 2928 485).
798 2873 893 2913 Illud
916 2884 993 2911 non
1016 2871 1269 2910 dubitandum
1290 2870 1452 2913 videtur,
1475 2868 1567 2920 quin
1591 2866 1764 2906 Parmos

255 2948 494 2986 accusativus
524 2946 582 2984 sit.
644 2943 739 2983 Cum
761 2946 889 2982 31110111
916 2941 952 2979 111
975 2939 1151 2980 Sardinia
1171 2938 1233 2978 ille
1263 2938 1371 2976 locus
1400 2936 1527 2980 suerit,
1555 2946 1643 2974 011111
1671 2944 1762 2972 con-
