1852 3294
825 238 956 266 mnnx
1571 214 1654 264 263

130 339 214 372 loca
229 340 388 372 hostium
404 340 440 371 H
455 340 506 371 IV
521 338 577 372 66.
617 340 654 371 in
672 337 840 382 Apuliam
859 340 1031 381 ein-eumq.
1050 349 1094 371 ea
1113 338 1194 372 loca
1211 339 1313 371 missi
1330 338 1358 371 C
1375 337 1430 380 30,
1449 337 1482 371 3.
1516 339 1555 370 in
1572 338 1654 370 loca

115 385 333 428 -propinqua
348 385 556 418 thensauris
573 393 790 416 concessere
805 384 830 416 J
850 383 901 424 12,
917 385 952 416 2.
991 402 1039 408 —
1054 402 1095 407 -—
1114 386 1255 417 munita
1270 383 1503 416 contulerant
1514 384 1543 416 J<
1554 381 1610 423 90,
1625 383 1653 415 1.

132 448 174 454 -
189 447 236 453 -
250 430 397 463 occulta
412 430 600 463 disceditJ
609 428 664 469 56,
674 429 706 461 3.
740 447 786 452 —
802 447 842 452 -—
863 430 1056 462 Numidiae
1075 429 1364 473 opulentissuma
1380 430 1504 472 pergit
1518 429 1543 461 J
1555 428 1609 469 54,
1620 427 1653 461 6.

130 486 171 508 se
188 476 422 518 praemisisse
443 493 480 498 —
500 476 590 508 itein
615 474 710 507 alios
730 474 770 506 in
792 474 868 506 alia
892 475 974 507 loca
998 479 1177 517 oportuna
1201 475 1229 514 C
1252 474 1314 514 27,
1332 475 1364 507 4.
1405 474 1443 506 in
1466 473 1551 506 loca
1575 473 1654 506 sola

129 520 373 564 proficiscitur
386 522 410 553 J
431 519 506 561 103,
526 520 556 553 l.
586 537 634 543 ——-
649 537 692 541 -—
710 519 873 551 saltuosa
892 523 928 552 et
944 523 1077 552 natura
1094 521 1232 552 munita
1249 530 1288 552 se
1306 523 1500 562 receperat
1513 519 1538 551 J
1553 519 1614 560 54,
1633 518 1654 551 3

129 569 216 598 conl.
241 567 303 606 58,
320 565 352 598 6.
394 576 461 608 per
483 565 647 598 saltuosa
670 565 753 597 loca
778 583 820 588 -—
846 565 998 597 ductare
1023 566 1047 598 J
1071 565 1131 605 38,
1155 566 1183 599 1.
1224 575 1290 608 per
1312 564 1396 597 loca
1420 562 1593 606 aequalia
1617 567 1654 596 et

131 612 229 644 nuda
253 612 482 654 gignentium
503 613 636 643 ventus
658 609 834 642 harenam
858 611 1033 643 excitavit
1048 611 1073 642 J
1089 610 1133 643 79
1147 635 1155 651 ,
1173 609 1205 642 6.
1258 611 1375 642 vastis
1399 610 1565 642 omnibus
1583 609 1673 646 eir—„

131 667 213 689 eum
235 657 321 689 louis
343 657 380 688 H
395 657 446 688 IV
461 655 502 688 61
516 681 524 694 ,
546 655 598 687 15.
637 655 907 687 multitudinem
932 656 1023 687 artis
1048 655 1139 688 locis
1162 666 1285 697 pugna
1308 655 1527 697 prohibuere
1551 655 1587 686 H
1603 655 1654 686 IV

129 701 259 741 61,=15.
301 701 391 733 locis
407 701 656 743 superioribus
674 701 960 733 circumventam
977 700 1171 743 planitiem
1188 701 1212 732 J
1228 699 1282 739 68,
1294 699 1326 732 2.
1360 700 1451 732 locis
1470 700 1650 742 aequiori-

131 747 198 779 bus
218 763 256 769 —
275 747 499 789 sequebatur
515 746 619 786 057,
637 746 669 777 4.
712 745 788 777 alia
813 745 896 778 aliis
920 745 1013 778 locis
1038 745 1179 788 proelia
1204 746 1327 777 facere
1351 745 1374 777 J
1398 744 1460 784 87,
1490 745 1518 776 1.
1559 745 1652 777 locis

129 792 269 824 duobus
285 792 376 824 haut
391 792 499 834 longe
516 792 614 823 inter
630 801 668 823 se
687 794 811 823 castra
829 791 1022 823 faciebant
1037 792 1061 823 J
1077 791 1132 830 55,
1151 790 1183 823 6.
1225 809 1267 812 —
1293 801 1337 822 ex
1361 790 1466 832 copia
1484 799 1650 822 maxume

129 837 273 869 idoneis
289 838 420 870 vineas
445 847 556 879 agere
579 837 602 868 J
620 835 680 875 76,
700 835 732 868 3.
773 854 815 858 -—
840 836 1006 868 omnibus
1030 836 1215 878 trepidare
1237 836 1262 867 J
1285 834 1344 875 38,
1363 835 1396 866 5.
1438 835 1651 877 obpugnare

130 886 194 914 aut
209 892 340 925 parare
356 882 381 914 J
396 881 451 922 60,
474 882 502 914 1.
543 881 731 924 pugnandi
749 881 892 923 copiam
910 882 1035 914 facere
1051 882 1075 913 J
1091 880 1153 922 82,
1175 881 1204 912 1.
1246 881 1488 912 Romanorum
1505 880 1652 912 ordines

129 926 441 967 eonturbareJ50,
453 928 484 959 4.
515 937 643 969 meque
659 937 795 968 vosque
811 926 906 958 male
922 925 1369 964 dictislacerantJ85‚26.
1407 942 1443 947 —
1463 926 1650 967 oportunis

130 983 232 1005 arma
250 983 381 1015 parare
406 973 434 1004 C
459 973 520 1012 24,
539 972 571 1004 2.
609 990 655 994 -
678 972 926 1014 superioribus
945 972 1160 1004 consederat
1176 972 1199 1003 J
1215 971 1275 1010 51,
1295 970 1326 1003 3.
1368 981 1411 1002 ex
1437 970 1651 1002 editioribus

129 1017 220 1050 loois
236 1019 260 1050 J
275 1017 338 1057 98,
356 1018 388 1050 7.
430 1018 559 1060 quibus
583 1018 621 1049 in
637 1017 731 1049 loeis
749 1035 787 1040 —-
807 1017 963 1048 hostium
983 1018 1108 1059 copias
1126 1033 1170 1038 —
1186 1016 1322 1048 fuderit
1340 1016 1367 1048 C
1385 1016 1422 1055 7,
1442 1016 1489 1048 5.
1515 1015 1652 1047 diutius

128 1063 166 1094 in
183 1063 241 1095 his
256 1063 348 1095 locis
366 1073 447 1095 esse
466 1062 494 1094 C
511 1062 566 1101 58,
585 1061 617 1093 6.
659 1063 697 1093 in
716 1062 848 1093 alienis
867 1062 1000 1103 (locis)
1019 1062 1154 1094 bellum
1173 1072 1302 1104 gerere
1318 1061 1342 1093 J
1357 1061 1418 1098 54,
1437 1060 1468 1092 8.
1511 1060 1650 1092 exerci—

126 1111 203 1140 tum
221 1109 259 1140 in
277 1108 368 1140 eisd.
386 1108 478 1140 loc-is
494 1107 629 1150 operiri
644 1107 745 1139 iubet
761 1107 785 1139 J
801 1107 861 1145 54,
880 1108 912 1139 9.
957 1107 1052 1139 solet
1076 1107 1113 1139 in
1137 1107 1212 1140 illis
1236 1107 1326 1138 locis
1346 1109 1545 1148 tempestas
1562 1106 1651 1138 haut

126 1163 233 1186 secus
251 1158 360 1195 atque
379 1154 417 1184 in
436 1154 526 1184 mari
544 1153 705 1184 retinere
723 1153 747 1183 J
764 1151 818 1188 79,
838 1151 871 1184 6.

170 1199 308 1231 Lollius.
340 1199 387 1230 M.
405 1198 546 1230 Lollius
564 1197 763 1229 Palicanus
779 1197 815 1228 H
832 1198 880 1228 1V
897 1197 952 1229 25.

169 1244 358 1285 longincus.
389 1244 515 1285 fugam
535 1244 571 1274 in
588 1243 730 1275 Oceani
747 1242 946 1285 longinqua
965 1243 998 1274 H
1016 1243 1034 1274 Ι
1050 1241 1105 1274 61.

170 1289 343 1330 Longinus
358 1288 424 1320 vid.
445 1287 609 1320 Cassius.

170 1335 303 1375 lengun.
340 1333 550 1366 memoriam
573 1333 688 1365 nostri
713 1343 820 1375 quam
843 1334 1011 1364 maxume
1035 1331 1183 1374 longam
1209 1331 1358 1363 efficere
1386 1331 1414 1363 C
1442 1331 1478 1370 1,
1502 1331 1534 1364 3.
1585 1341 1650 1363 —a

125 1390 210 1420 spes
235 1379 450 1412 auxiliorum
474 1379 508 1410 H
526 1379 538 1410 i
554 1378 586 1411 3.
626 1378 850 1420 longissumo
877 1388 968 1409 aevo
987 1378 1020 1409 H
1039 1378 1051 1408 i
1067 1376 1122 1409 78.
1147 1389 1194 1405 Ξ
1216 1377 1319 1418 longe
1349 1387 1371 1408 a
1395 1377 1599 1408 continenti
1614 1376 1649 1408 Η

124 1425 178 1457 111
200 1425 255 1457 57.
297 1424 319 1456 1.
346 1435 368 1456 a
392 1424 468 1456 suis
483 1427 650 1466 repertus
675 1426 733 1455 est
756 1422 784 1454 C
801 1421 842 1454 61
857 1449 864 1458 ,
883 1423 915 1454 4.
957 1433 1030 1454 non
1052 1423 1077 1455 k
1103 1433 1125 1454 a
1148 1422 1336 1454 moenibus
1361 1421 1503 1464 aliquot
1526 1421 1650 1453 fontes

127 1473 234 1503 erant
249 1470 274 1501 J
289 1468 345 1510 89,
363 1470 396 1501 2.
438 1469 530 1500 Erat
547 1469 637 1501 haut
654 1468 762 1511 longe
782 1468 828 1500 ab
844 1469 868 1500 J
885 1468 948 1509 47,
971 1468 998 1500 l.
1024 1466 1086 1507 92,
1106 1468 1137 1499 5.
1175 1467 1264 1499 haut
1286 1467 1308 1499 l.
1335 1477 1356 1498 a
1374 1468 1467 1499 mari
1485 1466 1651 1499 consedit

123 1516 146 1548 J
163 1515 219 1555 21,
237 1515 271 1547 2.
311 1515 453 1547 duobus
468 1514 559 1546 locis
576 1514 666 1545 haut
682 1514 705 1546 1.
724 1514 822 1545 inter
837 1524 876 1545 se
901 1516 1025 1545 castra
1043 1513 1235 1545 faciebant
1251 1513 1276 1544 J
1291 1513 1351 1551 55,
1370 1512 1402 1544 6.
1443 1512 1534 1544 haut
1552 1511 1577 1544 1.
1605 1512 1650 1544 ab

126 1560 258 1603 oppido
277 1560 381 1592 Cirta
399 1578 435 1581 —
458 1569 540 1591 sese
558 1559 754 1591 ostendunt
766 1559 790 1590 J
803 1558 877 1597 101,
891 1558 920 1590 1.
957 1559 1051 1601 quod
1067 1562 1211 1600 tempus
1228 1558 1318 1590 haut
1330 1558 1353 1589 l.
1371 1558 1501 1589 aberat
1513 1558 1537 1589 J
1550 1556 1605 1598 36,
1620 1557 1648 1588 1.

123 1606 233 1648 longe
253 1605 329 1637 alia
347 1605 374 1637 C
392 1605 448 1644 52,
467 1605 499 1635 2.
534 1623 574 1627 -—
594 1604 704 1636 aliter
719 1604 742 1636 J
759 1604 790 1643 7,
809 1603 841 1636 3.
871 1604 921 1643 11,
945 1603 974 1635 1.
1008 1604 1031 1635 l.
1050 1604 1217 1635 divorsas
1234 1603 1262 1634 C
1279 1602 1333 1642 34,
1345 1602 1376 1635 3.
1410 1603 1434 1635 l.
1452 1603 1600 1635 saevior
1614 1603 1650 1633 H

123 1651 178 1683 111
193 1650 250 1691 61,
272 1649 323 1682 10.
363 1650 387 1681 1.
407 1660 577 1681 maxuma
593 1649 617 1681 J
633 1649 665 1688 9,
684 1650 716 1681 2.
740 1661 788 1676 Ξ
809 1659 854 1681 ea
877 1658 936 1681 res
960 1649 1105 1691 longius
1127 1658 1193 1680 nos
1212 1648 1258 1680 ab
1276 1649 1424 1690 incepto
1440 1648 1604 1680 traheret
1622 1647 1650 1679 C

125 1696 158 1735 7,
177 1696 209 1728 7.
251 1706 370 1737 neque
395 1704 478 1727 suos
502 1695 603 1726 ——ius
628 1694 729 1726 abire
755 1695 878 1726 sinunt
899 1695 923 1725 J
940 1693 1002 1734 98,
1021 1694 1053 1725 5.
1098 1694 1196 1725 -ius
1221 1696 1350 1726 euntes
1374 1693 1410 1725 H
1425 1694 1475 1725 IV
1491 1693 1546 1725 52.
1587 1703 1648 1725 ne-

127 1751 195 1784 que
213 1741 339 1772 urbem
357 1740 501 1782 longius
519 1739 614 1771 tueri
630 1743 776 1781 poterat
795 1739 824 1770 C
840 1738 896 1777 29,
918 1739 948 1770 l.

169 1787 294 1827 loquax
310 1786 430 1827 magis
447 1794 556 1827 quam
574 1785 755 1816 facundus
771 1785 806 1816 H
822 1785 872 1815 IV
888 1783 943 1815 25.

169 1833 296 1872 loquor.
328 1830 416 1862 ficta
431 1829 592 1862 locutum
608 1829 632 1861 J
652 1829 710 1870 11,
732 1830 760 1861 1.
801 1839 922 1871 panca
945 1829 1132 1871 praesenti
1155 1828 1310 1860 consilio
1333 1828 1478 1861 locutus
1494 1827 1539 1860 de
1557 1828 1649 1860 invi-

125 1877 187 1909 dia
207 1894 244 1899 —
266 1879 375 1918 atque
394 1879 433 1907 ut
453 1893 490 1898 -
508 1876 532 1908 J
549 1874 604 1913 29,
615 1875 647 1907 5.
681 1893 723 1898 -
742 1875 786 1906 de
804 1885 842 1906 re
860 1873 1067 1917 p.loquarJ
1083 1873 1139 1913 85,
1150 1873 1206 1904 44.
1241 1891 1281 1895 —-
1301 1884 1423 1905 coram
1440 1874 1580 1916 Aspare
1597 1873 1649 1904 lo-

125 1925 290 1954 cuturum
306 1922 330 1953 J
350 1920 431 1960 109,
453 1919 481 1952 l.
525 1920 610 1963 quid
632 1920 678 1952 de
696 1919 844 1952 Statilio
859 1936 905 1941 —-
920 1919 1049 1961 loquar
1072 1918 1100 1950 C
1117 1918 1172 1956 52,
1190 1919 1222 1950 4.
1254 1918 1404 1950 huiusce
1421 1918 1519 1950 modi
1535 1919 1651 1950 verba

123 1967 267 2000 locutus
285 1970 341 1998 est
358 1966 387 1998 O
405 1965 467 2006 50,
485 1965 507 1998 5
531 1967 616 1998 conl.
641 1966 665 1997 J
684 1965 764 2005 102,
783 1965 816 1996 4.
859 1965 918 1996 sic
936 1964 1078 1996 loeutus
1093 1964 1118 1995 J
1133 1962 1174 2004 9,
1194 1964 1226 1995 2.
1268 1964 1337 1995 hoe
1360 1964 1464 1995 modo
1487 1963 1649 1996 locutum

123 2013 148 2044 J
156 2012 219 2053 13,
235 2011 268 2044 9.
312 2012 408 2054 apud
432 2011 683 2053 negotiatores
707 2010 903 2042 criminose
927 2008 1033 2041 simul
1058 2012 1095 2040 et
1117 2008 1311 2051 magnifice
1335 2009 1380 2040 de
1398 2009 1496 2041 bello
1511 2008 1651 2050 loquiJ

124 2057 180 2098 64,
197 2058 230 2089 5.
272 2067 400 2101 parum
417 2056 533 2088 libero
549 2067 610 2088 ore
628 2055 770 2088 locutus
784 2055 808 2087 J
823 2054 886 2094 95,
905 2055 937 2086 2.
979 2054 1093 2086 latine
1116 2070 1160 2077 —·
1185 2054 1282 2097 apud
1298 2054 1533 2091 Numantiam
1549 2054 1650 2096 loqui

125 2103 306 2135 didicerat
320 2103 344 2134 J
365 2101 438 2140 101,
456 2100 489 2133 6.
531 2101 576 2133 de
601 2101 799 2133 tribunicia
821 2102 1006 2142 potestate
1022 2098 1123 2142 loqui
1142 2109 1251 2131 ausus
1269 2100 1303 2131 H
1317 2100 1369 2131 ΠΙ
1385 2092 1448 2139 61,
1467 2098 1500 2132 8.
1540 2099 1649 2143 finem

125 2148 298 2190 loquendi
317 2147 408 2179 fecit
422 2147 447 2179 J
467 2146 519 2187 15,
541 2146 570 2178 l.
1145 2183 1148 2186 η

169 2193 274 2225 lubet.
306 2192 479 2235 quidquid
503 2193 626 2224 animo
648 2191 768 2227 lubet,
794 2200 894 2222 sume
911 2193 1015 2222 utere*
1030 2190 1055 2222 J
1074 2189 1157 2230 110,
1172 2190 1206 2221 4.
1246 2190 1337 2222 mihi
1356 2207 1402 2212 ——
1418 2190 1513 2222 forte
1529 2189 1650 2226 lubuit

126 2238 326 2271 adtendere
344 2238 372 2270 C
389 2237 444 2277 53,
463 2238 496 2269 2.
539 2247 631 2279 quae
650 2237 739 2268 mihi
757 2236 859 2268 lubet
876 2234 1042 2268 confiteri
1056 2235 1081 2268 J
1096 2234 1158 2275 85,
1177 2234 1232 2267 39.
1272 2245 1367 2267 nunc
1385 2245 1503 2277 neque
1521 2235 1647 2266 vivere

123 2283 227 2316 lubet
243 2292 359 2326 neque
378 2283 469 2314 mori
487 2283 578 2314 licet
601 2282 679 2314 sine
704 2281 885 2314 dedecore
907 2281 932 2313 J
957 2281 1015 2320 14,
1034 2281 1090 2312 24.
1130 2291 1245 2323 regno
1268 2280 1321 2312 uti
1346 2280 1450 2312 lubet
1467 2279 1647 2312 consulite

124 2330 145 2361 J
164 2329 219 2368 24,
242 2328 293 2360 10.
336 2329 445 2360 sicuti
462 2328 543 2370 regi
559 2327 733 2358 lubuerat
749 2336 821 2368 pax
838 2327 1011 2358 convenit
1026 2326 1050 2357 J
1067 2325 1127 2363 38,
1150 2324 1202 2358 10.
1243 2326 1296 2357 uti
1315 2326 1410 2367 cuiq.
1428 2325 1583 2358 lubebat
1602 2325 1648 2356 ab

125 2374 243 2416 sig-nis
260 2374 391 2405 aberat
404 2373 429 2404 J
445 2373 500 2412 44,
517 2372 550 2404 5.
592 2373 696 2404 cuius
713 2372 767 2403 rei
783 2371 886 2404 lubet
902 2371 1095 2403 simulator
1111 2370 1140 2402 C
1157 2371 1189 2411 5,
1207 2371 1240 2403 4.
1282 2372 1416 2413 inpune
1436 2381 1528 2413 quae
1546 2369 1649 2402 lubet

127 2419 253 2451 faeere
269 2419 292 2450 J
309 2417 363 2457 31,
382 2416 440 2449 26.
464 2429 511 2445 =
535 2428 579 2449 ex
597 2418 651 2449 eis
667 2417 836 2449 Bocchus
851 2417 970 2448 lubens
987 2416 1134 2458 accepit
1148 2416 1172 2447 J
1193 2415 1266 2455 104,
1285 2415 1318 2448 3.

170 2464 389 2496 lubidinonu.
419 2463 533 2494 bonos
552 2466 588 2494 et
604 2462 720 2494 malos
736 2461 941 2494 lubidinose
960 2462 1130 2494 occidere
1149 2461 1176 2492 C
1194 2460 1249 2500 51,
1268 2460 1323 2493 30.

171 2509 295 2540 lubido.
327 2509 457 2550 quibus
474 2507 599 2540 lubido
617 2511 690 2550 atq.
699 2507 843 2540 luxuria
861 2518 905 2539 ex
918 2507 1059 2549 rapinis
1071 2506 1162 2538 nihil
1179 2506 1309 2537 relicui
1321 2506 1491 2537 fecerant
1504 2505 1532 2536 G
1545 2503 1600 2545 28,
1613 2505 1645 2536 4.

125 2554 408 2596 utriusq.cladis
424 2563 497 2585 non
515 2553 583 2592 lex,
603 2562 728 2585 verum
744 2552 769 2584 1.
780 2562 902 2584 eorum
920 2552 1028 2584 finem
1046 2550 1231 2591 fecitJ3l,
1242 2551 1273 2582 7.
1307 2561 1401 2592 quae
1418 2550 1554 2581 bellum
1570 2552 1644 2591 atq.

126 2600 148 2632 l.
165 2600 345 2631 victorum
361 2598 532 2637 fertem,
543 2599 575 2630 2.
609 2598 631 2630 1.
643 2598 760 2640 stupri
774 2607 917 2639 ganeae
931 2598 1082 2638 eeteriq.
1095 2596 1212 2627 cultus
1226 2605 1298 2626 non
1312 2595 1431 2627 minor
1443 2595 1648 2626 incesserat

127 2644 155 2677 C
172 2644 222 2683 13,
233 2643 265 2676 3.
298 2655 361 2686 pro
379 2644 610 2676 continentia
632 2643 656 2675 l.
676 2643 813 2676 invasit
830 2642 858 2675 C
873 2643 906 2681 2,
923 2642 955 2674 5.
988 2642 1084 2673 hune
1104 2650 1273 2672 maxuma
1289 2639 1313 2671 l.
1333 2641 1524 2671 invaserat
1540 2639 1594 2671 rei
1612 2651 1645 2681 p.

127 2689 333 2733 capiundae
352 2688 379 2721 C
397 2689 439 2728 5,
456 2688 490 2720 6.
531 2699 638 2732 quem
660 2691 764 2720 tanta
782 2687 805 2719 l.
825 2686 1062 2729 extinguendi
1079 2696 1135 2717 me
1154 2685 1292 2716 invasit
1306 2685 1329 2716 J
1345 2685 1406 2724 24,
1426 2684 1458 2716 2.
1497 2686 1604 2716 tanta
1622 2684 1646 2716 l.

127 2744 208 2767 cum
224 2734 345 2776 Mario>
359 2734 469 2766 eundi
485 2733 641 2777 plerosq.
660 2734 848 2765 invaserat
863 2733 886 2764 J
903 2732 957 2771 84,
977 2731 1008 2763 3.
1049 2731 1218 2762 fortunae
1236 2729 1361 2761 lubido
1385 2729 1557 2771 gentibus
1573 2740 1647 2761 mo-

127 2779 277 2812 deratur
293 2779 321 2811 C
338 2779 392 2818 51,
411 2779 466 2810 25.
508 2779 539 2811 si
555 2778 580 2811 l.
605 2778 768 2821 possidet
791 2787 836 2809 ea
854 2777 1077 2814 dominatur,
1105 2775 1247 2806 animus
1264 2774 1357 2805 nihil
1375 2774 1478 2806 valet
1494 2774 1522 2806 C
1539 2774 1594 2814 51,
1614 2767 1652 2807 3?

127 2824 152 2855 l.
178 2824 368 2857 advorsum
392 2835 458 2856 nos
480 2825 598 2856 suasit
619 2824 644 2855 J
670 2821 751 2861 108,
770 2822 803 2854 3.
845 2823 898 2852 uti
924 2821 1064 2860 euiusq.
1083 2819 1206 2850 lubido
1225 2822 1305 2851 erat
1319 2819 1342 2850 J
1358 2818 1416 2858 86,
1434 2819 1466 2851 2.
1499 2822 1607 2851 tanta
1623 2819 1649 2852 l.

128 2870 166 2900 in
190 2869 357 2910 partibus
380 2872 461 2901 erat
482 2870 506 2901 J
527 2868 588 2907 40,
616 2867 647 2899 3.
690 2877 795 2909 quem
819 2866 1014 2897 inhonesta
1046 2867 1084 2896 et
1106 2864 1308 2906 pernitiosa
1331 2864 1456 2896 lubido
1482 2868 1584 2897 tenet
1605 2882 1648 2887 —

128 2913 332 2956 gratificari
346 2914 370 2946 J
387 2913 419 2954 3,
439 2914 471 2945 4.
513 2913 689 2945 lubidinis
707 2915 743 2943 et
760 2911 971 2942 divitiarum
988 2909 1107 2941 victor
1122 2910 1146 2941 J
1162 2908 1218 2950 63,
1238 2909 1269 2942 2.
1310 2909 1477 2942 homines
1495 2909 1649 2942 effrena·
