1826 3282
205 240 258 281 80
667 245 967 272 HISTORIARVM
997 245 1079 271 Lm.
1110 246 1160 271 111
1192 239 1250 274 61.

205 359 283 386 non
316 345 533 385 certavisse.
591 343 837 395 Quamquam
867 355 1003 383 omnes
1033 343 1096 383 alii
1124 345 1243 384 creati
1267 356 1340 396 pro
1375 346 1460 384 iure
1490 350 1621 385 vostro
1650 346 1726 384 vim
1750 350 1772 382 5

207 418 386 453 cunctam
418 416 454 449 et
484 411 633 461 inperia
663 423 732 449 sua
755 411 877 460 gratia
909 415 974 450 aut
1003 423 1072 462 spe
1107 415 1174 450 aut
1203 413 1387 462 praemiis
1417 413 1562 436 *****
1590 413 1630 452 in
1658 424 1727 452 vos

207 483 438 519 convortere
459 476 676 528 meliusque
697 477 844 516 habent
863 478 1045 518 mercede
1068 477 1308 530 delinquere
1326 491 1443 530 quam
1473 480 1592 530 gratis
1619 484 1726 525 recte

206 548 348 585 facere.
399 545 532 596 Itaque
564 556 700 602 omnes
731 556 962 584 concessere
993 546 1068 584 iam
1095 546 1134 584 in
1161 557 1378 596 paucorum
1409 540 1725 591 dominationem,
1751 550 1773 583 6

173 625 187 648 5
208 614 273 664 qui
303 624 374 663 per
406 611 571 650 militare
599 623 743 651 nomen
768 612 965 667 aerarium
996 613 1209 658 exercitus,
1252 624 1374 663 regna
1405 613 1626 664 provincias
1661 625 1728 652 oc-

207 691 400 730 cupavere
440 682 478 717 et
516 690 649 717 arcem
682 678 828 719 hahent
864 669 913 718 eii
945 669 1077 730 spoliis
1111 681 1268 724 vostris:
1310 693 1400 720 cum
1430 681 1587 720 interim
1616 691 1727 719 more

206 758 396 798 pecorum
431 757 500 784 vos
536 745 743 785 multitudo
784 745 946 796 singulis
982 746 1183 789 habendos
1221 747 1486 800 fruendosque
1516 746 1726 800 praebetis,

207 815 312 853 exuti
342 813 523 852 omnibus
554 825 652 864 quae
679 814 848 852 maiores
873 812 1091 864 reliquere:
1122 814 1195 853 nisi
1223 815 1312 865 quia
1343 814 1533 853 vobismet
1554 814 1627 864 ipsi
1654 825 1727 864 per

213 881 410 930 suffragia,
437 885 480 919 ut
509 880 708 931 praesides
738 880 841 925 olim,
873 892 980 919 nunc
1007 880 1185 919 dominos
1215 881 1425 920 destinatis.
1474 881 1608 932 ltaque
1635 892 1727 920 con·
1751 887 1772 919 7

163 962 195 987 10
209 961 363 988 cessere
398 947 488 987 illuc
514 959 670 987 onmes:
698 952 737 987 at
766 960 869 992 mox,
901 948 933 986 si
962 951 1092 986 vostra
1110 949 1350 999 receperitis,
1379 948 1427 987 ad
1448 960 1514 987 vos
1537 948 1726 1000 plerique.

207 1016 321 1055 Raris
340 1017 443 1055 enim
463 1016 614 1054 animus
633 1019 691 1054 est
710 1015 757 1054 ad
777 1027 834 1059 ea,
861 1027 960 1066 quae
979 1015 1117 1060 iacent,
1137 1014 1404 1054 defendunda:
1433 1016 1554 1055 ceteri
1574 1014 1737 1054 validior

207 1095 296 1123 rum
321 1088 423 1122 sunt.
470 1083 529 1121 An
548 1081 709 1121 dubium
728 1081 898 1126 hahetis,
931 1094 1025 1121 num
1046 1081 1216 1121 obticere
1243 1082 1334 1133 quid
1361 1082 1470 1121 vohis
1497 1083 1728 1122 uno-animo
1753 1088 1775 1120 8

211 1150 465 1203 pergentibus
495 1150 636 1202 possit,
677 1161 776 1200 quos
812 1148 1016 1199 languidos
1047 1150 1300 1201 socordisque
1329 1149 1593 1200 pertimuere?
1649 1149 1731 1188 Nisi

209 1211 310 1257 sorte
341 1219 386 1258 G.
417 1217 547 1262 Cotta,
587 1229 634 1255 ex
666 1216 833 1256 factione
863 1216 992 1255 media
1022 1217 1176 1260 consul,
1214 1216 1325 1256 aliter
1361 1228 1478 1268 quam
1507 1221 1614 1256 metu
1643 1217 1729 1256 iura

165 1300 196 1325 15
209 1285 401 1337 quaedam
433 1283 599 1324 tribunis
632 1283 761 1335 plebei
797 1284 976 1323 restituit.
1042 1283 1197 1323 Scilicet
1226 1296 1463 1336 quamquam
1489 1284 1532 1323 L.
1564 1283 1730 1323 Sicinius

209 1354 360 1404 primus
388 1353 436 1391 de
471 1355 662 1402 potestate
699 1350 907 1390 tribunicia
943 1350 1050 1402 loqui
1078 1363 1196 1390 ausus
1221 1351 1486 1391 mussantibus
1516 1350 1624 1390 vohis
1654 1339 1734 1390 cirss

211 1424 440 1459 cumventus
470 1423 572 1464 erat,
607 1423 737 1458 tamen
774 1407 893 1471 prius*
925 1418 977 1458 illi
998 1403 1196 1458 invidiam
1223 1423 1399 1458 metuere
1429 1431 1546 1470 quam
1574 1413 1642 1457 v’os
1671 1418 1730 1457 in·
1780 1417 1783 1420 ’

211 1488 332 1526 iuriae
354 1491 578 1538 pertaesum
600 1490 669 1526 est.
717 1485 828 1531 Quod
855 1498 927 1537 ego
949 1498 1102 1537 nequeo
1125 1487 1215 1525 satis
1239 1487 1385 1531 mirari,
1416 1484 1606 1530 Quirites:
1638 1497 1729 1525 nam

210 1566 318 1605 spem
348 1555 492 1593 frustra
524 1554 642 1592 fuisse
673 1540 925 1592 intellexistis
985 1552 1090 1592 Sulla
1119 1559 1298 1598 mortuo,
1334 1553 1399 1604 qui
1431 1552 1638 1591 scelestum
1671 1539 1775 1591 in-79

165 1637 199 1662 20
213 1626 399 1673 posuerat.
428 1621 646 1665 servitium,
678 1621 794 1659 finem
827 1620 917 1659 mali
947 1620 1183 1659 credebatis:
1213 1624 1322 1659 ortus
1351 1625 1409 1659 est
1434 1619 1550 1671 longe
1579 1620 1730 1659 saevior
1781 1644 1791 1653 ·

211 1689 381 1728 Catulus.
438 1687 645 1727 Tumultus
670 1688 889 1726 intercessit
919 1687 1040 1726 Bruto
1073 1692 1111 1727 et
1137 1688 1333 1727 Mamerco
1363 1686 1606 1726 consulibus:
1641 1686 1728 1726 dein
1757 1692 1799 1725 10

213 1758 257 1797 G.
287 1755 403 1795 Curio
429 1756 476 1795 ad
497 1756 655 1795 exitium
681 1766 802 1807 usque
823 1755 986 1794 insontis
1015 1754 1163 1794 tribuni
1183 1755 1404 1794 dominatus
1428 1758 1498 1794 est.
1546 1748 1731 1793 Lucullus
1758 1760 1796 1792 11

326 1845 378 1878 18.
404 1846 508 1877 Arus.
527 1856 563 1888 p.
581 1844 664 1877 253:
689 1849 882 1887 pertaesum
898 1849 950 1877 est
966 1845 1070 1877 huius.
1097 1863 1138 1867 —
1164 1844 1212 1876 Et
1228 1844 1354 1877 Salust.
1372 1845 1507 1877 Histor.
1525 1844 1598 1876 III:
1624 1853 1732 1886 quam

210 1901 274 1925 vos
298 1891 455 1923 iniuriae
478 1893 686 1933 pertaesum
712 1893 778 1923 est.

210 2016 243 2047 2.
271 2015 499 2057 Quamquam
524 2014 632 2047 credo
658 2014 749 2054 fore,
776 2015 836 2056 qui
856 2013 1045 2046 ablativos
1069 2013 1171 2056 preci
1197 2023 1277 2045 esse
1302 2012 1521 2051 defendant,
1547 2014 1672 2044 tamen
1696 2015 1733 2044 et

211 2070 269 2091 res
295 2063 332 2091 et
355 2070 441 2092 usus
467 2059 611 2091 dicundi
635 2062 675 2091 ut
700 2058 837 2100 aliquid
862 2058 1040 2090 excidisse
1067 2061 1270 2090 statuamus
1296 2057 1426 2098 (veluti
1451 2058 1632 2099 depravati
1663 2057 1729 2089 cfr.

212 2105 235 2136 J
264 2104 316 2144 15,
337 2104 371 2146 2)
395 2104 595 2146 postulant.
621 2121 665 2126 —
688 2103 721 2135 6.
748 2103 902 2145 expoliis
918 2102 962 2137 Q.
989 2120 1030 2127 —-
1056 2102 1088 2135 8.
1115 2103 1220 2136 vobis
1244 2103 1410 2145 metipsis
1435 2101 1479 2137 ΞΒ.
1520 2102 1610 2144 ipsis
1634 2103 1733 2134 etiam

211 2153 275 2181 cet.
301 2149 388 2180 libri.
429 2149 499 2190 ipsi
527 2149 618 2180 Cori.
644 2152 757 2185 recte;
789 2159 863 2180 nam
887 2158 926 2180 eo
950 2152 1060 2180 tamen
1082 2148 1210 2190 plebem
1236 2159 1256 2178 a
1277 2147 1458 2189 pecoribus
1482 2148 1626 2190 differre
1651 2147 1733 2179 dicit

211 2197 340 2231 orator,
367 2196 457 2235 quod
479 2195 548 2235 ipsi
568 2193 636 2224 sibi
650 2203 709 2225 eos
726 2194 884 2235 deliqunt,
911 2192 1027 2235 quibus
1043 2203 1079 2224 se
1097 2193 1270 2225 habendos
1282 2193 1514 2235 fruendosque
1528 2191 1731 2234 praebeant.

210 2255 257 2261 —-
285 2237 318 2270 9.
351 2241 392 2269 ut
421 2237 464 2272 23.
513 2238 568 2269 uti
596 2238 687 2270 Cort.
719 2255 760 2261 —
800 2237 848 2269 10.
883 2237 971 2270 illuc
995 2237 1083 2269 libri.
1131 2237 1208 2269 illic
1236 2238 1327 2270 Cort.
1400 2241 1436 2269 et
1460 2237 1548 2269 libri.
1598 2239 1636 2268 at
1658 2246 1734 2268 sen-

211 2285 336 2314 tentiae
360 2283 527 2315 rationem
551 2287 585 2314 et
607 2284 884 2325 perspicuitatem
904 2285 1080 2324 postulare
1098 2282 1251 2314 Kritzius
1274 2284 1410 2315 monuit.
1434 2299 1477 2305 ·-
1506 2281 1557 2313 11.
1582 2281 1735 2324 placent

212 2328 299 2359 libri.
343 2328 466 2359 iacent
491 2328 610 2369 Ma'bly
635 2328 678 2359 N.
704 2328 795 2359 Ann.
823 2328 993 2359 LXXVII
1017 2338 1056 2369 p.
1082 2326 1137 2359 80.
1210 2327 1324 2359 ceteri
1348 2327 1436 2359 libri.
1487 2328 1612 2358 cetera
1639 2325 1731 2358 Cor-t.

213 2390 256 2395 -—
283 2372 335 2403 12.
361 2382 446 2403 num
470 2373 558 2404 libri.
606 2382 652 2404 ne
681 2373 770 2404 Gor-t.
797 2391 840 2395 -
868 2372 919 2404 14.
947 2372 1060 2404 factio
1085 2372 1255 2404 nemedia
1280 2371 1323 2407 SB.
1350 2389 1393 2394 ——
1420 2371 1471 2403 15.
1499 2371 1574 2403 TR.
1592 2370 1667 2402 PL.
1687 2369 1731 2404 23.

213 2417 391 2457 restituit3
418 2420 454 2449 et
479 2427 695 2459 quamquam
720 2417 807 2449 libri.
857 2418 905 2449 At
929 2428 1000 2449 cum
1023 2427 1227 2459 praeyresso
1245 2417 1388 2448 membro
1406 2421 1570 2449 ostensum
1594 2416 1639 2447 sit
1650 2425 1732 2456 per-

212 2464 360 2494 timuisse
378 2466 580 2503 optumates,
606 2467 638 2493 in
655 2463 718 2494 lzoc
733 2473 919 2494 maoeumam
935 2463 995 2493 vz'm
1014 2472 1087 2493 esse
1112 2466 1336 2494 eci-tremorum
1352 2462 1526 2493 verborum
1544 2470 1651 2502 quam
1667 2469 1732 2492 vos

214 2507 369 2539 iniuriae
394 2510 601 2549 pertaesum
627 2510 693 2546 est,
719 2518 766 2541 ca:
790 2517 828 2539 eo
855 2508 945 2550 quod
965 2509 1118 2549 sequitur
1143 2507 1236 2548 quod
1261 2517 1328 2548 ego
1347 2510 1417 2538 cet.
1444 2507 1624 2547 adpareat,
1649 2505 1733 2536 baec

211 2562 278 2594 per
300 2553 445 2593 simplex
470 2554 506 2583 et
529 2552 668 2593 adian9i
690 2562 754 2584 non
778 2562 878 2592 posse
900 2553 1114 2592 perspicuum
1138 2555 1204 2589 est,
1236 2553 1436 2592 particulam
1463 2551 1579 2591 potius
1604 2559 1732 2591 ponen-

215 2598 291 2629 dam
310 2597 418 2637 s'uisse
444 2607 529 2639 quae
553 2600 587 2628 et
610 2597 875 2637 adfirmationem
899 2600 932 2627 et
956 2595 1173 2627 acerbitatem
1199 2597 1365 2638 quandam
1381 2597 1581 2628 contineret.
1630 2593 1733 2633 Quam

215 2642 256 2674 ob
281 2652 432 2673 caussam
457 2641 599 2673 scilicet
622 2643 764 2673 restitui.
788 2658 834 2663 —-
859 2640 912 2672 17.
939 2641 1108 2672 mittuere
1134 2639 1177 2674 Q.
1204 2658 1242 2662 -
1274 2639 1324 2671 19.
1354 2641 1411 2672 ‘V.
1437 2638 1673 2671 intellexistis
1698 2640 1732 2670 in

215 2691 375 2718 contemtu
399 2689 551 2718 omissum
574 2687 717 2728 margini
740 2687 944 2726 adscriptum
969 2689 1020 2717 est
1043 2686 1077 2716 in
1107 2686 1217 2716 Vatic.
1243 2686 1309 2726 pr.'
1337 2684 1438 2716 Orell.
1466 2701 1507 2706 —
1538 2683 1592 2715 20.
1620 2683 1732 2716 servi-

216 2736 291 2762 tum
316 2731 358 2765 Q.
393 2749 434 2754 —
467 2730 522 2762 21.
553 2731 664 2763 Bruto
697 2734 734 2762 et
756 2731 940 2762 Mamerco
972 2740 1045 2762 cos.
1072 2727 1114 2763 Q.
1164 2729 1276 2761 Bruto
1309 2732 1345 2761 et
1368 2728 1522 2767 Aemilio
1546 2729 1732 2760 Mamerco

218 2786 310 2808 coss.
340 2777 430 2808 Cort.
475 2776 684 2808 Consuetudo
709 2776 908 2808 Latinorum
932 2777 1043 2817 utique
1066 2777 1215 2815 postulat
1241 2774 1286 2805 D.
1305 2774 1417 2806 Bruto
1434 2774 1544 2805 Mam.
1563 2772 1730 2806 Aemilio.

217 2838 258 2843 —
300 2821 354 2851 22.
397 2821 510 2853 Miror
550 2822 640 2863 quod
673 2821 827 2852 Kritzius
861 2819 1026 2852 tribunum
1062 2821 1148 2851 illum
1178 2819 1339 2850 insontem
1370 2817 1407 2857 Q.
1442 2817 1600 2860 Opimium
1625 2817 1733 2858 fuisse

217 2867 404 2903 contendit,
439 2868 495 2908 qui
526 2867 616 2908 quod
645 2865 797 2897 tribunus
827 2865 937 2906 plebei
965 2865 1211 2896 intercessisset
1245 2867 1367 2895 contra
1397 2865 1500 2904 legem
1533 2863 1730 2902 Corneliam,

218 2920 249 2940 a.
277 2910 317 2940 7-1
345 2912 436 2952 apud
462 2911 498 2942 G.
531 2912 671 2944 Verrem
699 2914 895 2952 praetorem
919 2919 996 2942 reus
1015 2909 1131 2952 factus
1155 2912 1205 2941 est
1231 2907 1315 2950 (Cic.
1340 2911 1373 2940 in
1403 2909 1505 2941 Verr.
1531 2908 1549 2940 1
1564 2906 1621 2949 60,
1641 2905 1731 2951 155).
