1852 3294
805 233 936 261 1nnnx
1288 261 1293 265 ,
1548 218 1627 259 271

154 341 307 365 memoro.
339 342 428 375 quas
445 342 556 375 supra
572 335 771 366 memoravi
788 333 815 365 C
833 333 872 374 5,
892 333 926 365 7.
950 332 1006 373 20,
1027 332 1057 366 1.
1081 332 1137 372 57,
1158 331 1187 364 1.
1211 331 1236 364 J
1252 331 1308 373 33,
1325 331 1359 364 4.
1384 329 1441 371 79,
1459 330 1491 362 1.
1515 330 1575 372 85,·
1588 331 1631 363 21

111 377 248 418 (eorum
273 378 387 411 fortia
410 378 514 410 facta
538 377 797 419 memorando).
845 389 951 420 quem
982 378 1028 410 ab
1059 377 1196 419 regulis
1225 377 1364 409 factum
1387 378 1587 409 memoravi
1606 377 1632 409 J

112 422 165 463 12,
187 422 216 455 1.
242 422 297 463 86,
316 423 348 455 3.
383 424 428 456 de
442 434 578 466 magna
594 424 729 456 virtute
748 426 785 455 et
802 423 920 466 gloria
935 423 962 455 C
977 423 1040 464 3,2
1056 425 1144 455 conl.
1162 421 1216 462 26,
1227 422 1260 455 3.
1285 422 1310 454 J
1327 422 1381 461 25,
1396 421 1430 452 4.
1453 420 1510 462 28,
1525 422 1558 454 4.
1591 425 1632 454 ut

109 467 302 500 iuvenibus
319 471 512 510 parentum
529 469 632 501 facta
649 471 937 501 memorarentur
951 469 987 500 H
1004 469 1041 500 11
1059 468 1112 499 14.
1148 468 1251 499 cuius
1269 467 1437 499 conditor
1451 466 1632 499 Hercules

109 513 225 545 Libus
241 513 511 546 memorabatur
525 514 549 546 J
565 513 622 555 89,
639 514 672 546 4.
713 524 806 556 quae
823 514 868 546 de
885 514 1017 546 inferis
1033 516 1278 545 memorantur
1294 512 1322 544 C
1339 512 1395 551 52,
1417 511 1470 545 13.
1511 512 1633 544 omnia

111 561 315 590 memorata
346 559 443 600 apud
467 559 606 591 inferos
630 559 814 601 subplicia
835 559 871 590 H
894 559 930 590 11
953 558 1015 598 41,
1041 557 1074 590 3.
1119 568 1229 589 —are
1259 567 1404 599 possem
1434 557 1565 599 quibus
1593 557 1631 589 in

109 602 201 635 locis
217 620 263 626 —
280 603 418 636 fuderit
434 603 462 635 C
480 603 519 644 7,
533 603 554 635 7
579 606 664 636 conl.
682 603 721 636 51
734 628 742 644 ,
762 604 794 635 4.
842 603 1061 635 incredibile
1085 606 1288 635 memoratu
1311 605 1368 634 est
1387 601 1414 633 C
1429 601 1467 643 6,
1484 603 1517 634 2.
1543 603 1582 642 7,
1597 602 1630 635 3.

108 648 133 680 J
148 647 210 689 40,
229 647 264 683 3.

153 702 254 725 mem.
284 703 403 735 neque
419 693 536 726 solum
554 693 630 726 illis
648 693 771 726 aliena
789 705 890 726 mens
908 696 988 726 erat
1006 693 1033 725 C
1052 693 1106 733 37,
1125 693 1154 725 1.
1188 694 1315 734 Longe
1334 692 1409 724 alia
1426 693 1515 724 mihi
1530 703 1632 725 mens

70 760 73 768 ·.
111 741 178 779 est,
197 749 279 770 cum
296 757 333 761 -—
357 741 466 780 atque
484 750 566 772 cum
583 739 610 771 O
628 739 689 780 52,
708 740 741 771 2.
782 739 836 770 illi
861 742 926 771 aut
946 742 1107 771 mentem
1124 739 1287 771 divinam
1306 748 1387 770 esse
1403 742 1468 770 aut
1484 738 1632 771 deorum

110 787 200 815 nutu
225 786 360 816 cuncta
382 784 552 826 portendi
574 785 598 816 J
621 783 684 824 92,
702 785 734 816 2.
783 785 1012 817 conscientia
1034 787 1191 816 mentem
1221 784 1382 815 excitam
1405 784 1579 815 vastabat
1603 783 1630 815 C

114 828 165 869 15,
184 828 218 860 4.
252 839 346 871 quae
363 832 486 861 mente
504 830 647 872 agitavi
671 829 698 861 C
716 829 779 869 20,
796 829 830 861 5.
870 833 1014 862 mutata
1037 833 1157 861 mente
1183 828 1210 860 G
1235 827 1297 867 48,
1320 828 1349 858 1.
1388 829 1524 860 morbis
1548 839 1633 861 con—

111 873 231 905 fectus
249 877 286 905 et
303 874 348 906 ob
368 884 449 906 eam
467 885 636 907 caussam
653 878 774 907 mente
793 874 979 917 paululum
996 875 1177 906 inminuta
1192 875 1214 906 J
1232 872 1294 912 65,
1315 873 1346 904 1.
1388 873 1453 906 illa
1477 874 1633 906 formido

110 919 295 951 mentibus
312 919 473 951 decessit
488 921 511 952 J
527 919 584 959 41,
601 919 634 953 3.
676 920 715 951 in
731 924 806 952 tam
826 920 983 953 divorsis
1000 920 1181 952 mentibus
1198 919 1221 950 ,J
1239 917 1293 958 31,
1312 918 1368 950 24.

153 965 288 996 mensis.
325 965 490 1006 quintum
511 965 587 997 iam
609 975 772 997 mensem
797 983 840 988 —-
863 965 1034 998 obsessus
1056 965 1081 997 J
1103 966 1167 1005 24,
1185 964 1217 997 3.
1266 973 1389 995 mense
1414 964 1585 997 Ianuario
1608 964 1634 997 J

110 1008 167 1050 37,
185 1009 217 1041 3.
257 1010 367 1041 tertio
384 1020 509 1042 mense
525 1011 561 1041 H
577 1011 631 1042 ΙΙΙ
649 1010 702 1042 12.

154 1056 327 1086 menstrua
342 1054 518 1094 solvenda
534 1066 627 1098 susp.
645 1056 682 1087 H
698 1057 747 1088 IV
767 1055 819 1088 15.

153 1100 306 1131 nonunt.
338 1103 479 1132 tantam
495 1111 571 1132 rem
589 1104 687 1133 esset
704 1101 878 1133 mentitus
896 1100 924 1133 C
942 1100 998 1141 48,
1015 1099 1048 1133 6.

154 1146 323 1176 mercator
337 1145 361 1177 J
377 1145 432 1183 44,
451 1145 472 1177 5
489 1145 550 1187 (ea
566 1149 708 1178 mutare
728 1157 808 1178 cum
826 1146 1092 1179 mercatoribus
1110 1146 1220 1187 vino).

153 1198 282 1221 nmen
299 1200 433 1233 magna
449 1191 488 1222 in
504 1202 570 1234 spe
585 1192 765 1224 victoriae
783 1191 811 1223 O
829 1190 870 1223 41
881 1217 889 1232 ‚
909 1192 942 1223 2.
984 1191 1060 1223 illis
1084 1192 1209 1233 quieta
1226 1202 1372 1225 movere
1388 1201 1524 1233 magna
1541 1201 1633 1224 mer-

112 1245 174 1267 ces
189 1235 386 1268 videbatur
401 1235 431 1267 O
447 1236 503 1276 21,
521 1236 551 1268 l.
584 1236 843 1269 dominationis
858 1237 897 1268 in
912 1246 978 1269 vos
995 1237 1184 1268 servitium
1202 1247 1305 1269 suum
1322 1238 1525 1269 mercedem
1544 1237 1635 1269 dant

110 1281 146 1312 Η
163 1280 181 1312 1
197 1280 253 1321 41,
272 1281 305 1311 2.
346 1281 452 1313 sedes
469 1292 700 1324 occupavere
715 1282 843 1324 pauci,
870 1282 1077 1313 mercedem
1101 1282 1280 1314 scelerum
1300 1283 1333 1314 H
1350 1283 1366 1314 1
1383 1282 1444 1321 41,
1468 1282 1518 1314 12.
1560 1284 1632 1314 Eu-

110 1335 253 1357 menem
275 1326 467 1367 prodidere
484 1326 684 1367 Antioche,
709 1327 814 1370 pacis
838 1327 1045 1358 mercedem
1068 1327 1103 1358 H
1120 1328 1169 1359 IV
1186 1326 1246 1366 61,
1265 1326 1298 1359 8.
1340 1328 1496 1369 partium
1521 1328 1634 1359 decus

111 1371 149 1402 in
168 1371 372 1403 mercedem
390 1375 604 1414 conruptum
621 1372 657 1403 H
673 1372 691 1403 I
711 1371 762 1405 13.
802 1372 896 1403 nihil
919 1372 966 1404 ob
990 1375 1133 1403 tantam
1154 1372 1358 1404 mercedem
1376 1373 1448 1404 sibi
1466 1373 1634 1404 abnuitu-

111 1425 171 1448 ros
187 1416 222 1446 H
238 1416 256 1447 Ι
273 1414 327 1448 32.
371 1416 414 1449 G.
433 1417 613 1449 Baebium
629 1422 766 1459 inagna
781 1417 950 1449 mercede
968 1420 1076 1459 parat
1093 1418 1117 1449 J
1133 1416 1188 1457 33,
1207 1418 1241 1449 2.
1279 1427 1448 1449 manuum
1466 1418 1634 1450 mercede

112 1461 275 1502 inopiam
291 1460 518 1494 toleraverat
535 1461 563 1494 C
581 1461 637 1503 37,
655 1463 687 1494 7.
730 1463 882 1505 egregia
898 1462 1047 1494 scilicet
1064 1463 1232 1494 mercede
1251 1463 1285 1494 H
1301 1463 1319 1494 I
1335 1462 1392 1502 41,
1410 1462 1464 1495 23.
1504 1463 1634 1495 melius

111 1505 252 1538 habent
266 1506 435 1538 mercede
452 1507 663 1549 delinquere
682 1517 789 1549 quam
807 1509 924 1550 gratis
942 1510 1043 1539 recte
1062 1508 1186 1540 facere
1205 1508 1240 1540 H
1256 1508 1309 1540 111
1324 1507 1421 1547 61,5.
1458 1508 1507 1540 ad
1521 1518 1633 1550 popu-

110 1550 194 1582 lunr
207 1551 410 1583 Romanum
433 1552 568 1584 suimet
588 1553 779 1595 sanguinis
809 1553 978 1585 mercede
1010 1553 1369 1585 circumveniundum
1394 1553 1428 1584 H
1450 1554 1469 1585 1
1490 1553 1551 1593 41,
1578 1553 1634 1586 25.

113 1605 262 1672 ᾳῑιοτιιιὲι
285 1606 389 1674 138181ὲο
407 1607 485 1673 gon
508 1598 639 1630 diurna
661 1598 830 1630 mercede
854 1599 967 1631 vitam
993 1598 1190 1631 mutaverit
1211 1599 1246 1630 H
1270 1599 1289 1630 I
1309 1597 1371 1638 48,
1396 1598 1429 1630 7.
1477 1594 1636 1641 accepta

112 1651 232 1673 merce
260 1651 279 1673 e
381 1667 390 1682 ,
432 1667 440 1674 .

156 1694 286 1718 mercor
302 1688 501 1719 restituenti.
519 1687 554 1718 H
571 1688 584 1719 i
600 1687 655 1720 88.

156 1739 278 1762 mereo.
309 1731 438 1764 foedus
464 1735 502 1764 et
524 1733 689 1765 amicitia
706 1733 904 1774 dabuntur,
931 1743 1011 1766 cum
1036 1733 1248 1765 merueritJ
1268 1733 1350 1773 104,
1367 1734 1400 1766 5.
1443 1734 1546 1776 genti
1562 1735 1635 1767 Nu-

114 1776 292 1808 midarum
307 1780 452 1819 optume
470 1778 624 1810 merenti
639 1779 660 1810 J
679 1777 741 1818 62,
764 1778 793 1810 1.
833 1779 986 1811 laudare
1004 1782 1041 1810 et
1057 1780 1250 1821 inerepare
1268 1779 1440 1811 merentis
1458 1779 1482 1811 J
1501 1779 1582 1820 100,
1601 1779 1634 1812 3.

112 1834 158 1849 Ξ
180 1831 254 1853 non
276 1822 331 1853 uti
354 1823 476 1854 meriti
495 1826 606 1855 erant
622 1824 645 1855 J
665 1822 745 1864 103,
763 1823 797 1855 5.
838 1820 1050 1856 mereantur
1070 1827 1224 1866 eom-upt.
1251 1824 1284 1855 H
1303 1825 1314 1855 i
1330 1823 1386 1855 88.
1427 1825 1575 1856 meritos
1596 1825 1636 1856 in

113 1866 264 1908 proeliis
282 1867 395 1899 donat
409 1867 434 1899 J
449 1868 504 1906 54,
520 1867 548 1900 1.
578 1878 658 1900 cum
677 1869 839 1900 exercitu
857 1872 1002 1911 optume
1020 1870 1150 1901 merito
1170 1870 1203 1900 H
1220 1870 1255 1900 11
1272 1868 1332 1907 96,
1355 1869 1383 1900 1.
1399 1882 1446 1896 z
1461 1873 1501 1901 ut
1515 1870 1638 1902 merita

114 1912 283 1943 invenias
299 1912 335 1944 H
351 1912 369 1944 Ι
384 1912 441 1953 48,
465 1912 515 1944 16.
558 1914 662 1946 nobis
687 1914 732 1946 ob
758 1915 889 1946 merita
913 1924 979 1946 sua
997 1924 1105 1946 carus
1120 1915 1144 1945 J
1161 1913 1200 1950 9,
1218 1914 1250 1946 2.
1291 1914 1336 1946 01)
1357 1915 1488 1946 merita
1506 1915 1542 1946 in
1560 1925 1636 1947 rem

114 1967 150 1998 p.
168 1957 204 1988 H
218 1957 236 1988 I
256 1956 308 1989 10.
340 1957 497 1990 honores
513 1969 587 1990 non
604 1970 649 1991 ex
665 1960 796 1992 merito
807 1985 815 1999 ,
835 1962 894 1991 set
910 1959 1052 1991 debitos
1069 1959 1204 2001 repetit
1217 1959 1242 1991 J
1258 1957 1314 1997 85,
1332 1958 1388 1992 37.
1421 1960 1500 1992 Illis
1515 1961 1636 1993 merito

115 2001 263 2034 accidet
279 2002 306 2034 C
325 2002 380 2042 51,
398 2002 454 2037 26.
495 2004 624 2036 merito
642 2003 720 2035 fieri
739 2004 766 2036 O
783 2004 839 2045 51,
858 2004 914 2036 29.
954 2004 1119 2036 homines
1136 2004 1316 2037 scelestos
1339 2005 1468 2037 merito
1486 2010 1637 2038 necatos

115 2045 143 2078 C
161 2046 216 2087 51,
234 2046 289 2080 32.
328 2058 385 2080 mc
403 2049 534 2081 merito
551 2067 591 2072 —
612 2050 788 2081 iudicium
806 2050 920 2081 animi
936 2050 1137 2083 mutavisse
1154 2050 1177 2082 J
1195 2050 1233 2091 4,
1253 2049 1285 2082 4.
1326 2054 1367 2082 ut
1390 2051 1518 2084 merito
1535 2051 1636 2083 dica-

114 2094 174 2123 tur
188 2092 224 2123 H
241 2093 259 2124 I
278 2092 333 2125 12.

157 2137 324 2169 meridies.
354 2138 487 2170 flumen
504 2139 624 2171 oriens
642 2151 664 2171 a
681 2141 834 2172 meridie
850 2140 873 2172 J
890 2139 945 2182 48,
964 2139 997 2172 3.

158 2183 423 2222 Iesopotameni
441 2184 472 2215 H
491 2184 539 2216 IV
556 2184 610 2217 53.

158 2228 402 2267 noeopotamia
419 2229 452 2260 H
469 2229 518 2262 IV
535 2229 590 2261 51.

159 2273 288 2304 metior.
320 2284 385 2305 suo
404 2274 519 2316 quisq.
538 2279 636 2307 metu
655 2275 821 2317 pericula
837 2277 959 2308 metiri
976 2275 1004 2308 O
1021 2275 1077 2315 31,
1094 2277 1127 2308 2.

158 2319 274 2349 metor.
306 2322 429 2350 castra
446 2320 655 2352 metabatur
671 2321 694 2353 J
714 2320 789 2361 106,
808 2322 842 2354 5.

159 2363 398 2403 Xenophanes
416 2364 450 2395 H
466 2364 523 2397 111
542 2364 593 2397 12.

158 2409 280 2439 memo.
311 2409 403 2440 nihil
426 2412 586 2442 metuere
610 2410 682 2443 nisi
705 2414 848 2454 turpem
864 2412 1002 2445 famam
1019 2413 1043 2445 J
1059 2412 1120 2453 85,
1139 2411 1173 2446 3.
1215 2412 1306 2446 nihil
1322 2412 1457 2446 hostile
1475 2417 1636 2447 metuen-

117 2455 174 2484 tes
191 2452 216 2484 J
231 2451 288 2492 91,
306 2453 338 2484 4.
379 2459 545 2487 metuens
563 2456 599 2487 id
616 2456 710 2498 quod
725 2457 927 2499 parabatur
941 2458 965 2490 J
985 2458 1059 2498 102,
1081 2458 1132 2490 15.
1172 2459 1304 2490 metuit
1320 2459 1443 2499 otium,
1468 2460 1545 2491 odit
1562 2459 1637 2491 bel-

115 2497 190 2529 lum
205 2497 241 2529 H
257 2498 275 2530 I
290 2497 352 2538 48,
374 2498 425 2531 11.
466 2500 568 2542 prius
591 2501 646 2533 illi
670 2502 846 2535 invidiam
869 2505 1031 2535 metuere
1053 2504 1084 2535 H
1103 2504 1158 2535 111
1175 2503 1230 2544 62,
1252 2503 1286 2536 8.
1313 2504 1457 2541 [eadem
1473 2507 1636 2536 metuere

115 2552 207 2584 susp.
226 2543 251 2575 J
266 2542 328 2583 31,
351 2542 417 2586 14].
457 2546 557 2577 domi
578 2556 718 2589 poenas
739 2550 907 2580 metuunt
920 2549 945 2581 J
962 2548 1023 2587 79,
1042 2548 1074 2580 7.
1123 2559 1214 2591 quas
1240 2549 1285 2580 ab
1309 2549 1476 2580 hostibus
1497 2559 1637 2590 poenas

116 2591 323 2620 metuerant
337 2589 361 2622 J
379 2588 441 2630 76,
460 2590 491 2623 7.
532 2592 734 2633 periculum
756 2603 803 2625 ex
819 2593 894 2625 illis
910 2594 1040 2625 metuit
1057 2593 1084 2625 C
1102 2593 1164 2633 52,
1187 2592 1237 2624 16.
1281 2610 1318 2615 —
1347 2604 1391 2624 ex
1407 2595 1566 2635 partium
1583 2595 1636 2625 in-

117 2632 218 2664 vidia
233 2650 274 2656 ——
293 2633 317 2666 J
333 2633 430 2673 40,2.
464 2635 640 2669 Scaurum
656 2638 859 2679 plurumum
876 2638 1066 2670 metuebat
1078 2638 1101 2669 J
1118 2638 1173 2678 25,
1187 2637 1239 2669 10.
1274 2638 1366 2670 civis
1383 2638 1515 2679 hostiq.
1535 2640 1638 2671 iuxta

114 2677 139 2709 J
155 2677 215 2715 72,
231 2678 264 2710 2.
305 2681 499 2721 metuenti,
524 2691 571 2713 ne
588 2682 621 2715 ui
636 2693 710 2725 pax
726 2682 848 2723 fieret,
873 2684 952 2725 ipse
970 2683 1177 2714 traderetur
1191 2683 1215 2714 J
1231 2681 1292 2722 61,
1312 2683 1333 2714 5
1355 2685 1440 2715 conl.
1459 2683 1483 2715 J
1504 2683 1584 2722 111,
1602 2684 1635 2717 2.

117 2725 417 2802 ιῐιθιΙι-ἰθίιῖδιῃαὸςίε
434 2735 541 2768 quam
558 2728 774 2761 metuendus
789 2729 813 2760 J
829 2728 885 2768 20,
903 2729 936 2760 2.
977 2738 1016 2759 se
1034 2738 1053 2759 e
1073 2729 1282 2769 contempto
1300 2728 1530 2760 metuendum
1551 2729 1637 2761 effe-

118 2767 170 2799 cit
315 2793 324 2809 ,
366 2793 375 2801 .

161 2814 270 2845 notu·
294 2815 428 2847 ceteris
452 2817 581 2858 augeri
605 2817 629 2849 J
647 2817 709 2857 92,
726 2817 759 2849 9.
808 2827 926 2859 neque
952 2826 1166 2858 quemquam
1191 2827 1234 2848 ex
1259 2833 1302 2839 —
1323 2818 1497 2860 superbia
1519 2823 1637 2852 metus

119 2858 260 2899 ceperit
275 2858 299 2890 J
315 2858 377 2899 85,
394 2860 451 2892 47.
492 2871 538 2893 m.
556 2861 613 2894 illi
629 2862 832 2894 detrahitur
847 2863 881 2893 H
898 2863 915 2893 Ι
931 2861 993 2902 48,
1011 2860 1045 2893 3.
1084 2879 1127 2884 -
1150 2862 1304 2904 Pompei
1326 2863 1363 2894 id
1387 2863 1521 2896 bellum
1540 2866 1638 2897 exci-

119 2901 226 2934 tabat
243 2902 277 2933 H
292 2903 310 2934 1
325 2902 380 2936 39.
420 2915 465 2937 m.
482 2905 674 2939 habendus
691 2910 746 2939 est
764 2910 828 2938 ant
846 2907 1040 2939 faciundus
1059 2906 1093 2938 H
1110 2907 1127 2938 I
1143 2906 1197 2947 41,
1222 2906 1273 2940 10.
1314 2918 1360 2940 m.
1379 2919 1454 2941 rem
1471 2909 1636 2952 inpedie-
