1826 3282
533 244 835 278 HISTORIARVM
866 245 950 276 Lm.
981 247 1015 276 11
1044 240 1102 278 48.
1119 238 1177 278 49.
1561 229 1616 274 49
1649 217 1653 222 ,

90 360 175 394 quae
199 350 365 383 reddetur
389 354 491 392 incer,
499 350 697 392 schemata),
723 355 775 382 est
797 360 878 382 vero
898 350 1147 392 pulcherrima,
1172 360 1242 381 cum
1264 351 1367 391 plura
1387 350 1507 390 paucis
1530 359 1616 380 eom-

85 397 269 438 plectitur.-
302 399 400 439 quale
425 395 580 428 Sallustii
602 400 674 427 est:
703 395 828 427 Mithr.
855 413 896 418 —
924 398 1098 427 armatus.
1155 395 1234 427 Hoc
1263 396 1348 426 male
1371 396 1540 426 imitantes
1563 404 1615 426 se-

89 443 202 484 quitur
217 441 418 474 obscuritas.
457 441 563 483 Apud
580 451 661 472 811111
678 439 774 472 false
790 440 927 482 legitur
947 441 1106 490 proinde.
1148 439 1223 471 cfr.
1242 439 1334 482 App.
1352 439 1388 470 b.
1406 438 1529 470 Mithr.
1552 438 1615 470 112

89 495 124 528 p.
150 486 228 526 415,
247 486 291 518 27
307 486 426 518 Bekk.
452 481 495 518 τὸ
512 484 618 528 σῶμα
644 478 685 517 δ’
710 476 759 527 ἦν
775 481 895 527 μέγας
911 495 995 527 μεν,
1020 479 1070 522 ὥς
1087 479 1410 517 ὑποδεικνύουσιν
1426 479 1496 516 ὅσα
1514 477 1614 516 ’ὅπλα

89 523 206 569 αὐτὸς
231 527 404 574 ἔπεμψεν
427 525 466 569 ἐς
491 527 649 573 Νεμέαν
672 539 712 562 τε
736 527 802 562 καὶ
827 524 1014 572 Δελφούς.
1063 530 1251 562 Imitatum
1281 529 1399 562 videri
1422 529 1571 561 Florum
1595 530 1614 561 I

88 576 121 616 7,
147 577 186 608 4:
214 576 303 608 Galli
323 575 485 614 Senones,
509 585 594 618 qens
617 593 661 599 —-
685 576 762 616 ipsa
785 586 965 617 corporum
988 578 1088 613 mole,
1121 576 1264 616 perinde
1289 579 1391 606 armis
1415 574 1612 616 inqentibus,

88 622 175 654 adeo
199 623 289 653 omni
307 631 435 663 ⁸qenere
458 620 621 653 terribilis
642 621 720 661 fuit,
745 621 819 652 iam
846 620 911 652 alii
936 620 1190 652 observarunt.

199 699 253 740 48
283 699 364 753 [Kr.
387 704 443 738 57.
469 701 508 737 G.
530 698 609 751 94].
668 698 780 744 Quod
808 675 1019 738 adim-sum
1056 698 1166 737 multi
1197 711 1244 738 ex
1275 698 1453 750 Bithynia
1482 697 1613 737 volen-

88 771 146 806 tes
175 767 402 812 adcurrere,
433 765 575 825 falsum
604 767 726 806 filium
753 767 958 816 arguituri.
1273 761 1282 765 ’

199 846 314 878 Prisc.
339 846 373 877 X
398 857 433 888 p.
459 844 544 878 505:
576 849 742 878 invenitur
765 850 874 877 tamen
899 848 933 877 in
957 856 1016 877 usu
1041 847 1141 877 etiam
1166 847 1381 887 ‘arquilurus'
1407 855 1476 887 pro
1503 847 1613 887 ‘uryn-

84 892 204 923 turus'.
252 891 434 923 Sallustius
465 893 499 922 in
524 892 561 923 II
591 892 827 924 historiarum:
860 890 966 930 Quod
992 908 1037 914 —-
1061 890 1251 933 arguituri.
1307 890 1378 922 Pro
1410 891 1500 932 quod
1530 900 1613 932 quos

87 935 261 981 exhibent
283 936 502 968 BDHGLK.
550 936 642 967 Tum
673 937 820 968 adcurre
854 935 953 978 (sup.
981 947 1000 968 c
1027 938 1065 967 et
1088 934 1149 976 re)
1174 936 1236 967 Rr.
1287 946 1470 967 accurrere
1494 935 1610 966 HLK.

86 992 229 1013 accurre
255 981 298 1013 G.
339 991 522 1013 occurrere
547 981 625 1013 BD.
674 982 731 1013 De
757 991 828 1023 qua
853 991 892 1012 re
917 980 984 1012 illa
1007 980 1124 1013 verba
1148 980 1249 1012 dicta
1273 980 1424 1019 fuerint,
1450 980 1612 1012 dubitari

85 1026 223 1068 nequit.
273 1026 414 1058 Scimus
440 1026 535 1058 enim
558 1025 793 1058 Nicomedem
818 1026 890 1065 III,
916 1025 1112 1067 Bithyniae
1137 1036 1275 1067 regem,
1292 1036 1335 1062 a.
1364 1036 1397 1057 a.
1425 1025 1465 1057 C.
1491 1025 1535 1057 75
1561 1024 1610 1066 (a.

85 1081 120 1103 u.
146 1070 228 1112 679)
253 1074 443 1110 mortuum,
469 1071 651 1103 Romanos
674 1074 897 1103 testamento
921 1070 1076 1102 heredes
1100 1071 1205 1112 regni
1229 1070 1286 1102 sui
1302 1071 1493 1112 scripsisse
1511 1070 1612 1101 illos-

86 1126 155 1158 que
179 1119 315 1153 terram
338 1116 377 1147 in
400 1116 612 1158 provinciae
637 1116 791 1148 formam
815 1115 1002 1157 redegisse
1029 1114 1130 1156 (Liv.
1158 1115 1245 1157 epit.
1271 1115 1406 1147 XCIII.
1445 1116 1525 1146 Arr.
1552 1125 1610 1157 ap.

84 1161 190 1192 Phot.
216 1172 252 1203 p.
278 1160 333 1193 73.
359 1160 478 1193 Bekk.
504 1161 597 1203 App.
623 1161 659 1193 b.
685 1161 809 1193 Mithr.
837 1160 878 1191 71
903 1171 938 1202 p.
965 1159 1032 1193 379
1055 1160 1204 1201 Bekk.).
1245 1161 1376 1192 Fuisse
1401 1163 1526 1192 tamen
1551 1161 1613 1202 qui

83 1205 292 1238 Nicomedis
315 1205 429 1237 filium
459 1215 499 1237 se
533 1215 613 1238 esse
645 1206 789 1247 sibique
813 1205 1003 1237 heredium
1027 1204 1154 1237 deberi
1178 1205 1432 1244 contenderet,
1460 1215 1611 1246 conper-

83 1254 160 1282 tum
183 1250 362 1283 habemus
387 1261 430 1283 ex
448 1250 538 1283 Sall.
556 1251 625 1293 Ep.
644 1250 805 1282 Mithrid.
831 1249 870 1282 9:
895 1254 1067 1292 postremo
1084 1254 1188 1282 totam
1204 1250 1400 1290 Bithyniam
1424 1251 1610 1291 diripuere,

83 1307 155 1328 cum
172 1297 264 1336 filius
290 1296 396 1340 Nysa,
423 1306 519 1338 quam
543 1298 694 1338 reginam
718 1297 970 1337 adpellaverat,
994 1297 1126 1337 yenitus
1148 1295 1229 1326 haut
1253 1294 1352 1326 dubie
1376 1299 1477 1326 esset.
1521 1294 1611 1326 Cum

83 1341 158 1372 iam
183 1352 241 1383 ap.
268 1341 383 1373 Prisc.
410 1342 598 1373 adcurrere
624 1341 669 1373 ab
695 1340 799 1372 libris
824 1340 1116 1372 munitissumum
1140 1341 1199 1379 sit,
1226 1343 1364 1371 certum
1390 1339 1535 1371 videtur
1559 1339 1610 1370 di-

85 1390 182 1418 ctum
207 1386 320 1418 fuisse
337 1386 381 1418 de
406 1386 598 1418 missis‘ab
623 1385 814 1426 Romanis,
842 1385 903 1427 qui
927 1385 1138 1427 Bithyniam
1164 1385 1395 1426 acciperent,
1429 1394 1519 1426 quos
1550 1384 1612 1426 qui

83 1431 206 1473 Nysae
231 1430 343 1462 filium
368 1431 633 1473 sequebantur,
660 1431 798 1462 intrare
823 1433 991 1463 vetuere:
1025 1433 1154 1462 contra
1184 1430 1290 1461 multi
1321 1439 1387 1461 sua
1412 1432 1542 1472 sponte
1568 1440 1611 1461 ex

83 1476 258 1518 Bithynia
281 1486 433 1516 venere,
467 1476 588 1518 parati
618 1479 659 1508 ut
681 1474 900 1508 testimoniis
933 1475 1008 1507 suis
1042 1485 1168 1507 verum
1201 1478 1237 1506 et
1269 1474 1484 1517 legitumum
1507 1474 1611 1506 illum

83 1521 292 1553 Nicomedis
323 1520 436 1553 filium
466 1532 540 1554 11011
571 1531 652 1553 esse
685 1521 959 1559 convincerent.
1014 1520 1118 1560 Quae
1150 1520 1213 1562 qui
1245 1520 1487 1559 concesserit,
1529 1530 1611 1562 quos

82 1566 178 1598 tueri
201 1576 273 1598 non
296 1566 466 1608 potuerit.
517 1565 615 1605 Quod
636 1568 814 1598 advorsum
845 1566 973 1598 eodem
1004 1565 1110 1597 modo
1141 1565 1278 1596 dictum
1304 1567 1377 1604 est,
1413 1568 1522 1606 atque
1549 1575 1608 1606 ap.

83 1611 164 1644 Liv.
182 1611 323 1652 XXXII
346 1612 380 1651 2,
398 1611 419 1643 5
443 1612 609 1644 advorsus
633 1612 671 1643 id
693 1612 794 1654 quod,
820 1621 939 1653 neque
966 1610 1174 1642 obfensioni
1199 1613 1255 1642 est
1271 1610 1496 1652 praepositio
1513 1608 1609 1651 po&-

82 1657 215 1699 posita,
242 1666 323 1688 cum
340 1657 432 1700 quod
445 1660 567 1689 contra
582 1657 620 1688 in
635 1666 704 1688 usu
721 1656 836 1688 fuerit
860 1655 953 1698 (Cic.
974 1654 1055 1687 Cat.
1074 1655 1160 1687 mai.
1179 1653 1236 1695 23,
1253 1654 1310 1687 84.
1336 1654 1442 1687 Lael.
1461 1655 1517 1695 ⁶24,
1536 1653 1608 1695 90).

178 1725 250 1775 '49
283 1733 363 1787 [Kr.
383 1740 440 1772 58.
472 1737 512 1774 G.
533 1734 611 1787 95].
675 1758 721 1762 -
754 1758 800 1762 -
834 1734 889 1773 ibi
917 1733 1145 1773 Fimbriana
1174 1733 1384 1778 seditione,
1421 1734 1490 1784 qui
1524 1734 1611 1782 regi

82 1814 155 1855 per
192 1801 445 1854 obsequelam
479 1802 665 1841 orationis
701 1807 739 1841 et
780 1813 963 1841 maxume
1002 1801 1135 1841 odium
1173 1800 1304 1840 Sullae
1341 1812 1480 1840 suaves
1511 1802 1610 1840 cari-

83 1883 160 1923 que
189 1875 314 1910 erant.

195 1938 287 1971 Non.
313 1949 348 1980 p.
377 1936 441 1969 146
471 1947 500 1969 s.
533 1947 567 1970 v.
601 1937 783 1980 obsequela
813 1947 858 1968 ex
888 1936 983 1968 libro
1014 1935 1186 1968 3881111110.
1242 1935 1362 1967 Μ111113
1395 1945 1508 1977 grave
1541 1938 1610 1974 est,

82 1983 177 2025 qnod
200 1983 285 2014 libri
308 1986 456 2025 praeter
471 1982 529 2015 AJ
543 1982 737 2014 Fimbriane
752 1993 818 2024 pro
834 1981 1031 2014 Fimbriana
1056 1981 1246 2020 exhibent3
1271 1990 1399 2023 parum
1416 1980 1611 2022 perspicua

81 2028 122 2060 fit
145 2028 263 2060 oratio
287 2038 352 2070 per
375 2028 488 2060 Merc.
516 2028 765 2060 coniecturam
790 2026 987 2059 Fimbriana
1017 2030 1050 2058 et
1073 2027 1261 2063 seditione,·
1293 2028 1350 2057 set
1382 2025 1494 2057 multo
1527 2035 1609 2066 gra—

81 2074 164 2106 vius
189 2073 283 2115 quod
306 2073 392 2104 libri
417 2072 591 2107 exhibent
614 2072 730 2104 Sullae
754 2071 934 2114 Sem-ique,
958 2067 1082 2114 drewes
1105 2073 1243 2113 carique
1261 2070 1328 2102 AJ.
1371 2071 1487 2102 Sullae
1504 2070 1610 2102 Scau-

81 2121 178 2161 rique
202 2119 252 2150 Μ.
293 2117 408 2150 Sullae
432 2120 508 2150 cari
530 2122 631 2149 erant
654 2117 752 2159 ng.
801 2117 898 2157 Quin
929 2117 1023 2148 haec
1056 2116 1156 2148 dicta
1181 2115 1318 2147 fuerint
1350 2115 1394 2147 de
1418 2115 1608 2154 Marianis,

83 2164 145 2205 qui
170 2163 217 2195 ad
240 2173 365 2205 regem
388 2162 638 2197 Mithridatem
664 2162 920 2204 confugerant,
946 2161 1109 2193 dubitari
1133 2161 1195 2193 vix
1219 2164 1358 2203 potest;
1384 2171 1470 2192 num
1494 2160 1540 2191 118
1565 2160 1609 2191 L.

81 2208 224 2240 Fannio
257 2211 294 2239 et
324 2209 366 2239 L.
392 2208 537 2250 Magio,
571 2217 660 2250 quos
684 2207 748 2238 ille
775 2207 822 2239 ad
846 2207 1045 2239 Sertorium
1069 2206 1169 2238 misit
1193 2205 1306 2248 (App.
1339 2205 1390 2237 b.>
1409 2205 1533 2237 Mithr.
1567 2203 1612 2236 68

82 2264 117 2295 p.
142 2252 208 2286 377
234 2253 290 2285 ed.
315 2252 434 2284 Bekk.
463 2253 539 2284 Cic.
565 2253 604 2284 in
628 2253 731 2284 Verr.
757 2252 775 2284 I
799 2251 855 2291 34,
873 2250 944 2294 87),
971 2251 1118 2283 dubium
1136 2251 1293 2293 quidem,
1321 2253 1378 2282 set
1401 2250 1480 2283 veri
1498 2249 1611 2282 simil·
1652 2271 1659 2275 -

81 2298 217 2330 lnmum
243 2301 310 2337 est,
336 2307 558 2340 quamquam
584 2308 628 2330 ex
653 2297 750 2328 Plut.
777 2296 871 2329 Sert.
894 2307 930 2329 ·c.
948 2293 993 2329 ‘23
1017 2296 1175 2328 minume
1201 2296 1320 2328 conici
1336 2295 1437 2335 licet,
1465 2295 1611 2327 eosdem

83 2353 173 2385 quos
190 2343 341 2385 -legatos
365 2342 476 2382 misit,
503 2342 537 2374 ei
562 2342 732 2374 adulatos
759 2352 851 2374 esse.
893 2342 972 2374 Iam
990 2341 1035 2374 (18
1051 2342 1179 2383 primis
1196 2341 1318 2374 verbis
1335 2340 1395 2373 vel
1411 2340 1611 2371 inlustran-

83 2389 139 2420 dis
163 2387 223 2420 vel
248 2387 483 2420 restituendis
506 2387 775 2430 desperandum
800 2390 874 2427 est,
908 2397 1016 2429 quam
1041 2387 1103 2418 diu
1127 2396 1199 2418 non
1222 2396 1319 2418 nova
1344 2389 1492 2427 reperta
1517 2395 1611 2427 quae

84 2443 142 2475 ap.
168 2433 261 2465 Non.
287 2432 500 2471 exciderint,
527 2436 591 2464 aut
615 2443 659 2464 ex
684 2431 780 2464 alius
809 2432 1000 2474 scriptoris
1031 2431 1154 2464 verbis
1180 2441 1250 2473 quo
1274 2431 1518 2473 pertinuerint
1551 2440 1610 2461 ex-

64 2478 260 2520 —plicatum
284 2477 407 2509 fuerit.
455 2477 514 2509 Ibi
536 2477 568 2509 si
591 2487 718 2513 verum
743 2480 810 2517 est,
840 2477 1090 2519 praecessisse
1115 2476 1265 2508 verbum
1291 2475 1525 2508 conmorandi
1550 2475 1610 2505 do-

82 2525 160 2563 cet,
194 2525 232 2555 et
262 2522 425 2555 ablativo
460 2522 654 2554 Fimbriana
682 2523 848 2554 seditione
881 2531 1072 2561 caussam,
1113 2531 1178 2553 8111·
1207 2521 1262 2553 ibi
1294 2520 1495 2552 conmorati
1527 2519 1609 2557 sint,

83 2577 294 2610 expressam
319 2567 432 2599 fuisse
457 2567 503 2599 in‘
519 2566 712 2610 propatulo
738 2570 806 2599 est.
854 2567 1033 2599 Videntur
1049 2567 1163 2609 igitur
1186 2566 1243 2597 illi
1267 2565 1437 2603 Mariani,
1465 2574 1546 2595 cum
1567 2564 1609 2594 L.

81 2612 254 2645 Valerius
278 2612 439 2644 Flaccus
471 2612 518 2644 ab
543 2612 709 2644 Fimbria
731 2612 951 2644 interfectus
973 2615 1088 2650 esset,
1123 2611 1170 2643 ab
1203 2610 1366 2642 exercitu
1397 2608 1612 2640 discessisse

83 2661 121 2690 et
145 2668 226 2694 cum
249 2658 402 2690 Romam
426 2658 564 2690 reverti
587 2663 660 2689 no'n
682 2660 851 2700 possent,
877 2656 1018 2689 Sullam
1043 2656 1146 2688 adire
1170 2655 1320 2693 nollent,
1350 2654 1396 2685 ad
1419 2652 1610 2684 Mithrida-

82 2705 156 2734 tem
180 2703 339 2735 venisse.
387 2703 561 2734 Fortasse
586 2713 673 2745 ergo
698 2705 997 2744 praecesserunt:
1026 2701 1222 2743 perfugium
1245 2701 1443 2730 invenerant
1466 2697 1516 2728 ibi
1538 2700 1609 2728 cet.

83 2748 175 2779 Tum
207 2757 289 2779 cum
322 2744 461 2790 carique
492 2748 667 2790 scriptum
692 2747 806 2779 fuisse
832 2750 971 2779 certum
995 2746 1166 2778 videatur
1194 2752 1345 2784 eamque
1371 2743 1416 2773 ob
1442 2751 1611 2773 caussam

85 2796 196 2824 antea
221 2792 444 2825 adiectivum
469 2792 648 2824 excidisse
673 2802 825 2824 necesse
851 2792 910 2831 sit,
937 2790 1027 2822 nihil
1052 2788 1283 2820 tribuendum
1309 2790 1364 2819 est
1380 2786 1611 2818 librariorum

82 2837 232 2869 invento
253 2847 386 2878 graves,
412 2837 582 2879 quoniam
606 2847 756 2879 gravem
780 2837 854 2868 dici
879 2845 971 2874 eum,
999 2834 1059 2875 qui
1085 2832 1306 2864 auctoritate
1332 2831 1428 2873 apud
1452 2831 1611 2873 aliquem
1640 2856 1643 2861 ,

83 2881 234 2924 polleat,
260 2882 332 2913 nisi
358 2881 433 2914 alia
459 2881 659 2921 accedant,
692 2882 770 2913 sine
796 2879 962 2921 exemplo
988 2882 1061 2916 est,
1090 2888 1204 2919 eoque
1230 2877 1347 2908 minus
1373 2876 1610 2918 probandum,

85 2926 170 2968 quia
192 2930 309 2968 ¹yravis
331 2937 398 2968 per
421 2936 460 2958 se
486 2925 671 2969 significat
697 2936 793 2964 eum,
821 2925 890 2966 qui*
907 2923 1079 2955 molestus
1103 2922 1249 2954 odiosus
1274 2921 1333 2953 sit.
1383 2921 1488 2961 Quod
1512 2922 1544 2953 si
1568 2932 1613 2954 ex

176 2992 358 3025 SALLusr.
384 3003 444 3025 131).
468 2983 654 3025 Durrscu.
692 2992 741 3023 ΙΙ.
1315 2978 1342 3017 4
