1852 3294
830 242 964 270 luozx
1572 224 1654 266 265

178 351 319 376 meror.
349 342 498 375 laetitia
514 351 657 375 maeror
675 359 712 365 —
733 342 972 384 agitabantur
989 340 1016 373 C
1035 339 1090 380 61,
1108 339 1150 373 9
1180 351 1262 373 cum
1276 350 1442 373 maerore
1461 341 1535 382 atq.
1554 338 1656 372 luctu

134 389 246 421 vitam
262 388 414 430 exigunt
430 388 453 420 J
472 387 597 427 14,15.
638 390 756 420 metus
774 390 846 429 atq.
864 397 1009 419 maeror
1025 387 1214 419 civitatem
1230 386 1401 419 invasere
1417 385 1441 418 J
1457 383 1564 425 39,1.

177 435 326 465 maestus
342 433 530 486 paulisper
547 443 591 465 ex
608 435 806 474 conspectu
824 432 904 464 abit
918 432 941 464 J
958 430 1014 471 68,
1036 431 1066 464 l.

177 479 297 519 nagia.
328 479 445 521 primo
469 478 589 520 magis
613 477 765 509 ambitio
788 487 895 519 quam
915 477 1080 510 avaritia
1102 476 1241 508 animos
1257 476 1441 508 hominum
1459 474 1656 508 exercebat

134 523 162 556 C
183 523 286 562 11,1.
320 533 379 555 res
395 526 539 565 tempus
557 540 599 546 -——
621 523 742 564 magis
767 533 873 564 quam
898 523 1016 554 oratio
1041 532 1123 554 mea
1147 521 1336 554 hortantur
1353 520 1381 553 C
1399 519 1534 560 20,15.
1573 530 1655 562 pro-

133 568 293 601 hibendo
310 568 426 610 magis
444 578 551 610 quam
566 567 788 600 vindicando
806 568 1008 599 exercitum
1026 566 1254 599 confirmavit
1268 567 1292 598 J
1309 566 1365 606 45,
1375 565 1408 599 3.
1442 565 1521 608 igni
1537 564 1655 607 magis

131 612 736 700 3⁰37m5‘231t23522v53223'2‘ffi
749 612 1065 690 {.⁵{:1{'.·..3¹1¹35¹3
1078 622 1187 696 {gfff
1198 610 1656 697 202523?¹⁵1¹3'32¹¹¹¹2¹¹¹¹‘31¹::

133 714 241 746 quam
257 703 351 736 haec
367 706 533 745 tempora
549 703 669 745 magis
686 702 838 745 placent
852 703 876 734 J
892 701 953 742 31,
972 701 1017 734 20
1039 701 1140 743 (conl.
1158 702 1190 735 si
1206 701 1360 734 libertas
1378 704 1416 734 et
1432 711 1521 734 vera
1538 700 1656 743 magis

132 748 282 790 placent
299 749 333 780 H
348 749 368 781 I
380 747 446 788 48,
464 747 534 788 20).
575 758 670 791 quae
695 748 847 790 negotia
870 747 984 780 multo
1002 748 1135 790 magis,
1162 758 1269 789 quam
1288 765 1329 770 —-
1347 746 1524 789 proelium
1541 748 1655 779 terre-

124 793 224 826 ,baut
238 793 262 826 J
278 793 335 834 54,
354 793 386 826 7.
426 794 550 826 omnia
566 794 683 835 magis
702 803 809 835 quam
826 811 868 816 -
886 793 910 825 J
927 792 988 833 58,
1012 792 1040 826 l.
1082 796 1236 824 cunctas
1254 803 1312 825 res
1331 803 1375 824 ex
1391 792 1555 824 lubidine
1580 801 1654 824 ma-

131 839 190 881 gis
208 849 314 880 quam
333 849 377 871 ex
393 849 479 871 vero
499 838 664 871 celebrat
681 838 887 880 obscuratq.
907 837 934 870 C
952 837 984 877 8,
1003 837 1019 869 1
1037 842 1123 870 conl.
1139 837 1172 878 9,
1188 837 1221 870 5.
1249 837 1301 877 14,
1320 838 1339 869 7
1358 837 1482 879 (quam
1500 836 1595 879 quod
1612 854 1653 859 —

131 884 252 925 foret).
277 883 334 923 20,
356 883 407 916 17.
433 882 488 924 48,
507 885 539 916 2.
565 883 622 923 51,
640 884 672 916 5.
697 883 752 922 52,
772 883 803 916 3.
827 884 852 916 .Ῐ
871 883 902 923 l,
919 883 940 916 5
957 882 1090 925 (neque
1107 886 1323 925 regerentur
1338 883 1457 925 magis
1475 893 1582 924 quam
1599 892 1655 916 re-

131 932 261 971 gerent
278 929 416 970 casus).
440 927 480 969 8,
503 930 533 960 ’1.
561 928 618 967 14,
637 929 693 960 22.
723 928 783 968 15,
806 928 834 960 1.
867 927 930 968 20,
947 929 980 960 2.
998 929 1031 960 5.
1057 928 1118 969 31,
1143 927 1206 960 18.>
1225 927 1287 967 35,
1307 928 1338 959 7.
1357 927 1389 960 9.
1414 927 1470 967 40,
1489 927 1520 960 3.
1546 926 1602 966 66,
1620 926 1653 959 2.

131 973 186 1014 73,
204 974 238 1006 4.
264 973 318 1014 54,
338 973 360 1007 3
375 977 463 1006 conl.
488 974 524 1005 Η
540 974 579 1006 11
594 973 650 1006 80.
673 974 697 1006 J
713 973 768 1013 82,
779 974 812 1007 3.
837 973 895 1013 97,
911 974 943 1006 5.
971 973 1091 1014 100,5.
1122 973 1195 1013 111,
1218 973 1249 1004 l.
1273 973 1308 1005 H
1324 974 1341 1005 I
1357 972 1414 1012 41,
1436 973 1464 1006 1.
1490 971 1589 1012 48,3.
1603 971 1654 1004 17.

130 1019 180 1051 IV
194 1019 248 1051 25.
266 1018 321 1058 61,
335 1018 387 1052 13.
397 1019 421 1051 ·i
436 1018 491 1052 39.
505 1018 561 1053 95.
588 1029 695 1060 quam
706 1030 750 1051 ex
759 1019 980 1058 fortissumis
989 1019 1106 1061 magis
1116 1029 1223 1061 quam
1233 1018 1542 1051 familiarissumis
1550 1027 1655 1060 para-

130 1067 237 1096 verat
251 1064 276 1096 J
291 1063 353 1104 98,
376 1063 405 1096 1.
446 1065 567 1107 magis
590 1064 721 1096 dandis
745 1075 852 1106 quam
878 1064 1110 1106 accipiundis
1132 1063 1315 1096 benificiis
1340 1063 1524 1096 amicitias
1547 1073 1654 1105 para-

131 1108 457 1149 bant06,.5conl
477 1108 529 1149 10,
548 1109 581 1141 5.
610 1109 663 1149 17,
681 1110 714 1141 5.
739 1108 795 1149 48,
805 1110 846 1143 5.
872 1109 927 1150 51,
946 1108 978 1141 6.
998 1108 1396 1149 7.J1·2.4,4.14‚.5
1422 1108 1521 1148 74,3.
1545 1106 1656 1148 85,46

130 1153 264 1197 (magis
288 1158 457 1186 strenuus
481 1165 589 1196 quam
614 1135 731 1195 felix).
769 1135 850 1195 101,
869 1155 902 1186 7.
931 1153 1011 1194 108,
1029 1153 1062 1187 3.
1104 1154 1278 1196 dignitati
1302 1164 1409 1196 quam
1432 1155 1512 1187 irae
1535 1153 1655 1195 magis

130 1199 325 1232 consulens
341 1200 365 1232 J
381 1199 438 1238 33,
456 1198 488 1232 3.
531 1200 587 1231 ius
604 1210 676 1232 non
692 1199 837 1242 legibus
854 1200 973 1242 magis
990 1209 1098 1242 quam
1114 1203 1245 1231 natura
1262 1199 1415 1232 valebat
1432 1199 1459 1232 C
1476 1198 1548 1240 9,1
1566 1201 1653 1231 conl.

128 1244 151 1277 J
168 1243 224 1283 61,
246 1244 275 1276 1.
301 1243 357 1284 36,
376 1244 408 1278 3.
429 1224 490 1285 98,
512 1244 542 1276 1.
581 1245 707 1287 specie
728 1245 840 1286 magis
865 1255 973 1287 quam
990 1255 1058 1277 usu
1072 1245 1277 1285 potioremJ
1297 1244 1354 1284 16,
1372 1245 1406 1276 5.
1433 1255 1518 1287 quo
1535 1244 1654 1276 minus

127 1290 280 1332 petebat
297 1290 470 1332 gloriam,
498 1300 541 1322 eo
559 1290 678 1331 magis
694 1289 760 1322 illa
777 1290 999 1332 sequebatur
1014 1289 1041 1322 C
1059 1290 1122 1330 54,
1139 1290 1173 1324 5.
1217 1300 1287 1332 quo
1312 1289 1447 1322 clarior
1469 1300 1512 1322 eo
1535 1290 1655 1331 magis

129 1336 260 1367 anxius
278 1338 359 1367 erat
374 1335 398 1367 J
415 1334 470 1375 55,
481 1335 512 1367 4.
547 1336 660 1367 statui
674 1335 903 1377 perscribere
919 1346 963 1367 eo
979 1336 1099 1377 magis
1117 1335 1212 1376 quod
1229 1353 1268 1358 —-
1290 1335 1318 1367 O
1331 1335 1364 1374 4,
1375 1335 1396 1366 2
1414 1338 1500 1367 conl.
1517 1335 1541 1368 J
1553 1334 1608 1373 22,
1623 1333 1654 1366 1.

128 1380 160 1412 si
177 1397 220 1402 —
237 1390 310 1412 non
326 1381 441 1419 timet,
461 1390 504 1415 eo
519 1381 641 1429 magis
657 1380 774 1412 refert
789 1391 847 1413 me
863 1380 953 1412 mihi
967 1381 1096 1413 timere
1113 1379 1140 1412 C
1155 1379 1276 1418 52,16.
1309 1390 1424 1422 eoque
1440 1380 1558 1422 magis
1575 1389 1656 1422 pro-

128 1428 276 1468 peraret
293 1425 321 1458 C
338 1424 402 1466 48,
420 1426 454 1457 4.
490 1426 608 1468 neque
628 1443 666 1448 —
697 1436 741 1458 eo
758 1425 876 1468 magis
899 1426 1044 1458 honesti
1061 1429 1144 1458 sunt
1159 1426 1183 1458 J
1199 1425 1287 1462 3,1.
1328 1436 1447 1467 neque
1471 1436 1513 1458 eo
1537 1425 1655 1467 magis

126 1470 847 1559 {gpfflqz{⁰32¹g‘?.⁸2.12⁰;332¹52²¹223.1²}
866 1470 899 1548 ‘i'
942 1471 1448 1559 ‘33352353213303312315233
1467 1470 1582 1548 {zssm‘}
1596 1470 1655 1548 ῗὲέ

127 1559 302 1593 militaris
319 1562 438 1603 magis
455 1562 674 1604 procederet
690 1561 718 1593 C
739 1561 754 1592 1
765 1586 774 1601 ,
794 1561 826 1594 5.
844 1541 853 1557 ’
869 1562 998 1605 pigeat
1021 1573 1069 1595 an
1086 1562 1224 1604 pudeat
1239 1562 1358 1605 magis
1373 1562 1398 1594 J
1414 1561 1476 1602 95,
1495 1560 1528 1594 3.
1570 1561 1656 1593 dein

126 1606 321 1648 largiundo
344 1607 464 1649 magis
487 1606 686 1639 incendere
711 1606 738 1639 C
763 1605 825 1647 38,
848 1606 878 1639 l.
919 1607 1095 1640 nobilitas
1119 1607 1284 1640 factione
1308 1607 1428 1650 magis
1450 1606 1617 1650 pollebat
1632 1606 1657 1639 J

126 1650 183 1691 41,
201 1650 236 1683 6.
276 1651 414 1684 milites
430 1651 610 1694 religione
628 1652 754 1693 pluvia
770 1652 888 1694 magis
912 1653 969 1685 usi
984 1653 1008 1685 J
1025 1653 1084 1692 75,
1103 1652 1138 1684 9.
1180 1653 1291 1685 animi
1307 1653 1472 1695 inperio,
1492 1652 1656 1694 corporis

126 1696 279 1729 servitio
296 1697 414 1739 magis
427 1697 562 1729 utimur
578 1696 606 1728 C
627 1696 663 1734 1,
681 1697 714 1728 2.
755 1697 794 1729 in
818 1698 915 1729 dies
913 1708 1006 1740 mag
1007 1699 1039 1730 is
1058 1698 1085 1730 O
1102 1697 1157 1737 20,
1176 1697 1211 1730 6.
1237 1699 1272 1730 Η
1288 1699 1343 1730 ΗΙ
1359 1697 1421 1737 61,
1439 1696 1495 1730 28.
1536 1697 1655 1739 magis

126 1741 318 1784 magisque
336 1742 376 1773 in
393 1742 471 1774 dies
490 1741 518 1775 C
535 1741 568 1781 5,
580 1742 612 1773 7.
636 1742 660 1774 J
677 1742 709 1781 7,
725 1740 758 1774 6.
791 1743 910 1784 magis
926 1743 1120 1785 magisque
1137 1723 1160 1776 J
1177 1742 1209 1783 6,
1228 1743 1261 1776 2.
1286 1742 1342 1781 53,
1363 1742 1392 1774 1.
1423 1753 1463 1775 se
1482 1742 1654 1775 extollere

125 1787 246 1829 magis
263 1787 455 1830 magisque
471 1787 660 1829 ingenium
677 1787 715 1818 in
731 1792 900 1829 promptu
916 1788 1054 1820 habere
1073 1788 1100 1820 C
1119 1788 1158 1827 7,
1180 1788 1210 1820 1.
1253 1799 1322 1830 quo
1345 1789 1469 1821 omnia
1485 1787 1655 1820 inlustria

126 1831 244 1874 magis
262 1832 452 1874 magisque
470 1832 508 1864 in
526 1835 654 1874 aperto
671 1832 746 1864 sint
760 1833 784 1864 J
800 1832 832 1872 5,
851 1832 884 1865 3.
924 1833 962 1864 in
979 1833 1140 1865 laxiores
1159 1844 1269 1876 agros
1286 1834 1441 1876 magisq.
1460 1833 1654 1884 pecuarios

124 1877 161 1909 H
176 1877 233 1909 ΙΙΙ
248 1875 378 1916 67,14.
419 1878 560 1909 maiora
578 1880 616 1910 et
631 1878 750 1920 magis
767 1887 900 1920 aspera
916 1878 942 1910 J
957 1877 1020 1918 89,
1038 1878 1070 1911 3.
1113 1889 1182 1920 quo
1206 1879 1303 1911 inter
1326 1889 1366 1911 se
1382 1889 1470 1921 mag
1470 1879 1502 1910 is
1519 1877 1581 1910 fidi
1599 1878 1653 1910 fo-

125 1925 209 1954 rent
226 1921 253 1954 C
272 1902 326 1963 22,
337 1922 370 1953 2.
403 1932 497 1964 quae
514 1940 558 1944 —
574 1922 670 1955 velle
688 1924 898 1955 manufesta
916 1924 1052 1966 magis
1051 1934 1095 1955 ex
1113 1923 1176 1956 illo
1194 1924 1365 1956 habeieJ
1381 1923 1437 1964 33,
1446 1925 1479 1955 4.
1513 1923 1652 1956 Persae

124 1967 223 1999 intra
239 1966 430 2000 Oceanum
454 1968 572 2011 magis
588 1968 613 2000 J
633 1966 689 2007 18,
708 1968 729 2000 5
755 1971 842 2001 conl.
861 1967 894 2000 9.
937 1986 975 1991 -
1001 1979 1134 2001 nomen
1157 1969 1230 2001 sibi
1254 1969 1447 2008 addidere,
1473 1969 1593 2011 magis
1619 1969 1654 2000 ei

125 2013 187 2055 qui
205 2031 248 2036 —
264 2018 522 2055 processerant
535 2013 561 2045 J
579 2012 631 2053 18,
647 2013 698 2045 12.
733 2024 850 2055 neque
869 2013 983 2046 ultum
999 2014 1135 2053 hortor,
1154 2015 1272 2056 magis
1289 2018 1329 2046 ut
1344 2015 1509 2067 requiem
1527 2014 1652 2056 capia-

124 2058 174 2090 tis
197 2058 233 2090 H
254 2057 386 2098 11161,
409 2057 448 2090 17
473 2061 560 2090 conl.
585 2059 609 2091 J
631 2057 694 2098 85,
710 2058 767 2090 49.
792 2058 854 2098 96,
875 2059 907 2090 2.
949 2059 1041 2091 nihil
1064 2059 1146 2092 dolo
1169 2060 1310 2092 factum
1336 2070 1380 2092 ac
1402 2060 1522 2102 magis
1547 2059 1651 2093 calli-

125 2103 240 2135 ditate
257 2103 455 2146 Iugurthae
471 2104 495 2135 J
515 2103 589 2144 107,
609 2103 642 2136 3.
684 2114 773 2146 quos
791 2104 984 2146 prohibere
1002 2106 1120 2147 magis
1138 2105 1296 2138 decebat
1313 2105 1349 2137 H
1363 2106 1381 2137 I
1403 2104 1515 2145 48,1.
1585 2120 1588 2121 ’

168 2149 400 2189 magistratus.
431 2149 537 2181 inani
554 2149 680 2191 specie
699 2150 938 2191 magistratus
955 2150 990 2182 H
1007 2151 1061 2182 111
1077 2149 1133 2190 61,
1152 2149 1185 2183 3.
1228 2161 1274 2183 ea
1291 2154 1458 2193 potestas
1474 2169 1514 2174 -
1535 2144 1651 2203 magi-

124 2194 257 2226 stratui
273 2204 442 2226 maxuma
459 2195 684 2236 permittitur
701 2194 729 2226 C
747 2194 809 2234 29,
827 2193 858 2227 3.
897 2196 1136 2236 magistratum
1160 2197 1378 2229 continuare
1400 2197 1425 2229 J
1442 2196 1497 2237 37,
1519 2196 1552 2229 2.
1596 2197 1652 2228 in—

124 2239 229 2281 gredi
244 2239 268 2272 J
284 2237 339 2278 43,
359 2238 391 2272 3.
433 2239 544 2271 alium
561 2243 644 2282 post
662 2239 773 2271 alium
790 2240 838 2272 ab
857 2251 900 2272 eo
918 2241 991 2273 sibi
1007 2242 1152 2283 peperit
1167 2242 1191 2274 J
1207 2240 1270 2281 63,
1289 2241 1321 2274 5.
1363 2242 1566 2274 maiores—
1586 2252 1650 2285 pa—

123 2284 269 2316 tricium
286 2285 540 2337 magistratum
558 2302 601 2307 —-
618 2294 796 2326 paravere
814 2285 850 2318 H
865 2286 919 2318 111
935 2284 1056 2325 61,15.
1087 2287 1262 2320 abdicato
1279 2288 1499 2330 magistratu
1514 2287 1606 2328 047,
1617 2286 1649 2320 3.

124 2339 195 2371 quo
217 2329 362 2371 plebem
386 2330 424 2361 in
450 2330 669 2372 magistram
699 2329 883 2372 placidius
906 2334 1114 2364 tractarent
1138 2331 1165 2364 C
1191 2331 1253 2371 39,
1278 2333 1311 2365 2.
1357 2334 1582 2374 magistratus
1614 2336 1651 2364 et

123 2374 268 2416 inperia
281 2375 306 2406 J
323 2374 407 2414 3,1.
448 2375 608 2407 minores
624 2376 863 2418 magistratus
880 2380 1098 2418 praeessent
1115 2377 1143 2409 C
1160 2377 1222 2418 30,
1242 2378 1275 2410 7.
1317 2379 1484 2410 seditiosi
1499 2378 1522 2410 J
1540 2378 1595 2417 73,
1613 2378 1649 2410 5.

121 2400 383 2460 magistratuu'm
405 2420 568 2462 insignia
592 2419 620 2452 O
643 2419 699 2461 51,
719 2419 774 2454 38.
814 2422 960 2464 inperia
975 2423 1000 2454 J
1017 2422 1122 2461 77,1.
1157 2423 1316 2456 avaritia
1334 2422 1361 2454 C
1379 2422 1436 2462 40,
1454 2422 1486 2456 3.
1511 2424 1534 2455 J
1548 2423 1604 2463 43,
1615 2423 1647 2455 5.

122 2464 296 2506 superbia
313 2464 340 2496 C
357 2463 420 2503 33,
437 2463 470 2497 3.
509 2465 756 2507 inperatorum
773 2469 848 2509 atq.
867 2477 913 2500 m.
931 2467 1024 2500 vitia
1041 2467 1069 2500 C
1087 2467 1148 2505 53,
1166 2468 1198 2501 5.
1239 2469 1333 2500 dono
1357 2448 1491 2500 dan’tur
1512 2469 1550 2500 in
1566 2479 1649 2511 pro—

123 2509 266 2542 vincias
283 2510 560 2552 magistratibus
578 2511 613 2542 H
629 2511 682 2543 111
698 2510 761 2553 61,
778 2511 834 2544 27.
873 2513 1097 2553 magistratus
1121 2513 1276 2566 adeptus
1299 2523 1378 2545 sum
1395 2514 1418 2545 J
1435 2514 1474 2553 4,
1494 2513 1527 2544 4.
1569 2513 1647 2555 pol-

122 2554 228 2588 liceri
249 2565 338 2587 -ns
360 2555 573 2588 sacerdotia
595 2556 747 2599 rapinas
771 2556 799 2589 C
822 2557 884 2597 21,
911 2557 943 2590 2.
989 2568 1078 2590 —us
1102 2559 1311 2600 provincias
1334 2562 1461 2590 tenere
1486 2558 1514 2590 C
1539 2556 1601 2597 39,
1626 2558 1647 2589 2

121 2602 208 2632 conl.
230 2600 255 2632 J
276 2599 339 2638 41,
359 2601 390 2632 7.
432 2600 526 2633 alios
542 2602 780 2644 magistratus
804 2601 952 2645 plebes,
978 2603 1208 2635 consulatum
1231 2603 1406 2635 nobilitas
1429 2614 1496 2644 per
1517 2613 1647 2635 manus

122 2645 294 2678 tradebat
314 2646 340 2678 J
361 2644 424 2687 63,
448 2645 481 2678 6.
529 2647 682 2679 Romam
707 2647 754 2679 ad
777 2657 863 2680 —us
893 2648 1077 2690 rogandos
1108 2647 1353 2700 proficiscitur
1373 2649 1397 2680 J
1420 2647 1483 2687 29,
1506 2647 1539 2680 6.
1582 2659 1649 2690 per

124 2700 209 2722 —us
233 2690 516 2724 administrabat
530 2692 555 2724 J
574 2690 633 2732 19,
650 2692 682 2724 7.
715 2693 753 2724 in
770 2693 1049 2734 magistratibus
1068 2693 1127 2734 egi
1144 2693 1179 2724 H
1197 2693 1231 2724 11
1247 2692 1302 2731 41,
1317 2693 1349 2724 4.
1392 2693 1523 2734 quibus
1540 2704 1646 2735 prae-

120 2734 245 2767 latus·
235 2745 275 2767 ιιι
291 2736 416 2768 —ibus
434 2737 626 2779 capiundis
643 2737 679 2768 Η
695 2738 712 2769 1
728 2737 784 2776 41,
794 2737 848 2769 21.
873 2737 975 2778 Susp.
994 2738 1138 2769 vitiosis
1155 2738 1433 2779 magistrat-ibus
1450 2738 1486 2770 H
1502 2739 1557 2770 111
1577 2739 1605 2771 1.

164 2781 372 2821 magnificus.
402 2782 441 2814 in
457 2781 649 2824 subpliciis
666 2782 814 2815 deorum
831 2781 1035 2824 magnifici,
1054 2782 1150 2813 domi
1168 2782 1271 2824 parci
1294 2786 1399 2814 erant
1417 2782 1444 2814 C
1462 2782 1496 2823 9,
1514 2783 1547 2815 2.
1589 2784 1643 2816 in-

123 2825 258 2857 cedunt
273 2836 338 2868 per
355 2836 420 2858 ora
436 2830 560 2859 vostra
583 2827 771 2869 magnifici
794 2828 818 2859 J
835 2826 896 2865 31,
918 2826 969 2857 10.
1009 2826 1222 2868 Iugurtham
1244 2827 1478 2869 magnificum
1500 2839 1543 2861 ex
1561 2829 1644 2861 Auli

121 2870 289 2902 socordia
304 2871 327 2903 J
343 2871 400 2911 55,
420 2870 450 2903 1.
492 2872 714 2904 Rhodiorum
732 2872 864 2903 civitas
881 2881 1016 2912 magna
1033 2875 1108 2913 atq.
1127 2872 1324 2914 magnifica
1343 2872 1371 2904 C
1388 2873 1444 2913 51,
1461 2874 1494 2906 5.
1530 2884 1642 2916 quan·

121 2917 197 2946 tum
220 2919 284 2946 aut
307 2925 415 2958 quam
438 2916 671 2959 magnificum
694 2916 874 2958 inperium
898 2915 1025 2958 populi
1046 2916 1203 2949 Romani
1227 2917 1275 2949 sit
1299 2917 1327 2950 C
1351 2918 1414 2959 52,
1436 2917 1487 2951 10.
1537 2920 1643 2962 quasi
