1838 3288
222 246 300 286 140
425 257 722 284 Hxs'ronrAssvm
750 255 922 283 merser.
954 256 1124 282 menon.
1157 255 1300 287 Remo.
1331 249 1529 285 98—104.

219 358 265 390 ad
288 358 399 398 Verg.
425 356 467 388 A.
494 356 530 387 ΙΙ
553 354 636 388 632:
670 366 864 398 quamquam
886 359 1020 388 veteres
1051 356 1146 388 deum
1172 365 1240 397 pro
1271 366 1388 398 magno
1413 357 1540 388 numine
1565 354 1732 388 dicebant.

217 403 415 435 Sallustius:
446 403 486 431 ut
517 402 623 432 tanta
655 403 726 432 cet.
774 401 831 432 De
862 400 965 433 nulla
989 411 1027 433 re
1058 400 1152 433 haee
1177 401 1292 432 verba
1318 401 1440 443 aptius
1465 401 1540 432 diei
1564 400 1735 433 videntur

217 447 390 489 potuisse,
419 455 527 487 quam
553 445 596 476 de
621 445 744 476 subita
769 445 968 487 Euphratis
993 445 1235 477 inminutione
1261 444 1348 486 (vid.
1369 445 1415 477 ad
1433 446 1477 478 fr.
1495 446 1546 478 IV
1561 444 1632 487 51).
1670 444 1736 478 Set

217 491 336 523 simile
362 490 568 532 prodigium
592 490 739 522 videtur
764 490 878 522 fuisse
903 490 1005 531 illud,
1032 489 1076 523 de
1103 500 1172 533 quo
1199 490 1242 522 fr.
1268 490 1341 522 ine.
1368 489 1408 521 71
1436 493 1625 522 narratum
1649 492 1717 523 est.

330 568 382 608 98
417 566 495 621 [Kr.
518 573 575 606 67.
608 571 646 606 G.
664 560 717 620 8]
769 568 855 593 *³⁸*
877 569 1003 613 fessit,
1027 573 1070 608 ut
1090 569 1234 608 nuntiis
1260 569 1464 608 confestim
1489 568 1734 619 lugubribus.

330 635 472 667 Charis.
499 646 532 678 p.
553 634 634 668 196:
664 636 844 676 Confestim
864 647 933 678 pro
950 638 1104 669 continuo
1129 640 1161 668 et
1177 640 1249 668 sine
1266 639 1452 673 intervallo,
1477 640 1530 668 set
1553 637 1621 678 iuyi
1639 636 1737 677 festi-

216 682 363 714 nationis
386 682 496 713 studio
518 682 717 723 perayentis
741 681 920 713 Sallustius
944 682 1028 713 libro
1054 681 1161 713 fessit
1180 684 1249 713 cet.
1292 681 1381 713 Cum
1395 681 1537 713 Keilius
1554 681 1736 713 monuerit

215 726 333 759 videri
360 735 441 757 eum
465 735 616 758 numero
647 725 733 757 libri
764 736 808 758 ex
838 726 961 758 verbis
986 725 1140 758 Sallusti
1166 726 1345 768 quaedam
1370 727 1526 768 perisse,
1562 726 1608 758 ab
1636 726 1736 766 fes-sit

217 781 344 802 manus
363 770 606 802 continendas
623 774 723 813 puto.
764 770 953 803 Neminem
973 774 1106 810 autem,
1135 781 1257 803 eorum
1275 771 1421 813 quidem
1445 781 1534 813 quos
1558 771 1614 803 his
1631 770 1736 804 libris

216 818 507 848 conmemoratos
539 815 653 847 fuisse
685 818 973 848 consentaneum
1005 816 1070 855 sit,
1104 815 1333 857 lugubriores
1364 816 1511 848 nuntios
1543 816 1735 858 accepisse

214 871 283 892 nec
307 860 424 902 magis
449 860 494 892 ad
508 860 748 892 resarciunda
772 860 905 892 damna
923 860 1120 893 festinasse
1145 860 1221 892 scio
1243 871 1349 902 quam
1366 862 1408 893 L.
1428 860 1635 901 Lucullum,
1654 871 1736 893 cum

217 906 341 938 Triari
359 905 406 937 ad
420 905 545 937 Zelam
562 905 703 937 cladem
722 905 950 947 conperisset
974 904 1112 946 (Drum.
1128 905 1178 937 IV
1194 916 1230 948 p.
1251 904 1325 938 156.
1357 906 1522 937 Momms.
1541 905 1597 937 111
1610 917 1648 948 p.
1662 903 1734 947 67).

327 983 379 1023 99
412 983 490 1036 [Kr.
514 988 571 1022 68.
604 986 642 1022 G.
666 983 742 1036 63].
794 983 850 1022 Eo
871 984 1061 1024 redeunte
1083 984 1241 1024 domum
1265 984 1452 1024 salutaret
1473 984 1576 1034 apud
1598 984 1735 1024 aedem

217 1051 412 1092 Bellonae.

326 1118 552 1151 Adferuntur
577 1119 623 1151 ab
649 1119 852 1161 interprete
877 1119 987 1160 Verg.
1015 1119 1062 1150 ad
1085 1119 1175 1151 Aen.
1202 1119 1232 1150 V
1256 1118 1301 1151 80
1326 1119 1380 1150 ed.
1406 1118 1493 1151 Mai.
1520 1129 1555 1161 p.
1580 1118 1635 1151 43.
1672 1119 1735 1152 Sa-

216 1166 384 1196 lutaretur
408 1163 583 1203 Kritzius,
610 1166 777 1196 salutaret
803 1163 901 1196 Gerl.
951 1163 1001 1195 Ut
1031 1164 1270 1206 interpretem
1295 1163 1396 1196 illum
1420 1173 1567 1206 prorsus
1593 1164 1736 1196 omitta-

215 1219 305 1248 mus,
333 1219 413 1241 cum
441 1209 569 1241 aedem
592 1208 770 1241 Bellonae
795 1208 885 1240 haut
909 1207 1018 1250 longe
1046 1209 1092 1241 ab
1119 1209 1206 1241 urbe
1232 1209 1271 1240 in
1288 1207 1444 1241 confinio
1463 1208 1591 1251 Campi
1611 1208 1737 1241 Martii

214 1254 330 1286 fuisse
355 1254 478 1295 ibique
504 1254 777 1296 inperatoribus
804 1256 866 1285 aut
883 1253 1031 1295 legatis,
1060 1254 1190 1296 quibus
1203 1254 1328 1286 urbem
1346 1253 1485 1285 intrare
1503 1263 1576 1285 non
1591 1253 1734 1295 liceret,

188 1309 192 1314 ’
215 1302 382 1331 senatum
407 1298 532 1330 datum
558 1309 637 1331 esse
665 1301 877 1340 conpertum
894 1298 1097 1330 habeamus
1116 1298 1243 1338 (Beck.
1263 1298 1304 1330 A.
1323 1298 1366 1330 R.
1392 1298 1409 1330 I
1425 1309 1460 1340 p.
1478 1296 1556 1330 606.
1582 1298 1734 1331 Preller.

214 1343 366 1385 Mythol.
393 1354 428 1385 p.
452 1342 517 1375 611
544 1354 596 1385 sq.
622 1354 656 1385 p.
682 1343 773 1383 224),
801 1343 894 1375 nihil
917 1343 1076 1385 inpedit,
1112 1354 1180 1385 quo
1206 1343 1324 1375 minus
1350 1343 1446 1386 apud
1471 1343 1626 1376 eandem
1650 1354 1735 1376 con-

214 1389 351 1421 tionem
376 1388 503 1430 populi
531 1388 699 1420 habitam
733 1398 812 1420 esse
845 1391 1063 1420 statuamus.
1112 1388 1201 1420 Cum
1233 1390 1308 1420 iam
1332 1388 1531 1420 memoriae
1555 1388 1737 1431 proditum

216 1434 265 1466 sit
291 1433 359 1467 Gn.
392 1433 587 1476 Pompeio,
623 1443 703 1464 cum
736 1436 833 1466 esset
857 1434 1047 1475 inperator
1080 1433 1126 1465 ad
1159 1433 1284 1465 urbem
1318 1433 1366 1465 ab
1396 1433 1582 1475 Hispania
1612 1433 1738 1474 redux,

216 1478 385 1510 contione
412 1481 516 1510 extra
540 1477 667 1510 urbem
690 1478 820 1510 habita
844 1480 1067 1520 potestatem
1085 1488 1165 1510 cum
1184 1478 1316 1520 populo
1342 1478 1480 1519 agundi
1498 1478 1637 1510 factam
1655 1489 1736 1511 esse

216 1522 313 1564 (Asc.
342 1522 388 1554 ad
414 1522 492 1555 Cic.
520 1523 557 1554 in
582 1523 684 1555 Verr.
710 1533 744 1565 p.
766 1521 830 1554 148
849 1522 938 1564 Or.),
967 1533 1119 1565 eamque
1144 1533 1220 1555 rem
1245 1523 1290 1555 ab
1309 1522 1399 1555 Sall.
1415 1526 1604 1555 narratam
1621 1523 1735 1556 fuisse

213 1569 294 1599 veri
318 1567 438 1600 simile
457 1568 506 1599 sit
524 1567 583 1608 (fr.
603 1568 654 1599 IV
670 1567 740 1608 25),
767 1568 1035 1600 temerariusne
1054 1568 1190 1608 videor,
1219 1578 1299 1600 cum
1318 1578 1360 1600 eo
1377 1567 1471 1600 haee
1487 1567 1615 1608 verba,
1642 1578 1736 1611 quae

213 1613 309 1645 bene
335 1613 527 1655 conposita
553 1623 633 1645 esse
658 1623 763 1645 nemo
789 1613 899 1654 dicet,
927 1615 1115 1655 spectasse
1142 1613 1309 1645 conicio?

332 1691 410 1730 100
441 1691 520 1743 [Kr.
543 1695 598 1729 69.
631 1693 670 1729 G.
695 1690 771 1743 58].
824 1690 944 1730 Orion
971 1692 1095 1730 oritur
1118 1692 1222 1730 iuxta
1251 1690 1343 1730 solis
1363 1691 1495 1730 aestivi
1517 1692 1539 1716 '¹‘
1564 1690 1734 1743 pulsum.

329 1764 418 1796 Cum
444 1763 545 1796 Serv.
574 1764 620 1795 ad
644 1764 752 1805 Verg.
779 1764 822 1795 A.
847 1764 879 1796 V
896 1762 963 1795 626
978 1764 1072 1796 haec
1096 1764 1305 1807 scripserit:
1332 1764 1418 1796 Nam
1442 1768 1510 1796 ait:
1533 1775 1604 1797 cum
1627 1763 1736 1797 subito

214 1811 402 1852 adsurgens
424 1809 526 1851 fluctu
551 1808 716 1841 nimbosus
743 1807 846 1841 Orion
856 1819 867 1840 :
900 1810 956 1851 qui
982 1812 1108 1847 oritur,
1141 1813 1176 1841 ut
1200 1809 1381 1841 Sallustius
1405 1810 1503 1848 dicit,
1535 1812 1633 1842 iuxta
1654 1811 1737 1842 solis

214 1858 336 1886 aestivi
354 1856 493 1896 pulsum,
519 1853 701 1886 incertum
728 1853 871 1896 quidem
899 1856 968 1894 est,
994 1864 1078 1885 num
1104 1854 1185 1896 ipsa
1203 1853 1392 1896 scriptoris
1414 1854 1529 1887 verba
1546 1853 1734 1895 adtulerit,

214 1902 339 1931 tamen
363 1899 444 1931 veri
468 1898 587 1931 simile
615 1898 743 1931 eadem
769 1902 879 1941 atque
904 1898 1007 1930 illum
1031 1898 1219 1932 locutione
1244 1909 1347 1931 usum
1373 1908 1464 1931 esse.
1513 1899 1647 1931 Pulsum
1672 1908 1734 1931 au-

212 1947 288 1976 tem
304 1943 404 1976 nullo
421 1943 527 1976 modo
545 1944 634 1975 ferri
651 1946 774 1986 potest
790 1954 908 1986 neque
925 1943 1128 1985 probabilis
1146 1943 1279 1975 Kritzii
1298 1946 1353 1976 est
1378 1943 1579 1985 explicatio
1597 1943 1735 1976 dictum

215 1999 296 2021 esse
322 1999 386 2031 pro
412 1992 480 2020 ictu
504 1989 527 2020 i.
555 1999 752 2029 e.‚summo
779 1989 919 2021 ardore.
970 1988 1059 2020 Cum
1085 1988 1197 2020 Orion
1222 1989 1320 2020 inter
1343 1988 1377 2020 d.
1407 1987 1448 2020 16
1472 1991 1510 2020 et
1535 1988 1576 2020 17
1601 1989 1738 2021 mensis

214 2034 311 2066 Iunii
329 2034 470 2066 oriatur
487 2032 609 2075 (Ovid.
629 2034 732 2065 Fast.
752 2034 801 2066 VI
819 2032 910 2073 717),
937 2032 1151 2065 Sallustium
1169 2032 1366 2065 solstitium
1384 2032 1613 2075 significasse
1633 2043 1736 2076 aper-

213 2082 289 2110 tum
316 2081 381 2119 est,
408 2088 478 2111 nec
503 2088 590 2111 vero
616 2077 710 2120 quod
734 2078 953 2111 vocabulum
979 2081 1064 2120 apte
1090 2077 1235 2110 restitui
1259 2078 1377 2120 possit
1400 2078 1561 2111 invenio.

332 2157 406 2195 101
445 2156 527 2208 [Kr.
549 2161 605 2194 70.
643 2158 681 2194 G.
704 2155 846 2208 11196]
904 2155 1038 2195 Rebus
1068 2168 1187 2207 supra
1213 2160 1288 2196 vot¹
1361 2156 1555 2204 uentibus,

327 2228 428 2261 Serv.
456 2228 503 2260 ad
525 2228 635 2271 Verg.
661 2227 704 2260 A.
728 2229 764 2260 11
790 2227 871 2260 169:
910 2229 1032 2261 Fluere
1056 2227 1190 2272 [delabi
1212 2227 1265 2271 et]
1297 2240 1314 2262 e
1371 2228 1446 2261 τῶν
1469 2226 1602 2272 μέσων.
1650 2230 1736 2263 Nam

213 2275 289 2306 ideo
315 2275 448 2306 addidit
471 2277 578 2306 retro.
631 2273 758 2306 Contra
782 2273 960 2306 Sallustius
987 2274 1096 2306 rebus
1123 2277 1194 2307 eet.

332 2352 408 2391 102
442 2351 532 2404 [Kr.
554 2356 609 2389 71.
649 2354 687 2390 G.
711 2351 805 2404 12].
865 2352 1054 2391 Maxumis
1091 2353 1256 2392 ducibus
1296 2353 1462 2394 fortibus
1490 2354 1735 2406 strenuisque

214 2420 412 2460 ministris.

325 2487 444 2519 Diom.
470 2497 505 2528 p.
531 2486 597 2517 447
621 2496 686 2528 pro
713 2485 877 2528 exemplo
901 2486 1150 2529 homoeoptoti
1176 2487 1321 2519 adtulit.
1370 2488 1493 2520 Verba
1524 2488 1562 2520 in
1594 2488 1735 2521 caussis

213 2531 481 2576 magnitudinis
505 2530 629 2574 populi
653 2531 794 2563 romani
819 2532 1076 2564 enumerandis
1102 2533 1215 2564 fuisse
1248 2532 1348 2564 dicta
1372 2543 1491 2575 paene
1518 2535 1657 2565 certum
1681 2533 1734 2566 vi-

213 2578 329 2618 detur,
357 2587 424 2609 nec
450 2586 536 2609 vero
563 2586 631 2618 quo
654 2575 737 2608 loco
762 2575 853 2608 illud
878 2576 1017 2608 factum
1043 2577 1102 2609 sit.

329 2655 406 2695 103
438 2654 518 2707 [Kr.
545 2660 600 2692 72.
633 2657 671 2693 G.
697 2653 773 2707 47].
832 2653 1014 2694 Inbecilla
1047 2659 1104 2694 est
1135 2655 1321 2694 fortitudo
1353 2656 1445 2695 dum
1476 2657 1632 2707 pendet.

327 2727 446 2761 Schol.
474 2728 519 2760 ad
544 2728 636 2760 Stat.
663 2728 777 2760 Theb.
804 2728 836 2760 V
860 2726 937 2760 384.

331 2807 407 2845 104
441 2806 521 2859 [Kr.
543 2811 598 2844 73.
625 2809 664 2845 G.
691 2805 763 2859 15].
815 2805 949 2846 Nubes
978 2805 1183 2846 foedavere
1211 2806 1356 2846 lumen.

326 2880 427 2912 Serv.
457 2879 502 2911 ad
527 2880 636 2922 Verg.
663 2879 704 2912 A.
732 2880 769 2912 II
793 2877 876 2911 286:
905 2879 1077 2920 foedavit,-
1108 2890 1183 2912 nam
1207 2880 1388 2913 Sallustius
1417 2881 1460 2912 de
1491 2879 1631 2912 nubibus
1656 2879 1733 2913 foe-

214 2924 348 2957 davere
373 2925 507 2956 lumen.
