1826 3282
536 240 836 268 msromARvM
867 241 952 267 Lm.
982 240 1035 266 111
1064 231 1225 269 39—42.
1590 223 1644 265 73

341 305 346 321 1

122 353 194 376 non
219 353 288 386 quo
314 353 360 375 ea
384 352 503 375 rerum
528 345 714 385 gestarum
745 341 972 373 enarrationi
1003 340 1172 372 subiecta
1203 338 1318 371 fuisse
1350 337 1556 378 crederem,
1589 341 1647 370 set

123 389 209 431 quia
233 388 322 420 mihi
345 388 425 420 veri
450 387 570 420 simile
594 387 800 425 videbatur,
826 386 979 428 primu'm
1005 385 1219 417 Sallustium
1245 384 1373 416 eodem
1398 383 1504 419 modo
1526 383 1566 415 in
1589 383 1646 415 his

123 434 232 466 rebus
255 436 443 465 versatum
468 441 561 472 esse,
589 435 699 473 atque
723 431 802 472 Ing.
831 441 862 463 c.
891 430 931 462 17
955 448 999 452 -
1025 441 1112 472 ergo
1138 423 1355 462 ἐπεισόδιον
1378 428 1446 461 illa
1470 429 1585 461 fuisse
1604 446 1648 451 --

123 482 199 511 tum
225 488 306 510 eum
330 488 388 510 res
412 488 486 510 non
509 478 548 509 in
572 476 720 519 singula
744 476 848 518 quasi
873 474 1032 507 frustula
1056 475 1315 517 discerpsisse,
1349 476 1406 506 set
1430 474 1647 506 continuata

122 525 161 557 in
186 526 422 566 conspectum
447 522 603 555 dedisse.
1581 517 1591 519 ’

234 601 326 642 *39
358 601 437 654 [Kr.
461 606 518 640 33.
557 603 597 639 G.
619 600 696 653 26].
754 600 864 640 Serv.
896 600 944 638 ad
973 599 1087 649 Verg.
1119 599 1162 638 A.
1190 598 1225 637 Il
1256 597 1361 638 325:
1396 599 1647 646 Dardaniae,

128 671 281 718 Troiae,
314 674 386 708 aut
412 680 438 708 a
469 669 679 719 Dardano,
706 668 822 710 Iovis.
839 672 877 707 et
896 668 1081 706 Electrae
1100 669 1196 714 filio,
1224 689 1282 695 —
1305 672 1376 705 aut
1405 663 1550 720 (certe)
1580 678 1648 705 se-

121 726 296 778 curtdum
325 736 556 776 Sallustium
586 748 611 776 a
639 739 734 785 reae
760 736 1048 775 Dardanorum
1077 735 1210 782 Mida,
1242 736 1312 783 qui
1338 735 1558 784 Phryqiam
1588 739 1650 773 te-

123 808 220 853 nuit,
251 817 331 843 non
351 805 435 856 ipsa
455 805 659 855 scriptoris
683 803 804 842 verba
827 803 980 842 referre
1003 803 1040 841 in
1068 801 1276 852 propatulo
1298 806 1368 846 est,
1397 805 1456 840 set
1484 813 1534 840 ne
1555 801 1650 841 illud

124 873 282 925 quidem
309 872 402 911 satis
431 875 632 922 apertum,
668 875 802 910 utrum
840 870 1046 909 Sallustius
1076 869 1124 909 ah
1156 869 1257 909 Mida
1289 869 1525 911 Dardaniam
1557 881 1650 908 con-

125 941 265 984 ditam,
297 951 348 978 an
374 942 524 978 tantum
556 939 683 988 gentis
711 950 805 977 suae
830 950 974 977 nomen
1012 938 1047 977 ei
1079 937 1244 976 inditum
1273 937 1392 976 fuisse
1419 938 1649 981 narraverit.

125 1008 308 1047 Ceterum
340 1018 429 1046 cum
458 1006 630 1045 Kritzius
671 1006 917 1045 contenderit
952 1005 1050 1045 haec
1082 1005 1183 1044 dicta
1216 1005 1358 1048 fuisse,
1402 1004 1470 1043 uhi
1500 1004 1652 1043 Luculli

124 1076 163 1114 in
193 1073 605 1125 Troadem'profectio
636 1072 749 1124 (Plut.
772 1073 867 1112 Luc.
902 1072 964 1125 12)
990 1077 1146 1112 narrata
1178 1076 1292 1118 esset,
1321 1083 1400 1110 non
1430 1071 1651 1123 praefracte

124 1141 219 1181 illud
249 1141 415 1192 negabo.
476 1140 733 1192 Quamquam.
761 1141 854 1192 quid
894 1140 1043 1185 obstat,
1083 1152 1161 1192 quo
1188 1140 1318 1179 minus
1355 1139 1563 1189 regionum
1602 1139 1651 1178 ad

124 1208 420 1260 Hellespontum
451 1212 490 1248 et
522 1209 561 1247 in
591 1209 730 1247 vicinia
763 1203 927 1247 sitar'um
951 1208 1257 1258 descriptionem
1288 1219 1379 1246 cum
1407 1206 1521 1262 Ponti
1557 1218 1650 1245 con-

125 1277 296 1316 iunctam
325 1277 443 1316 fuisse
468 1280 684 1315 statuamus
710 1274 796 1326 (vid.
823 1274 914 1314 infr.
946 1274 1040 1326 43)?

240 1366 329 1406 *40
359 1366 518 1420 [Krs32.
558 1369 597 1405 G.
619 1365 696 1418 36].-
753 1366 930 1405 Primum
961 1365 1207 1404 Graecorum
1232 1363 1434 1403 Achillem.

239 1445 341 1478 Serv.
370 1445 417 1478 ad
439 1445 551 1488 Verg.
576 1444 619 1477 A.
645 1445 683 1477 II
706 1443 769 1478 96:
799 1444 892 1477 Sane
918 1445 1110 1488 quaeritur,
1135 1453 1197 1476 cur
1220 1443 1414 1475 Diomedem
1434 1443 1655 1483 fortissinmm

126 1492 268 1525 dixerit.
293 1501 365 1523 eum
383 1495 465 1533 post
488 1483 653 1523 Achillem
675 1495 710 1523 et
733 1490 874 1523 Aiacem
897 1491 971 1532 ipse
994 1491 1040 1522 sit
1063 1490 1205 1525 tertius,·
1235 1490 1324 1520 unde
1352 1492 1452 1520 etiam
1475 1486 1654 1520 Sallustius

127 1539 175 1568 ait
206 1536 360 1579 primum
394 1536 619 1569 Graecorum
650 1535 844 1568 Achillem.
898 1535 1106 1577 Aptiorem,
1150 1544 1217 1575 quo
1246 1532 1343 1565 haec
1373 1533 1475 1565 dicta
1506 1532 1652 1570 fuerint,

125 1581 245 1614 locum
269 1592 341 1613 non
364 1581 492 1622 venio,
519 1591 627 1623 quam
650 1581 689 1612 in
707 1591 776 1623 quo
795 1579 1025 1613 conlocanda
1043 1579 1189 1611 censuit
1205 1576 1389 1618 Kritzius',
1414 1578 1479 1610 ubi
1501 1578 1546 1610 de
1560 1579 1652 1610 Dar-

127 1626 240 1659 dania
263 1626 324 1659 vel
347 1626 492 1659 Troade
518 1626 721 1669 expositum
746 1628 838 1658 erat.
1219 1632 1222 1636 ’

241 1693 359 1733 Quem
389 1693 554 1726 ordinem
584 1692 780 1726 Sallustius
809 1693 850 1725 in
880 1691 1135 1725 describendis
1159 1691 1324 1724 Ponticis
1355 1690 1569 1734 regionibus
1599 1700 1655 1723 se-

129 1741 235 1770 cutus
261 1738 389 1777 fuerit,
422 1738 588 1771 divinare
612 1738 710 1770 velle
736 1747 955 1779 quamquam
985 1737 1139 1770 'arduum
1172 1747 1216 1769 ac
1241 1735 1395 1768 difficile
1423 1739 1496 1776 est,
1530 1738 1655 1768 tamen

128 1784 199 1815 duo
230 1784 467 1825 potissumum
490 1783 581 1814 mihi
611 1783 780 1815 videntur
804 1782 966 1814 tenenda
990 1792 1090 1821 esse,
1123 1782 1279 1824 primum
1309 1781 1341 1813 si
1372 1781 1453 1822 quis
1483 1781 1655 1823 regiones

127 1828 316 1860 describat
347 1828 394 1860 ad
426 1828 581 1860 eundem
611 1828 730 1860 locum
761 1828 852 1859 sitas
891 1837 1006 1869 eoque
1039 1827 1111 1858 situ
1151 1826 1256 1868 quasi
1297 1826 1469 1858 conmuni
1501 1826 1655 1868 quodam

128 1872 276 1906 vinculo
309 1875 520 1913 contentas,
556 1873 737 1905 rationem
767 1872 974 1915 postulare,
1007 1875 1047 1904 ut
1072 1871 1171 1914 prius
1198 1872 1295 1910 eius,
1330 1871 1376 1902 ad
1407 1871 1502 1912 quod
1535 1871 1656 1902 omnia

130 1921 256 1951 cetera
282 1918 489 1963 adiacent‚.
509 1918 667 1950 ambitus
692 1928 738 1949 ac
762 1918 880 1949 forma
905 1916 1116 1955 definiatur,
1151 1926 1221 1958 quo
1252 1915 1472 1948 relicuorum
1502 1916 1594 1947 situs
1619 1918 1657 1947 et

130 1963 332 2006 amplitudo
364 1963 512 1995 facilius
545 1965 814 2005 cognoscantur
846 1973 891 1994 ac
921 1961 1211 2004 perspiciantur,
1243 1961 1351 2002 idque
1385 1971 1428 1993 eo
1452 1960 1570 2003 magis
1595 1960 1656 1992 ob-

129 2018 278 2040 servare
303 2008 476 2040 debuisse
501 2007 731 2047 Sallustium,
759 2017 841 2039 cum
866 2006 959 2039 adeo
986 2017 1050 2039 eas
1070 2006 1210 2049 gentis,
1238 2016 1333 2048 quae
1357 2006 1397 2037 iu
1420 2005 1595 2037 orientali
1613 2016 1658 2037 ac

129 2053 413 2096 septentrionali
436 2053 559 2085 littore
584 2053 695 2085 Ponti
718 2052 943 2089 habitarent,
972 2054 1308 2084 conmemoraturus
1333 2054 1451 2090 esset,
1477 2054 1553 2082 tum
1577 2049 1657 2082 nul-

128 2098 203 2130 lum
229 2098 407 2140 aptiorem
422 2097 542 2130 locum
560 2097 686 2137 fuisse,
712 2097 775 2129 ubi
793 2091 1008 2130 ἐπεισόδιον
1024 2097 1094 2128 hoc
1110 2096 1267 2135 inderet,
1287 2106 1395 2138 quam
1413 2105 1494 2127 cum
1509 2095 1653 2126 Mithri-

129 2142 254 2175 datem
276 2146 359 2186 post
384 2143 527 2175 cladem
552 2142 600 2174 ad
622 2142 771 2174 Parium
789 2145 982 2185 acceptam
1000 2141 1059 2183 (fr.
1084 2140 1142 2182 31)
1168 2141 1302 2183 exigua
1318 2139 1493 2173 navicula
1509 2140 1548 2171 in
1564 2141 1657 2172 Pon-

130 2190 206 2220 tum
231 2188 421 2230 aufugisse
446 2191 638 2220 narrasset
662 2187 755 2229 (vid.
774 2187 822 2220 ad
838 2187 883 2219 fr.
901 2186 987 2226 33),
1016 2197 1061 2219 ea
1087 2189 1210 2218 autem
1228 2186 1423 2218 occasione
1443 2185 1658 2217 Sallustium

129 2243 234 2265 usum
257 2233 342 2265 inde
366 2233 447 2265 veri
470 2232 589 2265 simile
616 2242 709 2272 esse,
736 2232 830 2274 quod
848 2232 1039 2274 angustias
1055 2231 1211 2273 Bospori
1235 2230 1282 2263 ab
1306 2241 1348 2262 eo
1366 2230 1579 2272 diligentius
1597 2230 1658 2262 de-

131 2278 291 2320 scriptas
317 2288 398 2310 esse
424 2278 635 2320 fragmenta
658 2277 873 2317 ostendunt,
901 2279 938 2309 et
970 2277 1016 2309 ab
1044 2287 1086 2309 eo
1111 2276 1192 2308 loco
1225 2276 1263 2307 in
1288 2276 1385 2308 omni
1410 2275 1658 2317 descriptione

131 2333 251 2355 orsum
277 2333 358 2355 esse
385 2322 539 2365 adparet
564 2333 608 2354 ex
632 2322 677 2354 fr.
702 2321 758 2354 46.

182 2456 184 2459 v
246 2401 327 2439 *41
363 2400 444 2454 [Kr.
466 2405 522 2439 53.
562 2403 601 2439 G.
627 2399 705 2454 40].
765 2401 849 2448 Qua
888 2404 1116 2452 tempestate
1157 2412 1205 2439 ex
1244 2394 1371 2438 Ponto
1408 2400 1464 2438 vis
1493 2400 1659 2451 piscium

132 2469 312 2520 erumpit.
1676 2463 1679 2466 ’

245 2547 348 2579 Serv.
375 2547 422 2579 ad
443 2547 555 2590 Verg.
580 2547 624 2579 A.
648 2547 699 2579 IV
718 2546 804 2580 132:
828 2548 913 2579 Plus
937 2550 993 2579 est
1013 2545 1110 2588 (vis),
1136 2557 1233 2589 quam
1256 2549 1289 2578 si
1310 2547 1442 2578 diceret
1465 2546 1657 2576 multitudo:
1687 2571 1696 2579 .

131 2592 219 2624 unde
243 2591 443 2624 Sallustius:
475 2602 546 2634 qua
570 2610 613 2615 —
639 2592 806 2634 erumpit.
861 2592 1003 2624 Eadem
1034 2591 1151 2623 minus
1182 2595 1284 2623 recte
1316 2591 1430 2622 refert
1464 2589 1583 2621 Schol.
1613 2589 1659 2620 ad

131 2637 209 2668 Iuv.
236 2637 312 2669 Sat.
338 2637 372 2678 4,
391 2637 452 2668 42:
478 2638 592 2680 itaque
608 2641 808 2679 tempestate
821 2638 963 2679 piscium
979 2639 1027 2669 vt‘s
1040 2640 1146 2678 ponto
1164 2637 1286 2678 erupit,
1312 2635 1374 2666 ubi
1394 2644 1487 2676 quae
1506 2634 1657 2666 Schurz—

133 2681 319 2713 fleischius
345 2682 515 2722 coniecit,
535 2684 700 2725 finitaque
724 2686 922 2724 tempestate
945 2686 986 2716 ,et
1008 2691 1129 2723 mayna
1152 2683 1219 2718 vis,
1247 2679 1456 2722 probabilia
1479 2688 1551 2710 non
1576 2688 1656 2710 esse

132 2726 365 2768 perspicuum
383 2730 449 2758 est.

248 2805 270 2829 '³‘
281 2803 335 2843 42
356 2803 436 2857 [Kr.
447 2810 503 2843 52.
529 2808 568 2843 G.
579 2805 656 2858 64].
687 2804 904 2845 Crebritate
917 2805 1120 2847 fluctuum,
1140 2807 1182 2841 ut
1192 2802 1374 2854 aquilone
1385 2801 1534 2826 ******
1549 2800 1660 2841 solet.

247 2871 349 2903 Serv.
376 2871 423 2903 ad
448 2873 558 2914 Verg.
585 2872 628 2904 A.
654 2873 672 2904 Ι
700 2871 781 2904 116:
813 2872 955 2904 crebros
979 2872 1064 2902 enim
1087 2870 1207 2910 fluctus
1228 2869 1316 2909 facit
1340 2871 1469 2911 aquito,
1495 2872 1531 2900 ut
1552 2869 1662 2901 Sallu-

135 2917 239 2948 stius:
263 2916 466 2948 crebritate
490 2917 662 2948 fluctuum
686 2920 726 2949 ut
752 2916 919 2967 aquilone
938 2915 1033 2947 solet
1058 2915 1137 2952 [LR
1152 2915 1236 2947 Vos.
1263 2915 1418 2957 aquilone
1429 2917 1537 2947 sonet.
1561 2913 1660 2952 Dan.
