1826 3282
234 250 287 291 38
667 260 967 287 msTomARVM
997 260 1079 286 Lm.
1111 260 1144 286 11
1174 253 1232 287 22.
1260 254 1318 290 23.

235 363 350 396 verba
375 363 531 393 fortasse
559 362 644 391 ante
665 358 713 390 ’18
739 363 775 391 et
803 358 843 391 19
872 359 1054 401 ponenda.
1110 359 1173 391 Set
1205 359 1365 391 obfendo
1399 361 1435 390 in
1469 360 1631 397 intectae,
1665 359 1760 401 quod

236 406 454 440 vocabulum
479 405 531 436 sie
557 405 693 436 dietum
718 414 895 445 nusquam
922 404 1008 446 legi;
1040 414 1183 446 semper
1201 404 1297 435 enim
1316 407 1371 435 est
1389 407 1453 435 aut
1469 407 1680 446 tegumento
1698 414 1758 436 ea-

237 462 332 490 rens,
360 453 421 481 aut
445 452 576 491 patens
603 452 638 481 et
664 452 823 491 apertus.
871 449 927 480 An
951 449 1064 491 igitur
1087 451 1159 481 sine
1184 450 1282 481 tectis
1307 449 1563 480 scribundum?

352 537 441 577 *22
475 538 554 590 [Kr.
576 542 631 575 28.
661 540 699 575 G.
721 538 797 590 56].
855 538 950 577 Cum
981 539 1128 578 Charis
1163 550 1200 589 p.
1238 539 1315 578 143
1349 535 1445 577 haee
1475 537 1639 577 scribat:
1665 538 1761 577 ‘Sa—

232 604 508 656 qunle'norum’
543 603 706 656 Coelius,
740 606 969 655 Seguntium
992 606 1215 653 Sallustius,
1244 613 1286 645 ul
1307 607 1456 644 Paulus
1485 608 1525 644 in
1548 606 1668 644 Caelii
1694 605 1762 657 177·-

236 676 359 713 storia
393 674 459 712 lib.
491 673 507 711 I
545 678 672 723 notat,
710 672 817 712 nullo
855 672 942 712 loeo
982 674 1109 724 aptius
1150 672 1353 712 videbatur
1391 673 1466 712 hoe
1500 672 1760 723 fragmentum

237 742 330 792 poni
359 753 484 791 posse,
511 753 628 791 quam
658 741 834 791 proxime
873 753 894 779 a
921 741 1193 791 praecedent-e.
1284 733 1287 736 ’

354 839 438 878 *23
472 842 551 893 [Kr.
576 846 630 878 29.
664 843 701 878 G.
722 841 798 893 54].
847 841 894 879 At
913 841 1090 880 Metellus
1110 843 1147 880 in
1175 840 1403 880 ulteriorem
1424 840 1648 891 Hispaniam
1675 845 1762 891 post

239 922 385 948 annum
425 920 629 960 regressus
665 919 806 958 magna
849 908 971 958 gloria
1009 907 1336 947 concurrentibus
1374 908 1546 958 undique
1583 907 1690 946 virile
1725 912 1764 947 et

240 976 433 1015 muliebre
455 988 568 1015 secus
588 988 659 1026 per
685 977 764 1014 vias
789 988 834 1014 ac
860 979 960 1015 tecla
983 975 1164 1014 omnibus
1184 975 1391 1014 visebatur.
1451 975 1549 1013 Eum
1580 977 1763 1025 quaestor

233 1045 285 1082 ⁴G.
314 1043 487 1083 Urbinus
517 1043 658 1094 aliique
679 1044 841 1107 Xcognita
879 1042 1072 1081 voluntate
1104 1054 1192 1081 eum
1225 1043 1273 1081 ad
1305 1054 1467 1081 coenam
1497 1031 1762 1086 invitaverantss

212 1111 341 1150 „nultra
373 1110 717 1149 Romanorumae
747 1109 970 1155 mortalium
1001 1110 1115 1148 eliam
1154 1121 1305 1148 morem
1339 1109 1531 1148 curabant
1569 1109 1764 1148 exornatis

240 1178 401 1217 aedibus
431 1189 502 1228 per
530 1176 663 1217 aulaea
696 1182 733 1216 et
756 1178 863 1227 signa
895 1178 1100 1228 scenisque
1129 1177 1177 1215 ad
1205 1164 1502 1215 ostentationem
1531 1176 1762 1215 histrionum

353 1257 483 1288 Totum
508 1256 575 1288 hoe
603 1256 847 1298 fragmentum
874 1258 976 1286 extat
994 1266 1051 1297 ap.
1072 1255 1235 1286 Macrob.
1256 1254 1332 1286 Sat.
1352 1255 1387 1286 II
1402 1253 1434 1294 9,
1461 1254 1524 1286 ubi
1549 1254 1644 1285 haee
1657 1263 1762 1295 prae-

240 1303 352 1334 missa
378 1305 479 1332 sunt:
512 1301 608 1342 Ergyo
633 1301 694 1332 boc·
717 1302 958 1342 praetermisso
985 1301 1030 1331 ad
1053 1301 1143 1331 viros
1166 1301 1260 1331 venio
1286 1300 1518 1340 triumphales,
1552 1309 1634 1341 quos
1664 1301 1766 1330 vieto-

239 1357 296 1379 res
325 1347 468 1388 gentium
500 1347 637 1378 luoeuria
666 1348 759 1382 vicit,
791 1349 824 1376 et
856 1349 891 1376 ut
922 1349 1053 1376 taceam
1087 1345 1272 1386 Gurgitem,
1312 1355 1333 1375 a
1365 1346 1527 1376 devorato
1558 1345 1762 1384 patrimonio

240 1394 517 1433 cognominatum,
549 1391 626 1432 quia
649 1390 832 1431 insignibus
856 1392 989 1421 virtutis
1012 1393 1147 1421 secutae
1171 1391 1252 1421 vilia
1275 1390 1435 1430 primoris
1460 1390 1686 1430 compensavit
1710 1399 1765 1420 ae-

240 1438 346 1476 tatis,
360 1436 517 1467 Metellus
542 1436 623 1466 Pius
655 1438 687 1466 in
719 1446 815 1477 quam
842 1435 974 1474 foveam
1005 1436 1163 1466 lux-uriae
1195 1439 1228 1466 et
1251 1433 1431 1475 superbiae
1455 1443 1663 1465 successuum
1686 1444 1764 1465 eon-

240 1482 426 1513 imitatione
450 1481 626 1522 pervenit?
673 1479 721 1510 Et
745 1490 786 1511 ne
810 1482 918 1511 multis
941 1489 1069 1516 morer,
1095 1481 1170 1519 ipsa
1196 1481 1238 1510 de
1263 1489 1302 1510 eo
1328 1478 1481 1510 Sallustii
1502 1478 1606 1510 verba
1627 1478 1764 1510 subieci.

200 1522 207 1527 ”
240 1525 380 1557 Eadem
407 1525 587 1573 expressit
611 1524 828 1556 Plutarchus
854 1524 947 1556 Sert.
977 1535 1006 1555 c.
1035 1524 1092 1555 22:
1108 1520 1189 1556 Ἔτι
1217 1518 1258 1555 δὲ
1264 1518 1442 1575 νικήσας
1466 1518 1556 1555 ποτὲ
1562 1520 1690 1573 μα’χῃ
1699 1517 1766 1555 τὸν

241 1564 456 1621 Σερτώριον
481 1579 599 1606 ουτως
626 1563 779 1611 ἐπήρθη
805 1566 870 1600 καὶ
895 1563 965 1618 τὴν
991 1562 1172 1622 εὐτυχίαν
1199 1561 1394 1622 ἠγάπησεν
1410 1577 1503 1600 ωστε
1521 1560 1764 1622 αὐτοκράτωρ

241 1608 575 1666 ἀναγορευθῆναι,
609 1613 765 1651 θυσίαις
799 1607 839 1645 δ’
865 1607 983 1645 αὐτον
1014 1609 1057 1645 αἴ
1086 1608 1214 1650 πόλεις
1247 1607 1502 1654 ἐπιφοιτῶντα
1533 1609 1600 1644 καὶ
1624 1611 1764 1654 βωμοῖς

242 1654 428 1701 ἐδέχοντο.
480 1638 639 1709 Λέγεται
667 1654 708 1690 δὲ
733 1655 798 1691 καὶ
824 1652 1023 1712 στεφάνων
1048 1651 1250 1694 α’ναδέσεις
1267 1656 1498 1711 προσίεσθαι
1513 1654 1578 1689 καὶ
1597 1656 1764 1689 δείπνων

241 1700 508 1746 σοβαρωτέρων
512 1698 740 1757 υποδο,χα’ς,
767 1697 808 1735 ἐν
833 1699 891 1740 οἷς
918 1697 1063 1752 ἐσθῆτα
1089 1697 1330 1753 θριαμβικὴν
1344 1698 1451 1751 ἔχων
1478 1698 1583 1742 ἔπινε
1607 1698 1673 1734 καὶ
1691 1701 1762 1733 Νῖ-

241 1760 305 1781 και
330 1744 585 1801 πεποιημέναι
612 1747 649 1780 δι
692 1758 863 1800 οργανων
890 1742 1107 1789 ἐπιδρόμων
1132 1742 1280 1801 χρύσεα
1287 1741 1452 1788 τρόπαια
1469 1744 1534 1778 καὶ
1552 1741 1764 1800 στεφάνους

243 1789 522 1843 διαφέρουσαι
531 1788 740 1848 κατήγοντο
780 1789 846 1824 καὶ
887 1792 992 1834 χοροὶ
1028 1791 1180 1824 παίδων
1219 1788 1284 1824 καὶ
1325 1791 1517 1833 γυναικῶν
1550 1786 1763 1828 ἐπινικίους

241 1848 383 1880 υμνους
411 1829 505 1880 ᾖδον
530 1834 584 1875 εἰς
610 1832 737 1870 αυτόν.
781 1837 871 1868 Cum
895 1847 981 1869 vero
1009 1848 1051 1869 ex
1069 1837 1160 1879 App.
1180 1837 1214 1868 b.
1236 1847 1266 1868 e.
1285 1837 1302 1867 Ι
1321 1835 1395 1876 111,
1415 1836 1502 1868 Liv.
1520 1837 1619 1878 Epit.
1639 1836 1760 1868 XCIII

242 1886 453 1935 conpertum
477 1882 680 1915 habeamus
705 1882 895 1914 Metellum
919 1882 1076 1914 hiemem
1102 1892 1135 1913 a.
1163 1881 1206 1912 74
1231 1880 1337 1922 (680)
1365 1881 1402 1912 in
1425 1881 1599 1913 ulteriore
1625 1881 1759 1923 Hispa-

240 1928 304 1959 nia
323 1927 559 1968 transegisse,
581 1928 780 1969 quaeritur,
808 1937 930 1959 aunon
948 1922 1123 1968 conplura
1141 1927 1349 1967 fragmenta
1367 1936 1410 1957 ex
1428 1926 1493 1963 eis,
1520 1935 1613 1967 quae
1630 1928 1761 1967 postea

239 1973 452 2013 recensebo,
478 1972 547 2004 hoe
571 1973 853 2014 praecesserint.

353 2051 464 2087 Tiasr.
494 2044 584 2082 sen-⁹
623 2049 734 2082 1—3.
772 2050 862 2081 Non.
890 2060 924 2090 p.
955 2048 1035 2080 151:
1077 2048 1181 2080 Secus
1205 2050 1379 2080 masculini
1399 2049 1535 2090 (jener-is
1559 2058 1633 2081 esse
1657 2049 1761 2080 mani-

236 2097 358 2147 festum
382 2100 443 2127 est.
492 2096 622 2126 Neutro
648 2095 827 2126 Sallustius
852 2095 941 2126 [lzoez‘c
959 2094 1189 2125 Historiarum
1208 2093 1262 2124 lib.
1280 2094 1333 2124 II:
1362 2096 1401 2124 at
1417 2093 1589 2125 Metellus
1613 2093 1652 2125 in
1668 2093 1761 2125 ulte-

240 2141 372 2171 riorem
404 2140 624 2180 Hispaniam
656 2142 738 2180 post
770 2148 904 2170 annum
936 2148 1123 2180 regressus
1155 2148 1290 2180 magna
1321 2138 1440 2179 gloria
1466 2138 1760 2170 concurrentium

239 2185 399 2225 undique
431 2183 538 2215 virile
572 2187 608 2215 et
639 2183 816 2214 muliebre
850 2181 955 2214 secus
986 2193 1052 2235 per
1079 2183 1160 2214 vias
1187 2185 1223 2214 et
1249 2185 1350 2214 tec-ta
1375 2182 1533 2214 omnium
1557 2183 1758 2214 visebatur.

239 2246 283 2250 —
309 2229 449 2260 Charis.
476 2239 509 2269 p.
536 2227 598 2259 80:
625 2229 730 2260 Seeus
754 2230 866 2259 neutri
887 2229 1022 2268 yeneris
1047 2232 1097 2259 est
1121 2238 1254 2264 nomen,
1280 2229 1366 2259 unde
1393 2231 1426 2259 et
1449 2226 1629 2259 Sallustius
1652 2227 1760 2260 virile

241 2279 346 2305 secus
372 2274 469 2310 dimit,
495 2273 557 2304 hoe
581 2277 632 2304 est
655 2274 760 2304 virilis
775 2283 902 2310 sexus,
937 2274 1026 2314 quod
1050 2283 1118 2313 per
1149 2283 1259 2304 omnes
1290 2283 1388 2304 casus
1412 2273 1545 2313 integra
1565 2273 1680 2313 forma
1703 2273 1761 2304 de-

239 2320 395 2349 clinatur.
421 2335 465 2339 ——
488 2317 627 2349 Probus
653 2317 789 2359 p.‹121:
818 2316 944 2349 ‘Secus'
971 2318 1054 2348 duas
1071 2327 1127 2348 res
1143 2317 1321 2358 significat,
1341 2316 1532 2348 adoerbium
1554 2318 1759 2359 separandi.-

241 2362 361 2394 ‘Haud
382 2372 478 2393 secus
503 2372 542 2393 ae
567 2365 648 2394 iussi
667 2363 813 2402 fcceiunt'
840 2366 873 2393 et
888 2372 1016 2400 sescum,
1035 2362 1233 2393 Sallustius:
1258 2361 1364 2393 virile
1383 2372 1428 2393 ae
1446 2361 1623 2394 muliebre
1641 2371 1758 2394 secus.

353 2474 444 2504 VAR.
473 2483 550 2505 sen.
592 2474 624 2504 2.
652 2474 762 2505 Kritz.
782 2477 815 2505 et
833 2474 923 2505 Ger-l.
942 2474 1139 2505 ediderunt:
1164 2483 1298 2515 magna
1323 2473 1441 2514 gloria
1466 2473 1761 2505 concurrentium

240 2536 281 2540 —-
309 2518 484 2558 omnium,
516 2520 549 2549 in
575 2528 637 2560 quo
663 2522 696 2549 et
721 2518 838 2559 glmia
862 2519 1047 2550 insolenter
1077 2519 1198 2550 dietum
1230 2519 1271 2549 (Ze
1296 2518 1452 2558 officiosa
1474 2518 1611 2550 honoris
1634 2519 1760 2559 signifi—

241 2567 372 2595 catione
397 2563 550 2603 obfendit
574 2567 606 2594 et
631 2563 787 2594 omnium
813 2566 862 2593 ita
886 2564 980 2593 nimis
1004 2567 1173 2594 remotum.
1224 2562 1296 2601 Qua
1319 2572 1357 2594 7e
1382 2573 1452 2593 eum
1477 2562 1638 2594 Maerobi
1659 2563 1758 2595 codd.

242 2608 542 2645 concurrentibus
567 2607 750 2639 eaebibeant
773 2608 834 2639 boe
858 2608 1086 2646 recipiundum
1118 2611 1151 2638 et
1177 2607 1342 2638 omnibus
1371 2608 1609 2639 emendandum
1630 2611 1759 2649 putavi.

242 2655 278 2684 et
305 2653 416 2684 Maer.
444 2652 533 2683 libri.
576 2663 619 2684 ao
644 2652 748 2684 Prob.
781 2669 817 2673 —
858 2651 888 2683 3.
923 2652 1013 2682 Eum
1040 2651 1153 2683 Mac-r.
1179 2651 1267 2682 libri.
1317 2651 1432 2696 Quom
1460 2652 1550 2683 Gerl.
1577 2654 1621 2684 al.
1655 2670 1698 2674 --
1725 2653 1758 2684 4.

242 2707 323 2728 cum
355 2697 402 2728 ad
433 2697 544 2728 llIaer.
579 2696 667 2728 libri.
725 2707 805 2728 eum
839 2696 884 2727 ad
924 2696 1015 2736 Gerl.
1047 2698 1092 2727 al.
1171 2687 1428 2727 invitavissent
1457 2698 1509 2727 vel
1538 2697 1762 2729 invitassent

241 2742 354 2773 Macr.
381 2741 467 2773 libri.
517 2741 579 2772 Set
602 2745 694 2773 rec-te
718 2741 783 2773 iam
807 2740 850 2774 ab
874 2740 1059 2772 editoribus
1084 2741 1289 2771 emendatum
1306 2744 1356 2771 est
1380 2740 1640 2772 invitaverant.
1685 2742 1760 2773 Cum

241 2787 325 2816 enim
349 2787 390 2817 (le
415 2797 453 2817 re
485 2797 550 2818 non
581 2788 682 2818 semel
710 2790 762 2817 set
792 2787 900 2817 multis
930 2785 1132 2825 temporibus
1159 2785 1257 2825 faeta
1281 2785 1415 2816 dicatur
1439 2787 1551 2827 utique
1575 2786 1762 2828 requiritur·

240 2831 439 2861 indi'eatzvus
462 2835 495 2862 et
519 2833 567 2862 ita
592 2832 716 2862 demum
739 2835 832 2862 reete
857 2831 965 2862 dictus
989 2834 1040 2860 est
1062 2830 1244 2870 sinffltlaris
1270 2829 1315 2859 ad
1331 2839 1498 2881 coenam,
1527 2831 1626 2861 aliter
1642 2832 1760 2871 plura-

240 2875 281 2949 [ἒς
303 2875 502 2916 ‘requiritur
536 2892 579 2897 —
611 2875 641 2907 5.
671 2886 713 2907 ae
740 2875 850 2907 Mac-r.
878 2874 971 2912 libri,
1003 2876 1088 2915 vong.
1116 2876 1162 2905 et.
1195 2891 1240 2897 ·-
1271 2872 1303 2905 6.
1329 2873 1491 2916 insignia
1517 2874 1605 2906 libri.
1653 2875 1760 2918 signa

269 2928 352 2949 iaec.
