1786 3250
449 757 514 809 G.
549 755 896 809 SALLVSTI
934 755 1167 809 CRISPI

314 907 822 967 HISTORIARVM
859 906 1319 965 FRAGMENTA.

710 1071 935 1078 ᾖ.

725 1192 731 1196 “
743 1188 831 1228 Lib.
858 1189 891 1228 1.

131 1356 134 1358 -
173 1303 189 1341 1
228 1301 363 1354 [Knet
382 1302 476 1340 Gerl.
502 1300 586 1353 Il].
635 1299 714 1340 Res
751 1299 886 1351 populi
916 1299 1082 1340 Romani
1113 1299 1162 1339 M.
1193 1300 1340 1352 Lepido
1370 1299 1415 1345 Q.
1446 1265 1582 1338 (satulo

57 1368 284 1408 consulibus
314 1381 360 1408 ac
390 1369 531 1424 deinde
559 1368 718 1408 militiae
745 1372 783 1407 et
812 1368 918 1407 domi
956 1373 1084 1420 gestas
1108 1369 1312 1420 conposui.

169 1447 288 1480 Rufin.
314 1448 358 1480 de
386 1458 500 1490 comp.
529 1451 566 1479 et
591 1450 695 1480 metr.
723 1451 814 1480 orat.
844 1458 879 1489 p.
907 1446 974 1479 320
999 1447 1055 1479 ed.
1081 1447 1180 1479 Pith.
1214 1458 1248 1489 p.
1275 1446 1342 1479 355
1368 1446 1425 1479 ed.
1449 1446 1582 1488 Caper.

57 1504 91 1536 p.
122 1492 184 1525 192
210 1492 321 1525 Orell.
361 1493 457 1525 Idem
481 1491 682 1535 [Pompeius
707 1490 934 1534 Messalinus]
958 1494 1000 1524 de
1025 1492 1235 1524 Sallustiana
1258 1494 1498 1534 compositione
1514 1494 1583 1523 sive

0 1573 14 1581 1,
55 1548 191 1570 numero
216 1543 251 1570 et
273 1542 447 1570 structura
470 1540 519 1570 sic
543 1539 645 1570 dicit:
672 1539 770 1570 Nunc
791 1539 824 1570 si
844 1539 1002 1570 videatur
1018 1537 1246 1570 Sallustianae
1267 1538 1408 1579 periodi
1429 1547 1585 1568 numeros

56 1585 293 1625 inspiciamus:
324 1584 397 1615 Res
428 1593 525 1625 popu
550 1585 720 1624 dactylus,
754 1583 782 1614 li
805 1583 948 1615 romani
971 1584 1099 1615 Marco
1129 1587 1202 1615 tres
1224 1583 1408 1625 spondaei,
1439 1581 1583 1624 Lepido

0 1653 8 1666 ,
57 1632 274 1670 anapaestus,
300 1628 437 1667 Quinto
462 1628 594 1660 Catulo
617 1629 814 1670 spondaeus
836 1632 870 1660 et
894 1632 1117 1670 anapaestus,
1144 1628 1356 1660 consulibus
1376 1638 1490 1669 paean
1512 1628 1585 1668 pri-

55 1683 136 1710 mus,
163 1682 207 1704 ac
232 1672 367 1704 deinde
391 1673 593 1704 dichoraeus
616 1677 685 1704 sive
709 1673 936 1711 ditrochaeus,
962 1673 1074 1704 militi
1098 1674 1263 1714 dactylus,
1291 1680 1339 1705 ae
1361 1673 1458 1704 domi
1482 1674 1583 1704 creti-

57 1727 134 1754 cus,
167 1719 293 1759 gestas
323 1717 538 1758 spondaeus,
566 1717 753 1759 composui
776 1717 985 1750 choriambus
1009 1728 1056 1750 ecc
1079 1720 1180 1760 lonya
1205 1722 1238 1750 et
1261 1718 1355 1750 brevi
1377 1722 1410 1749 et
1435 1718 1530 1750 brevi
1552 1720 1585 1748 et

57 1764 168 1803 longa.
210 1763 325 1793 Prisc.
352 1762 418 1793 XV
440 1772 474 1805 p.
496 1760 584 1794 1006
606 1762 635 1793 Ρ
659 1773 693 1804 p.
719 1760 763 1794 64
784 1762 831 1793 Η.
851 1772 922 1804 per
934 1765 1120 1804 ,qenetivum
1136 1781 1179 1785 —
1197 1762 1346 1795 Sallust.
1366 1764 1405 1794 in
1421 1763 1438 1794 I
1456 1763 1583 1794 histor.

63 1817 107 1838 ac
139 1805 272 1838 deinde
304 1806 463 1838 militiae
496 1810 533 1838 et
563 1806 661 1838 domi
692 1810 818 1849 gestas
850 1808 1036 1849 conposui.
1075 1818 1111 1850 p.
1143 1806 1230 1839 1012
1253 1808 1294 1839 P.
1322 1807 1365 1840 73
1390 1808 1436 1839 Η.
1475 1807 1518 1839 In
1544 1817 1585 1838 ae

57 1851 300 1893 diphthonyum'
311 1853 444 1883 nomina
459 1847 537 1883 sunt
550 1852 699 1893 genetivi
720 1862 819 1884 casus
835 1854 908 1885 loco
926 1852 1080 1884 adverbii
1097 1854 1225 1894 posita,
1251 1857 1287 1883 ut
1304 1853 1440 1889 Romae,
1468 1852 1586 1889 Casae,

61 1897 210 1938 Capuae.
259 1895 456 1928 Sallustius
479 1914 524 1918 -—
555 1897 593 1928 in
617 1897 636 1928 I
659 1897 746 1929 hist.
772 1897 845 1929 Res
869 1897 996 1940 populi
1021 1897 1178 1929 Romani
1201 1898 1250 1929 M.
1277 1897 1420 1939 Lepido
1445 1897 1490 1937 Q.
1517 1896 1586 1928 Ca-

57 1941 208 1983 tuloque
231 1951 328 1973 coss.
355 1951 399 1973 ac
424 1941 556 1973 deinde
582 1941 679 1973 domi
705 1945 742 1973 et
765 1942 922 1974 militiae
948 1946 1085 1984 gestas.
1125 1943 1336 1975 Prooemium
1351 1942 1394 1974 ab
1410 1942 1462 1974 llis
1477 1941 1588 1974 verbis

57 1997 169 2019 orsum
193 1997 267 2018 esse
291 1996 339 2019 ex
368 1986 418 2018 Ti.
444 1987 571 2018 Donat.
597 1988 645 2019 ad
672 1988 778 2029 Ver-9.
804 1987 892 2019 Aen.
919 1987 936 2019 1
965 1987 979 2018 l
1007 1989 1166 2029 adparet.

175 2065 199 2104 2
225 2064 304 2117 [Kr.
323 2067 382 2103 12.
402 2067 441 2103 G.
465 2065 547 2117 13].
576 2065 743 2104 Romani
760 2067 916 2117 generis
937 2066 1230 2106 disertissumus
1251 2067 1388 2118 paucis
1409 2065 1585 2105 absolvit.

171 2143 351 2175 Victorin.
378 2143 424 2175 ad
449 2143 526 2176 Cic.
553 2144 661 2177 Rhet.
688 2145 706 2176 Ι
730 2156 763 2187 p.
783 2143 828 2177 56
853 2144 909 2177 ed.
937 2144 1049 2178 Orell.
1078 2146 1229 2189 Namque
1254 2146 1396 2178 historia
1421 2149 1453 2177 et
1478 2145 1589 2177 brevis

59 2199 132 2220 esse
157 2188 256 2220 debet
279 2190 313 2220 in
338 2191 553 2230 expositione
578 2194 611 2221 et
635 2195 761 2232 aperta
784 2195 818 2221 et
837 2190 1047 2232 probabilis:
1072 2196 1107 2223 ut
1131 2190 1401 2230 Sallustius-sihi
1423 2194 1531 2223 onmia
1556 2195 1588 2221 in

62 2234 207 2266 Catilina
230 2233 367 2265 tribuit:
401 2245 509 2276 quam
534 2235 759 2267 brevissume
788 2233 867 2277 [em.
894 2234 1119 2278 verissume]
1154 2240 1280 2278 potero
1312 2237 1441 2278 paucis
1467 2234 1589 2267 absol-

59 2289 155 2319 vam,
182 2290 253 2310 cum
278 2281 354 2310 altis
377 2279 662 2321 historiographis
685 2282 817 2322 singula
840 2281 1043 2313 tradidisset
1067 2283 1100 2313 in
1125 2281 1211 2313 libro
1233 2285 1344 2323 primo
1361 2282 1588 2317 historiarum,

63 2324 183 2356 Catoni
204 2324 419 2355 brevitatem:
444 2324 601 2357 Romani
625 2326 774 2367 generis
798 2326 1072 2358 disertissumas
1097 2327 1226 2369 paucis
1252 2326 1432 2364 absolvit,
1459 2326 1589 2357 Fannio

59 2379 140 2400 vero
164 2369 349 2400 veritatem.
375 2386 419 2391 —-
444 2368 545 2401 Serv.
573 2370 620 2401 ad
644 2370 754 2413 Verg.
780 2371 871 2402 Aen.
889 2371 908 2402 I
924 2370 969 2403 96
989 2371 1175 2411 fortissime
1199 2373 1309 2414 ‚qentis
1332 2389 1370 2409 ,-
1401 2371 1490 2403 Item
1515 2371 1590 2403 Sal-

60 2415 197 2445 lustius:
244 2413 400 2445 Romani
425 2414 572 2456 generis
597 2414 873 2447 disertissimus.
925 2416 998 2457 Cfr.
1022 2417 1126 2448 Hier.
1154 2417 1221 2459 Ep.
1247 2417 1333 2448 LXI
1359 2415 1422 2457 (al.
1448 2415 1506 2455 75)
1533 2414 1590 2446 ed.

62 2458 158 2489 Vall.
184 2458 290 2490 Solus
317 2468 356 2490 es
382 2459 474 2491 Cato
500 2459 656 2492 Romani
680 2461 828 2502 generis
853 2461 1136 2493 disertissumus.
1168 2479 1214 2484 —
1243 2462 1365 2494 Acron
1390 2461 1437 2492 ad
1461 2461 1590 2492 Horat.

64 2502 140 2535 Sat.
166 2503 183 2534 I
211 2502 269 2544 10,
296 2502 334 2535 9:
367 2503 426 2536 Sic
449 2508 482 2536 et
510 2505 592 2537 Cato
621 2507 782 2538 laudatur
805 2517 827 2538 a
851 2506 1028 2544 Sallustio,
1062 2508 1154 2549 quod
1176 2506 1291 2538 multa
1315 2506 1446 2548 paucis
1472 2503 1592 2536 absol-

63 2548 171 2581 verit.
682 2578 687 2582 .

179 2593 299 2634 Ma'lily
326 2593 368 2625 N.
394 2594 485 2626 Ann.
517 2595 690 2627 LXXVII
712 2607 748 2637 p.
776 2595 819 2628 78
850 2597 935 2629 coni.
970 2596 1242 2629 disertissumus
1279 2605 1420 2627 summa
1462 2593 1592 2636 paucis

66 2637 238 2670 absolvit.
293 2638 490 2670 Obiectum
522 2649 633 2682 aegre
666 2637 914 2682 desideratur,
947 2651 1017 2674 nec
1048 2642 1128 2674 veri
1158 2639 1336 2672 dissimile
1362 2642 1419 2671 est
1442 2639 1480 2670 id
1506 2641 1592 2670 ante

63 2685 185 2724 paucis
217 2683 420 2724 excidisse,
461 2694 680 2727 quamquam
712 2686 799 2728 quid
829 2686 972 2728 obstat,
1018 2697 1087 2728 quo
1120 2686 1238 2717 minus
1270 2684 1306 2716 id
1339 2684 1377 2715 in
1409 2683 1593 2726 principio
1626 2684 1632 2688 '

67 2728 251 2759 enuntiati
275 2728 454 2771 scriptum
478 2729 592 2762 fuisse
618 2732 848 2763 statuamus?

168 2805 220 2845 -3.
242 2807 378 2846 Fanni
399 2807 458 2856 (G.
480 2807 616 2853 Fanni,
639 2809 710 2847 cfr.
734 2809 800 2848 Fr.
826 2809 914 2848 hist.
939 2809 999 2847 cd.
1022 2807 1138 2846 Roth.
1165 2819 1203 2858 p.
1225 2809 1306 2860 311)
1332 2809 1533 2847 veritatem
1553 2809 1594 2846 in

30 2932 37 2934 Ὗ
68 2873 158 2911 hist.
176 2874 241 2911 lib.
262 2872 277 2911 l
293 2874 344 2912 ab
361 2874 548 2914 Sallustio
564 2877 773 2914 laudatam
791 2887 875 2914 esse
895 2876 1066 2914 tradidit
1080 2874 1302 2914 Victorinus
1319 2878 1344 2914 I.
1361 2876 1475 2915 modo
1493 2877 1594 2914 conl.

161 2949 342 2999 Sannusr.
366 2962 426 2983 m).
451 2953 636 2984 Dmrscn.
674 2953 724 2984 ΙΙ.
1303 2943 1317 2982 Ῑ
