1826 3282
572 250 870 278 msromARvM
898 252 982 277 mn.
1012 251 1064 278 111
1093 245 1149 279 20.
1569 236 1622 276 67

97 347 296 380 insidentem
320 348 448 381 duobus
471 349 598 392 inflatis
613 349 743 391 utribus
758 351 892 383 litteras
908 353 1037 383 insutas
1051 350 1257 389 habentibus,
1283 359 1367 394 quos
1390 349 1433 382 ab
1455 349 1621 392 inferiore

95 396 198 434 parte
229 392 359 426 duabus
381 395 507 436 reyulis
528 396 620 427 inter
641 405 678 427 se
710 395 913 428 distantibus
936 397 1163 433 commiserat,
1193 398 1245 428 ire
1274 399 1402 438 septem
1429 397 1522 428 milia
1541 405 1618 438 pas-

95 447 188 470 suum
211 440 398 471 traiectum.
448 438 546 478 Quod
567 443 616 472 ita
638 443 750 482 perite
772 442 923 483 yreqalis
943 441 1043 482 fecit,
1069 445 1105 472 ut
1127 441 1282 473 cruribus
1303 443 1392 474 velut
1411 441 1621 482 yzebernamt-

97 483 139 514 lis
162 484 314 516 demissis
330 494 462 516 cursum
477 485 643 527 diriperet
667 489 700 517 et
719 489 847 527 procul
865 488 1020 523 visentes,
1046 488 1104 529 qui
1123 489 1156 518 in
1172 488 1320 519 statione
1335 490 1445 524 erant,
1469 489 1621 518 murinae

94 532 210 569 specie
233 528 351 561 beluae
375 530 562 571 deciperet.
609 529 710 562 Flor.
735 530 753 562 I
776 529 837 570 40,
868 529 924 563 16:
956 532 1021 564 sed
1044 533 1203 572 fiduciam
1232 533 1416 574 oppidanis
1437 532 1624 564 resistendi

95 574 230 605 nuntius
242 574 337 614 fecit,
363 575 489 607 doeens
505 575 689 607 adventare
707 575 890 615 Lucullum,
919 578 977 618 qui
997 594 1043 600 ——
1065 576 1228 609 horribile
1245 578 1338 609 dictu
1354 594 1399 599 —
1411 586 1479 618 per
1493 578 1621 609 medias

93 618 235 650 hostium
264 629 367 651 naves
394 623 471 652 utre
500 630 684 661 suspensus
713 624 748 652 et
774 620 918 662 pedibus
948 625 1016 653 iter
1044 621 1252 663 qubernans,
1283 621 1472 654 videntibus
1496 624 1624 664 procul

95 665 195 705 quasi
214 665 346 695 marina
366 662 488 706 pristis
511 669 680 697 evaserat.
729 664 833 698 Oros.
859 666 910 699 VI
933 667 972 698 2:
1003 667 1161 699 Lucullus
1185 668 1233 699 ad
1257 667 1448 709 Cyzicenos,
1474 671 1511 698 ut
1534 667 1620 700 bono

95 711 202 740 animo
228 712 349 746 essent,
375 710 522 741 nuntium
544 711 632 742 misit
648 721 744 742 unum
768 721 815 743 eu:
838 711 993 743 militibus
1009 713 1116 754 mandi
1125 714 1281 754 peritum,
1309 713 1365 755 qm·
1387 711 1516 744 duobus
1537 714 1620 744 utri-

94 752 155 784 bus
176 763 376 795 suspensus,
408 755 549 787 mediam
580 757 653 796 ipse
683 758 833 797 reyulam
861 760 980 789 tenens
1006 758 1202 800 plantisque
1233 757 1463 799 snbremiyans
1492 761 1620 799 septem

93 798 185 829 milia
211 808 369 839 passuum
400 803 628 832 transmeavit.
676 801 733 833 Ex
764 800 893 843 quibus
925 802 1080 844 adparet
1109 802 1223 834 talem
1252 802 1460 834 machinam
1491 801 1618 842 fuisse,

93 845 135 874 ut
157 845 294 875 nautae
321 854 450 886 corpus
474 845 513 877 in
535 845 677 877 utribus
700 846 856 888 positum
881 850 997 887 esset,
1029 847 1142 890 pedes
1173 858 1259 881 vero
1283 847 1322 879 in
1347 858 1479 890 aquam
1502 847 1618 880 libere

93 888 252 930 porrecti
275 889 512 931 remigarent.
563 889 626 922 Set
651 891 736 932 quid
758 891 875 924 verba
900 891 1067 932 Sallusti,
1099 892 1155 924 uti
1180 892 1276 935 apud
1299 893 1455 925 Nonium
1479 893 1619 935 scripta

94 935 194 974 sunt,
228 932 464 976 significant?
509 935 685 967 Extitisse
715 935 818 968 illum
847 941 957 979 super
986 937 1132 979 tabula,
1167 948 1261 980 quae
1285 937 1428 970 utribus
1457 938 1620 980 inposita

95 980 186 1010 erat.
227 977 347 1021 Atque
371 981 540 1012 existeret
563 980 708 1022 quidem
732 981 844 1014 multo
862 982 980 1014 minus
998 982 1088 1014 ferri
1105 985 1237 1025 potest,
1265 983 1359 1024 quod
1383 983 1421 1014 in
1447 993 1489 1014 eo
1506 983 1618 1016 verbo

92 1032 165 1054 non
195 1024 319 1056 standi
349 1027 407 1056 set
443 1025 682 1067 proveniendi
712 1026 811 1058 notio
849 1027 956 1059 inest.
1014 1027 1119 1067 Quod
1149 1028 1181 1060 si
1216 1032 1356 1060 eoetaret
1387 1027 1618 1060 scribendum

92 1070 216 1110 putes,
250 1078 319 1110 quo
344 1069 448 1101 modo
472 1070 527 1102 ita
550 1070 704 1113 pedibus
728 1071 768 1103 in
788 1071 908 1104 vicem
931 1073 1064 1105 tractis
1088 1091 1133 1094 —
1155 1073 1209 1104 ita
1235 1073 1349 1112 enim,
1366 1077 1487 1117 ‘tracto
1513 1074 1616 1115 pede,

92 1112 326 1145 scribundum
359 1124 440 1146 esse
471 1117 572 1147 recte
604 1115 768 1148 Kritzius
800 1116 924 1148 docuit
953 1135 998 1139 —
1028 1117 1234 1160 gubernare
1265 1118 1453 1160 navigium
1487 1118 1616 1160 potuit,

93 1167 162 1200 quo
194 1157 299 1190 modo
330 1158 436 1191 homo
467 1159 522 1192 ita
555 1163 691 1192 extans
708 1162 874 1194 marinae
906 1162 1038 1194 beluae
1069 1163 1231 1205 speciem
1262 1163 1466 1205 praebere?
1512 1163 1617 1195 Unde

92 1201 180 1234 mihi
204 1203 294 1235 satis
319 1206 459 1236 certum
482 1204 627 1237 videtur
650 1210 815 1239 extiteret
840 1210 1054 1250 conruptum
1079 1217 1173 1247 esse,
1187 1218 1268 1240 nec
1292 1209 1410 1240 minus
1434 1208 1472 1239 in
1498 1219 1539 1240 eo
1564 1207 1616 1240 la-

90 1250 182 1288 tere,
210 1247 304 1290 quod
329 1259 455 1281 cursus
480 1249 719 1282 directionem
745 1253 783 1283 et
807 1251 1112 1294 gubernationem
1138 1252 1330 1294 exprimat.
1370 1253 1506 1285 Verum
1523 1262 1616 1292 esse,

92 1292 186 1334 quod
210 1293 360 1336 scripsi,
385 1299 523 1336 regeret
545 1296 628 1333 iter,
654 1296 736 1328 nolo
762 1297 1002 1337 contendere,
1035 1300 1093 1329 set
1122 1297 1214 1329 nihil
1236 1297 1366 1330 melius
1396 1298 1436 1329 in
1458 1301 1618 1330 mentem

90 1338 203 1370 venit.
244 1338 339 1370 Illud
356 1338 616 1372 confidentiore
643 1341 762 1374 animo
781 1342 955 1384 suspicor,
984 1346 1069 1374 ante
1087 1343 1120 1374 in
1136 1344 1239 1375 vicem
1257 1342 1436 1374 excidisse
1456 1343 1616 1380 insidens,

91 1393 160 1425 quo
185 1386 334 1425 recepto
360 1386 488 1417 carere
512 1395 703 1428 possumus
729 1386 915 1419 Carrionis
939 1387 1142 1420 mutatione
1168 1398 1235 1430 qua
1256 1398 1370 1430 super,
1397 1387 1464 1420 cfr.
1484 1386 1561 1420 Cic.
1581 1388 1615 1419 d.

90 1428 175 1459 Fin.
200 1428 236 1460 Π
262 1427 315 1468 18,
340 1428 402 1461 59:
427 1439 533 1472 super
556 1441 629 1463 eum
652 1432 824 1470 adsidere,
850 1432 884 1464 d.
910 1432 1003 1475 Leg.
1028 1433 1066 1465 ΙΙ
1090 1431 1145 1473 26,
1171 1431 1232 1465 66:
1257 1443 1363 1475 super
1378 1437 1496 1465 terrae
1515 1437 1618 1465 tumu-

89 1474 153 1505 lum
176 1475 281 1505 noluit
306 1475 482 1518 quicquam
504 1477 620 1508 statui.
662 1476 727 1509 Set
752 1477 864 1509 etiam
887 1477 1099 1510 difficiliora
1123 1481 1207 1510 sunt
1222 1478 1350 1518 verba,
1377 1489 1470 1521 quae
1487 1488 1615 1511 secun-

90 1521 168 1558 tur,
201 1528 295 1560 quae
325 1519 492 1562 plerique
523 1520 698 1554 Carrione
731 1524 880 1554 auctore
918 1523 1142 1566 conrigenda
1171 1526 1350 1566 putavere
1383 1527 1473 1556 inter
1502 1525 1617 1556 molem

91 1567 192 1606 atque
217 1565 356 1596 insulam
379 1567 476 1597 mari.
525 1565 630 1606 Quae
655 1567 686 1598 si
710 1577 800 1600 vera
825 1571 967 1608 essent,
994 1570 1097 1601 moles
1120 1578 1193 1600 non
1217 1571 1344 1611 posset
1367 1569 1523 1611 cogitari
1547 1569 1617 1600 nisi

90 1608 130 1640 in
155 1608 359 1645 continenti
385 1613 553 1643 extructa
578 1615 615 1643 et
639 1612 685 1644 ab
707 1612 874 1645 hostibus
898 1617 1091 1656 occupata.
1132 1614 1261 1646 Nonne
1278 1613 1332 1646 ita
1349 1613 1617 1646 obscurissumc

93 1652 288 1686 Sallustius
312 1655 546 1697 scripsisset?
569 1657 642 1689 nisi
667 1657 762 1690 forte
789 1668 918 1690 censes
943 1659 982 1690 in
1006 1659 1236 1701 praegressis
1259 1661 1337 1691 tam
1361 1659 1476 1691 multa
1500 1659 1544 1691 de
1573 1669 1618 1691 ea

90 1697 185 1730 mole
209 1698 309 1731 dicta
332 1699 468 1740 fuisse,
501 1703 543 1733 ut
573 1702 730 1744 scriptor
754 1703 950 1745 quidquam
975 1704 1123 1736 adicere
1148 1704 1388 1747 supersedere
1413 1704 1484 1736 sibi
1509 1714 1616 1746 posse

90 1743 288 1776 videretur.
345 1744 427 1785 Qua
461 1748 583 1778 autem
613 1747 675 1779 via
707 1747 884 1780 credibile
920 1751 976 1780 est
1008 1749 1186 1781 audacem
1216 1749 1380 1781 nuntium
1419 1750 1458 1781 in
1489 1749 1617 1781 urbem

91 1789 331 1831 pervenisse?
377 1790 544 1832 Longum
568 1791 684 1823 fuisse
707 1792 779 1824 iter
803 1803 884 1824 cum
901 1803 967 1835 per
991 1803 1043 1833 se,
1072 1794 1103 1825 si
1128 1804 1221 1836 quae
1245 1794 1330 1826 loca
1354 1794 1528 1826 Lucullus
1554 1794 1615 1826 ob-

90 1834 243 1866 tinuerit
258 1834 562 1876 consideraveris,
591 1840 757 1879 apertum
777 1841 843 1877 est,
869 1840 946 1870 tum
970 1838 1169 1870 Frontinus
1195 1842 1232 1871 et
1249 1839 1400 1871 Orosius
1418 1842 1615 1871 testantur.

90 1879 139 1910 Et
168 1879 289 1912 omnia
326 1880 531 1923 propinqua
561 1881 645 1914 loca
668 1882 794 1914 hostes
818 1883 1015 1923 tenebant,
1055 1886 1165 1925 atque
1197 1883 1289 1916 adeo
1319 1884 1359 1915 in
1389 1884 1472 1926 ipsa
1496 1884 1617 1916 insula

89 1924 359 1966 Dindymenum
383 1925 514 1958 collem
539 1925 717 1967 (Momms.
743 1928 801 1960 III
825 1938 860 1970 p.
886 1927 958 1969 51).
1006 1928 1112 1961 Unde
1137 1939 1209 1961 non
1234 1928 1409 1961 credibile
1436 1931 1492 1961 est
1515 1929 1616 1960 illum

89 1979 156 2011 per
180 1970 370 2012 angustius
395 1971 541 2011 fretum,
566 1971 605 2003 in
630 1982 699 2014 quo
723 1983 815 2015 pons
839 1974 978 2016 positus
1003 1973 1174 2016 oppidum
1200 1974 1401 2006 continenti
1425 1973 1615 2016 iungebat,

91 2014 324 2054 adventasse,
351 2018 408 2047 set
433 2015 479 2048 ad
505 2016 615 2048 alium
639 2017 757 2049 locum
782 2019 1014 2050 remotiorem
1040 2018 1249 2061 adpulisse,
1282 2029 1352 2061 qno
1377 2019 1478 2051 ducit
1503 2019 1615 2050 etiam

90 2060 186 2102 quod
208 2059 247 2092 in
271 2059 423 2092 Sallusti
452 2059 576 2094 verbis
606 2063 780 2105 scriptum
807 2066 863 2095 est
890 2067 991 2102 mari,
1026 2063 1119 2106 quod
1151 2064 1196 2096 de
1228 2067 1385 2106 angusto
1415 2064 1512 2096 freto
1544 2063 1616 2095 dici

89 2114 162 2137 non
185 2105 313 2147 potuit.
361 2105 551 2139 Postremo
577 2117 646 2149 quo
673 2107 824 2140 consilio
848 2111 950 2141 moles
981 2108 1268 2141 extruebantur?
1314 2109 1365 2142 Ut
1394 2109 1522 2141 littora
1553 2108 1615 2140 ad-

89 2159 216 2182 vorsus
240 2150 371 2182 fluctus
395 2151 589 2184 munirent.
631 2152 728 2192 Quid
743 2153 856 2195 igitur
879 2153 1032 2196 inpedit,
1059 2164 1128 2196 quo
1145 2154 1263 2186 minus
1279 2153 1350 2186 hoc
1376 2163 1518 2196 quoque
1535 2153 1616 2186 loco

90 2195 135 2227 de
159 2195 226 2227 tali
249 2195 344 2228 mole
369 2197 601 2240 cogitemus?
647 2198 697 2229 Et
720 2209 840 2231 nonne
864 2201 904 2232 ut
927 2199 1043 2232 verba
1069 2199 1165 2242 apud
1183 2199 1338 2231 Nonium
1357 2200 1495 2242 scripta
1519 2202 1614 2239 sunt,

91 2239 230 2282 aliquid
262 2240 442 2274 excidisse
474 2242 696 2274 ostendunt?
743 2243 848 2283 Quod
873 2243 904 2276 si
934 2244 989 2276 ita
1022 2244 1196 2286 scriptum
1221 2244 1336 2276 fuisse
1362 2244 1614 2279 statuerimus:

89 2286 180 2317 inter
202 2288 317 2318 molem
342 2297 428 2329 quae
451 2284 590 2319 insulam
606 2298 628 2320 a
642 2290 738 2324 ,mari
750 2291 852 2321 mzmit
875 2293 909 2321 et
928 2293 1070 2321 montem
1091 2290 1228 2322 Arcton
1251 2288 1388 2332 (Strab.
1406 2290 1479 2321 XII
1494 2300 1530 2331 p.
1549 2288 1616 2320 808

89 2329 218 2371 Mein.)
243 2333 331 2363 mari
353 2333 399 2363 ad
422 2333 581 2374 oppidum
601 2335 774 2374 per-venit,
808 2337 844 2366 et
867 2334 1096 2376 probabilem
1122 2345 1309 2375 caussam,
1342 2335 1386 2367 ob
1420 2345 1527 2377 quam
1552 2333 1617 2366 illa

92 2375 273 2407 excidisse
299 2376 527 2416 arbitremur,
552 2377 771 2411 habebimus
797 2382 834 2411 et
857 2379 1000 2412 relicua
1017 2380 1140 2412 omnia
1156 2379 1269 2422 plana
1288 2383 1324 2412 et
1349 2383 1479 2422 aperta
1497 2382 1614 2411 erunt.

92 2419 263 2452 Ceterum
286 2421 348 2453 vix
372 2425 428 2454 est
452 2422 546 2464 quod
569 2433 749 2464 moneam,
774 2424 908 2457 Arcton
924 2429 1064 2458 montem
1080 2435 1139 2457 me
1162 2425 1301 2457 nullam
1319 2425 1430 2458 aliam
1447 2425 1492 2457 ob
1512 2434 1615 2456 caus·

91 2475 171 2498 sam
202 2465 368 2508 posuisse
398 2467 470 2500 nisi
499 2469 540 2500 ut
564 2467 723 2509 aliquem
752 2469 871 2502 locum
901 2470 1042 2503 insulae
1067 2470 1310 2511 nominarem,
1345 2470 1404 2512 qui
1435 2470 1536 2502 locus
1570 2469 1615 2501 ab

89 2510 368 2553 ipsquallustio
391 2511 512 2546 dictus
536 2512 649 2546 fuerit
672 2525 729 2546 me
753 2514 920 2548 divinare
943 2525 1016 2548 non
1040 2526 1159 2558 posse.

156 2635 160 2637 t
206 2599 259 2640 20
290 2601 379 2655 [Kr.
405 2608 462 2640 21.
500 2606 539 2642 G.
561 2602 645 2656 57].
711 2605 822 2644 Unde
852 2617 952 2656 pons
982 2607 1021 2645 in
1053 2606 1240 2658 oppidum
1270 2606 1472 2656 pertinens
1495 2603 1616 2654 expli-

92 2672 215 2709 catur.

204 2748 310 2782 Arus.
335 2760 371 2792 p.
396 2748 464 2782 256
494 2750 560 2783 sub
592 2750 699 2784 titulo
728 2755 905 2793 pertinens
935 2756 970 2784 in
1000 2754 1090 2784 illam
1119 2761 1200 2783 rem.
1248 2749 1352 2782 Libri
1376 2759 1545 2782 numerus
1572 2760 1616 2782 ex

93 2793 171 2826 cod.
203 2794 271 2827 Gn.
299 2795 444 2827 additus
469 2798 536 2828 est.
584 2797 667 2829 Non
690 2807 836 2839 possum
870 2797 1047 2829 adsentiri
1074 2795 1287 2834 Gerlachio,
1317 2795 1411 2827 haec
1435 2795 1480 2826 dc
1505 2798 1614 2837 ponte

94 2839 314 2881 accipiunda
339 2849 419 2872 csse
445 2842 624 2881 censenti,
650 2842 711 2884 qui
737 2853 781 2874 ex
804 2842 896 2873 turri
922 2852 944 2872 a
966 2840 1180 2872 Mithridate
1198 2839 1388 2872 moenibus
1406 2839 1533 2880 Cyzici
1554 2841 1613 2872 ad-

93 2886 194 2915 mota
217 2884 394 2917 demissus
419 2888 475 2917 est
499 2885 606 2929 (App.
631 2886 673 2920 b..
693 2886 816 2918 Mithr.
843 2885 887 2918 73
911 2896 946 2928 p.
965 2884 1043 2924 382,
1061 2883 1084 2916 9
1107 2884 1226 2916 Bekk.
1253 2884 1297 2916 74
1320 2896 1355 2927 p.
1373 2883 1452 2924 382,
1472 2884 1514 2916 19
1531 2885 1615 2927 sq.).

93 2927 187 2960 Nam
209 2929 241 2961 is
256 2939 347 2972 pons
364 2939 435 2962 non
451 2931 490 2962 in
506 2931 676 2973 oppidum
693 2930 887 2972 pertinuit,
914 2932 972 2961 set
996 2929 1034 2960 in
1051 2938 1192 2970 muros,
1217 2939 1337 2971 neque
1354 2932 1454 2962 recte
1479 2929 1614 2962 dicitur

1288 2990 1347 3029 5*
