1826 3282
204 236 258 277 68
602 243 905 271 msa-onmnvm
938 243 1021 269 Lm.
1050 243 1101 270 111
1128 237 1301 272 21—24.

170 381 172 383 ,
205 348 382 390 eoeplicari,
401 346 438 377 id
457 345 549 386 quod
558 343 719 375 Kritzius
730 353 809 375 cum
819 342 923 374 illam
939 343 1427 386 sententiamconprobaret,
1445 344 1524 386 ipse
1534 344 1730 386 persensit.

204 393 355 425 Rectius
380 390 491 432 igitur
514 389 546 420 is
571 389 609 419 in
635 388 691 420 ed.
717 388 928 421 novissume.
945 387 1127 420 intellexit
1152 388 1196 420 de
1222 392 1345 431 ponte,
1373 389 1433 431 qni
1450 388 1620 431 oppidum
1646 399 1728 422 6011.-

204 436 337 468 tinenti
361 434 550 476 iungebat.
594 432 683 464 Cum
702 432 832 465 Strabo
849 433 921 465 XII
937 444 972 475 p.
991 431 1058 465 808
1076 433 1163 465 duos
1187 433 1283 466 tales
1302 437 1433 475 pontes
1451 434 1565 466 fuisse
1583 434 1730 474 dixerit,

207 485 271 513 aut
288 480 441 512 alterum
459 480 589 520 postea
607 478 771 510 additum
790 487 870 510 esse
889 478 1121 510 statuendum
1146 481 1218 518 est,
1247 482 1310 511 aut
1338 478 1492 510 alterum
1509 488 1581 510 non
1599 478 1730 520 oppido

208 526 417 557 adiunctum
443 523 570 554 fuisse.
621 522 807 564 Eaeplicari
836 523 911 554 dici
943 523 1105 565 potuisse
1138 523 1175 554 id
1200 523 1435 565 quodrlibere
1461 523 1731 563 extenderetur,

205 570 462 612 porrigeretur,
487 567 718 610 intellegitur
743 578 787 600 ex
813 567 889 599 Cic.
916 567 996 600 1060
1023 568 1070 600 3(1
1085 568 1159 599 Α11.
1179 568 1231 600 IV
1250 567 1302 608 16,
1333 567 1390 600 14:
1416 572 1452 600 ut
1465 569 1578 606 forum
1594 570 1732 600 laxare-

204 625 273 646 mus
305 618 338 645 et
368 624 471 656 usque
503 614 550 645 ad
579 615 701 644 atrium
731 613 922 645 Libertatis
951 615 1210 654 explicaremus.
1265 613 1419 645 Videtur
1450 613 1564 655 igitur
1595 613 1732 646 dictum

208 660 322 691 fuisse
347 658 392 690 de
418 658 509 697 loco,
539 658 584 690 ab
609 657 825 690 Mithridate
851 661 1041 700 occupato,
1069 668 1091 689 a
1116 668 1184 699 quo
1202 667 1293 700 pons
1317 657 1379 690 ille
1399 658 1609 701 angustiore
1630 658 1733 690 aditu

205 707 282 736 tum
306 703 415 736 latior
441 706 476 735 et
502 703 706 745 expeditior
729 703 767 734 in
790 703 917 735 urbem
941 702 1209 745 porrigebatur.

319 782 369 822 21
399 781 478 835 [Kr.
496 787 551 819 22.
577 783 622 819 G.
639 779 716 832 92].
755 781 892 820 Manus
914 780 1063 820 ferreas
1087 785 1124 820 et
1144 776 1215 820 alia
1237 781 1391 821 adnexu
1411 781 1551 821 idonea
1572 782 1730 821 inicere.

320 861 425 893 Arus.
452 872 486 903 p.
513 860 596 891 242:
631 860 792 892 Idoneum
813 860 919 899 factu.
969 860 1095 892 Salust.
1122 860 1215 891 Hist.
1241 859 1310 892 III.
1358 860 1461 900 Quod
1492 860 1528 891 in
1555 859 1633 892 cod.
1663 860 1732 892 Gn.

209 907 269 950 qui
287 906 385 939 solus
402 906 497 937 hunc
514 905 631 937 locum
650 905 808 943 exhibet,
827 904 1001 947 scriptum
1021 908 1077 936 est
1089 905 1204 945 faetus
1223 907 1260 936 et
1277 905 1425 943 adneaea,
1444 909 1545 937 recte
1564 905 1730 937 Lindem.

210 951 431 984 emendavit.
480 950 535 982 Ad
561 960 668 991 quam
693 959 769 981 rem
793 949 887 981 haec
912 949 1165 991 pertinuerint,
1194 949 1341 981 dubium
1365 960 1437 982 non
1463 953 1529 988 est,
1556 960 1636 981 cum
1661 950 1732 992 Ap-

209 998 339 1039 pianus
364 997 398 1028 b.
425 995 547 1028 Mithr.
568 995 669 1037 744).
689 993 755 1026 382
779 994 898 1026 Bekk.
926 994 970 1025 de
997 994 1176 1026 machinis
1204 1004 1225 1026 a
1249 997 1349 1026 terra
1372 994 1410 1025 111
1436 993 1563 1036 Cyzici
1587 995 1734 1027 moenia

211 1042 367 1074 admotis
400 1041 493 1072 11366
525 1039 737 1071 tradiderit:
776 1034 864 1076 τοὺς
895 1034 966 1080 μὲν
997 1030 1067 1071 οὖν
1099 1033 1230 1080 κριοὺς
1261 1038 1390 1076 λίθοις
1421 1032 1678 1079 οἷπεκοιύλιζον
1709 1031 1736 1083 ἦ

211 1082 362 1130 βρόχοις
387 1080 556 1118 ἀνέκλων
581 1076 607 1127 ἦ
631 1085 794 1127 φορμοῑς
820 1078 932 1126 ἐρίων
955 1083 1021 1127 τῆς
1047 1082 1133 1127 βίας
1160 1077 1323 1124 ἐξέλυον.

325 1164 378 1203 22
412 1163 491 1218 [Kr.
516 1168 571 1201 23.
603 1166 642 1201 G.
659 1161 736 1214 56].
797 1163 975 1214 Saxaque
1004 1164 1176 1212 ingentia
1207 1167 1244 1202 et
1273 1162 1391 1202 orbes
1420 1175 1491 1203 axe
1520 1164 1642 1202 iuncti
1663 1174 1735 1214 per

213 1244 384 1284 pronum
413 1230 696 1275 incitabantur,
736 1229 952 1281 axibusque
994 1229 1218 1269 eminebant
1249 1231 1288 1269 in
1317 1231 1479 1269 modum
1511 1231 1606 1270 erici
1635 1229 1733 1270 mili-

210 1301 304 1339 taris
335 1302 469 1339 veruta
497 1297 821 1348 binum'pedum.

324 1379 416 1410 Non.
443 1389 477 1420 p.
504 1376 587 1410 381:
619 1380 766 1408 verutum
797 1380 847 1408 est
879 1378 977 1408 telum
1009 1376 1107 1408 breve
1139 1380 1172 1408 et
1203 1380 1387 1418 anyustum.
1437 1375 1616 1409 Sallustius
1639 1377 1734 1417 Iiist.

212 1424 267 1456 lib.
299 1424 367 1455 III.
417 1422 521 1462 Quod
551 1421 637 1453 libri
669 1424 843 1462 conrupte
876 1421 1050 1453 exhibent
1087 1421 1206 1453 turbae
1237 1432 1348 1453 samue
1379 1423 1502 1459 iuncti,
1543 1421 1736 1454 Turnebus

211 1469 362 1500 Advers.
389 1467 512 1500 VIII-7
539 1466 767 1506 emendavit,
793 1476 863 1499 nec
889 1466 1006 1498 minus
1031 1469 1131 1498 recte
1157 1466 1330 1498 librorum
1354 1466 1523 1498 mendum
1547 1466 1735 1509 axibus-que

211 1513 379 1545 minebant
410 1511 617 1544 iamdudum
649 1513 859 1542 coni-ectum
891 1514 957 1542 est.
1007 1511 1157 1543 Ultuma
1182 1511 1297 1543 verba
1324 1511 1608 1543 conmemoravit
1633 1510 1735 1544 Serv.

215 1559 261 1590 ad
284 1559 394 1600 Verg.
422 1557 512 1589 Aen.
539 1556 589 1588 IX
613 1555 702 1587 505:
742 1556 892 1598 Namque
923 1557 957 1587 in
989 1566 1156 1588 armorum
1183 1556 1364 1597 generibus
1395 1557 1515 1588 milites
1539 1561 1669 1588 sumunt
1693 1556 1735 1588 ab

214 1603 409 1635 animalibus
433 1603 575 1638 nomina,
601 1605 635 1632 ut
662 1601 786 1642 ‘aries'3
836 1600 1036 1632 Sallustius:
1060 1601 1098 1631 in
1123 1601 1265 1632 modum
1289 1600 1384 1632 hirci
1410 1599 1545 1642 [ericii3
1579 1602 1609 1633 R
1639 1601 1736 1641 irici,

214 1649 245 1680 J.
270 1646 385 1689 hyrci]
412 1646 592 1683 militaris,
621 1656 663 1677 ex
688 1655 803 1687 eoque
828 1645 915 1677 Isid.
943 1645 1005 1677 Or.
1032 1646 1154 1677 XVIII
1182 1645 1234 1684 12,
1252 1645 1274 1677 6
1297 1657 1332 1688 p.
1351 1644 1428 1677 569.
1479 1646 1654 1685 Quamvis
1673 1656 1734 1678 au-

214 1697 289 1724 tem
314 1691 440 1724 talium
465 1691 716 1723 machinarum
741 1690 865 1731 Cyzici
892 1690 937 1722 ad
962 1690 1196 1722 defendunda
1227 1691 1373 1722 moenia
1396 1700 1499 1722 usum
1524 1690 1639 1723 fuisse
1663 1701 1736 1723 non

214 1738 434 1780 praestricte
460 1735 684 1778 negaverim,
711 1738 835 1767 tamen
860 1735 981 1766 fateor
1006 1735 1168 1777 aptiores
1187 1745 1249 1767 eas
1271 1736 1385 1767 fuisse
1409 1735 1450 1766 in
1472 1735 1615 1777 oppido,
1642 1735 1735 1777 quod

214 1784 253 1814 in
276 1782 357 1814 1060
384 1781 517 1813 adclivi
543 1780 651 1812 situm
677 1783 785 1812 esset.
836 1780 917 1820 Qua
941 1790 980 1812 re
1005 1780 1042 1811 in
1066 1780 1207 1812 incerto
1232 1779 1435 1822 relinquam
1460 1790 1581 1812 annon
1605 1780 1650 1812 de
1673 1780 1735 1812 ob-

215 1827 356 1860 sidione
372 1825 566 1868 Calaguris
581 1825 705 1867 oppidi
718 1825 811 1857 haec
825 1824 926 1857 dicta
940 1825 1055 1857 fuisse
1073 1825 1209 1857 rectius
1227 1825 1413 1857 censenda
1430 1825 1502 1857 sint
1520 1823 1606 1867 (vid.
1626 1825 1670 1857 fr.
1679 1823 1734 1867 6).
1796 1846 1806 1854 .

327 1916 411 1956 *23
445 1916 524 1969 [Kr.
545 1921 600 1952 24.
626 1904 667 1953 G.
691 1913 767 1966 58].
828 1914 875 1953 Ε1
905 1926 1025 1954 onere
1052 1915 1219 1954 turrium
1248 1915 1407 1953 incertis
1436 1914 1612 1954 navibus.

333 1995 433 2027 Serv.
462 1994 507 2026 ad
530 1995 640 2036 Verg.
667 1993 708 2026 A.
735 1994 751 2024 I
776 1992 859 2025 576:
895 1993 1073 2025 Contraria
1100 1994 1282 2025 ‘incertos'
1306 2004 1370 2035 pro
1396 1994 1509 2025 tardis
1538 1993 1736 2026 Sallustius:

217 2044 254 2072 et
279 2058 320 2063 —
345 2039 512 2073 navibus.
562 2039 651 2070 Cum
680 2039 718 2069 in
750 2037 914 2070 omnibus
945 2038 1108 2069 historiis
1139 2037 1259 2069 nullus
1291 2038 1390 2070 locus
1422 2037 1643 2080 reperiatur,
1673 2038 1736 2071 ubi

215 2090 334 2117 turres
358 2084 514 2116 navibus
540 2084 723 2125 inpositae
749 2082 898 2122 fuerint,
923 2083 994 2115 nisi
1011 2084 1050 2114 in
1067 2082 1193 2124 Cyzici
1210 2083 1409 2123 obsidione,
1437 2083 1524 2124 quin
1541 2083 1736 2116 illa-verba

215 2131 253 2161 in
276 2130 340 2161 lib.
368 2129 423 2161 111
446 2127 584 2160 fuerint
607 2138 678 2159 non
703 2126 951 2159 dubitandum.

330 2208 382 2246 24
415 2207 494 2259 [Kr.
516 2211 571 2243 ⁶25.
598 2208 636 2243 G.
659 2205 736 2259 62].
794 2205 892 2245 Nam
920 2206 988 2258 xqui
1017 2219 1135 2246 enare
1166 2207 1294 2246 conati
1323 2207 1491 2252 fuerant,
1523 2207 1588 2257 icti
1618 2218 1735 2258 saepe

216 2276 442 2326 fragmentis
460 2275 617 2312 navium
637 2278 702 2312 aut
723 2273 867 2312 adflicti
897 2273 1000 2312 alvos
1029 2274 1222 2313 undarum
1254 2275 1290 2313 vi
1319 2274 1488 2313 mulcato
1513 2273 1626 2313 foede
1642 2286 1733 2312 cor-

216 2355 312 2394 pore
342 2346 541 2395 postremo
573 2342 756 2380 interiere
789 2345 933 2380 tamen.

328 2420 420 2452 Non.
447 2430 482 2462 p.
508 2419 590 2451 275:
629 2420 750 2451 Tamen
774 2421 942 2462 signifieat
964 2421 1108 2452 tandem.
1141 2436 1183 2442 —-
1215 2420 1393 2452 Sallustius
1417 2421 1552 2453 Histor.
1584 2419 1638 2452 lib.
1663 2419 1732 2451 111:

215 2476 300 2498 nam
327 2465 387 2507 qui
412 2474 522 2496 enare
549 2464 671 2496 conati
695 2465 843 2496 fuerant
872 2465 938 2496 icti
969 2474 1080 2507 saepe
1113 2464 1304 2497 frumentis
1335 2465 1481 2497 navium
1515 2467 1578 2497 aut
1603 2464 1734 2496 afflicti

218 2511 316 2542 asnis
341 2509 517 2541 undarum
534 2509 571 2541 vi
588 2509 746 2540 mulcato
764 2509 848 2541 fede
867 2520 1029 2551 corpore,
1054 2512 1276 2551 postremum
1298 2510 1458 2541 inter-ent
1475 2513 1600 2541 tamen
1619 2511 1735 2547 [iteres

217 2566 282 2587 ms.
308 2555 406 2587 Vict.
431 2556 578 2586 inlereni
599 2553 658 2586 vel
683 2556 829 2585 intereat
846 2555 888 2593 L,
913 2555 1036 2586 iter-ert
1052 2553 1124 2596 WJ.
1166 2557 1270 2586 Arus.
1289 2565 1323 2596 p.
1350 2554 1436 2586 215:
1463 2554 1630 2595 Adflictas
1646 2556 1734 2586 illam

217 2611 297 2632 rem.
340 2599 412 2631 Sal.
437 2599 573 2631 Histor.
599 2599 671 2631 111:
699 2598 836 2630 adflicti
863 2599 987 2631 alveos
1014 2601 1120 2636 [alveo
1141 2599 1223 2636 Gn]
1249 2598 1426 2630 undarum
1452 2600 1498 2636 [vi
1511 2601 1629 2639 uterq.
1653 2598 1732 2630 cod.

217 2643 301 2686 om.]
334 2643 492 2676 mulcato
527 2646 689 2681 [maleato
716 2643 794 2675 cod.
820 2644 868 2674 M.
902 2646 1043 2675 male-ato
1070 2644 1158 2681 Gu.]
1192 2643 1404 2675 interibant.
1439 2660 1481 2665 ——-
1511 2643 1567 2674 De
1600 2653 1671 2684 qua
1695 2653 1733 2675 re

217 2690 312 2721 haec
338 2689 438 2720 dicta
462 2688 615 2727 fuerint,
642 2698 772 2729 nempe
797 2688 840 2719 de
868 2689 921 2720 eis
947 2688 1006 2729 qui
1031 2688 1068 2719 in
1093 2687 1250 2719 navibus
1273 2687 1494 2719 Mithridatis
1520 2688 1565 2719 ad
1589 2687 1734 2719 moenia

219 2734 345 2775 Cyzici
370 2733 534 2765 disiectis
558 2733 707 2764 fuerant
733 2731 836 2774 [App.
863 2733 897 2764 b.
923 2733 971 2764 M.
999 2732 1053 2764 74.
1080 2732 1176 2764 Plut.
1199 2732 1289 2764 Luc.
1312 2731 1379 2771 10]‚
1406 2732 1551 2766 dubium
1575 2743 1647 2764 non
1665 2734 1731 2764 est.

217 2778 388 2810 Mendum
420 2788 478 2819 ap.
510 2778 601 2810 Non.
631 2778 808 2818 frumentis
838 2778 974 2810 rectius
998 2777 1112 2809 Merc.
1140 2777 1348 2809 emendavit
1373 2777 1591 2819 fraqmentis,
1626 2786 1733 2818 quam

220 2823 283 2855 alii
310 2824 528 2863 ferramentis
559 2822 774 2854 scribentes.
831 2822 922 2854 Cum
961 2825 1082 2854 autem
1114 2822 1155 2853 ab
1185 2823 1253 2853 suis
1286 2822 1332 2853 ad
1364 2822 1584 2854 sententiam
1613 2831 1732 2863 paene

218 2868 380 2908 ineptum
405 2867 463 2906 sit,
489 2877 606 2908 ncquc
632 2867 733 2899 locus
751 2867 797 2899 ab
814 2867 992 2899 Arusiano
1019 2867 1154 2899 adferri
1179 2867 1348 2908 potuerit,
1374 2867 1446 2898 nisi
1465 2867 1502 2898 in
1519 2877 1560 2898 eo
1578 2865 1733 2908 scriptus

220 2911 351 2944 fuisset
377 2912 612 2944 aecusativus
635 2915 777 2954 partem
804 2912 965 2954 eorporis
990 2911 1214 2954 significans,
1241 2914 1332 2943 alvos
1356 2912 1482 2953 utique
1507 2910 1732 2953 probandum
