1826 3282
225 231 278 274 48
645 238 948 270 msromARvM
979 238 1063 266 111ss.
1095 238 1129 266 11
1157 230 1351 270 44—47«

224 346 367 378 lachius
393 341 674 385 eonprobavere.
722 342 772 372 Et
802 349 890 372 sane
916 349 1009 382 quae
1035 339 1131 382 apud
1153 339 1331 372 Isidorum
1355 340 1558 382 praemissa
1582 342 1666 371 sunt
1690 338 1744 372 eis
1780 369 1784 378 ,

226 390 346 422 doceri
376 389 529 426 videtur,
564 388 878 418 caussam-terrae
910 387 1026 416 motus
1053 384 1261 416 Sallustium
1292 385 1412 417 ventis
1445 395 1510 427 per
1541 395 1635 417 cava
1666 384 1744 416 eius

225 434 412 466 ruentibus
437 431 620 463 tribuisse.
670 430 733 462 Set
758 429 904 462 Servius
923 430 969 461 ad
986 430 1093 471 Verg.
1121 430 1185 461 Ge.
1205 429 1239 460 ΙΙ
1263 429 1346 461 479:
1374 430 1459 461 ‘Alii
1479 430 1592 461 dieunt
1615 433 1744 471 ventum

225 489 297 510 esse
323 479 355 508 in
379 479 534 508 concavis
557 480 684 509 terrae.
711 476 768 517 qui
789 478 894 506 motus
911 477 1008 506 etiam
1032 478 1159 505 terram
1183 478 1298 506 movet.
1341 473 1538 506 Sallustius:
1562 473 1664 506 venti
1680 483 1746 515 per

226 533 318 555 ‹zava
351 524 470 552 terrae
503 520 622 552 citati'
655 519 914 551 nominativum
946 521 1068 558 tuetur
1098 529 1216 560 neque
1241 519 1271 550 si
1298 518 1386 550 Sall.
1413 519 1451 550 in
1477 518 1548 556 eis,
1582 528 1675 559 quae
1707 518 1746 549 in
1789 538 1798 546 .

225 571 321 609 motu
346 569 467 597 terrae
492 564 593 604 fiunt,
619 565 732 606 primo
750 563 829 595 loco
848 566 975 596 ventos
992 563 1075 595 illos
1101 563 1272 604 posuerit,
1300 564 1496 605 quidquam
1521 563 1642 595 obstat
1659 572 1744 604 quo-

225 611 341 642 minus
367 610 623 652 grammatieos
648 609 731 640 inde
757 608 981 643 conclusisse
1006 610 1226 647 statuamus,
1262 618 1342 639 eum
1368 618 1507 650 quoque
1533 607 1745 649 scriptorem
1775 614 1785 619 Χ

224 659 353 688 ventos
377 659 493 686 motus
518 657 643 686 terrae*
665 663 815 685 caussas
840 656 1000 695 putasse.
1040 653 1119 684 Iam
1143 663 1229 685 vero
1254 652 1320 684 Iul.
1341 652 1556 694 Obsequens
1581 652 1625 683 de
1643 651 1743 693 prod.
1790 685 1793 687 ,

226 711 256 732 c.
287 699 361 739 120,
388 700 431 731 de
458 702 555 731 motu
580 702 699 730 terrae
726 707 794 739 quo
820 707 914 729 anno
932 696 976 729 76
1004 697 1120 729 Reate
1138 697 1308 739 oppidum
1326 704 1540 729 concussum
1559 699 1625 736 est;
1651 696 1746 727 haec

226 745 356 777 tradit:
396 745 503 776 Reate
543 748 660 775 terrae
697 747 785 775 motu
819 744 922 774 aedes
960 752 1083 774 sacrae
1122 746 1155 773 τη
1190 743 1316 783 oppido
1358 744 1517 784 agrisque
1555 745 1746 778 commotae,

224 800 315 822 sama
340 789 455 831 quihus
482 789 594 830 forum
623 792 765 819 stratum
797 791 872 819 erat
897 789 1064 823 discussa,
1095 791 1217 828 pontes
1241 788 1440 828 interrupti,
1473 787 1573 827 ripae
1605 785 1748 818 labentis

224 835 364 876 [luminis
389 835 422 865 in
447 844 566 875 aquam
589 835 801 874 provolutae,
831 832 986 872 fremitus
1009 832 1137 872 inferni
1159 832 1329 868 exauditi,
1363 836 1396 863 et
1420 835 1500 872 post
1523 840 1651 871 pauc-os
1675 830 1748 862 dies

227 890 312 921 quae
337 888 500 911 concussa
524 882 623 910 erant
647 881 848 909 corruerunt
856 889 867 913 ‚·
891 886 1012 908 saxum
1035 877 1136 907 vivum
1160 887 1230 907 eum
1254 878 1524 917 provolveretur,
1558 877 1591 907 in
1614 876 1748 916 praeet-

222 926 291 966 pitz‘
312 934 396 964 rupe
420 923 578 955 immobile
603 925 708 954 stetit.
755 922 884 953 Nonne
901 921 1013 962 igitur
1031 921 1091 962 qui
1115 920 1250 952 inferni
1276 920 1437 951 exauditi
1468 923 1550 951 sunt
1582 919 1748 951 fremitus

228 969 327 1001 venti
352 968 455 1000 fuere
480 978 546 1010 per
570 977 663 999 cava
688 970 809 998 terrae
836 966 965 997 citati?
1003 966 1131 997 Nonne
1150 965 1244 1006 quod
1268 965 1392 996 statim
1411 964 1636 1006 adiungitur:
1663 974 1748 1006 quae

191 1047 196 1050 ,
225 1023 390 1046 concussa
413 1017 529 1049 erant,
556 1015 773 1048 corruerunt,
800 1011 837 1042 id
863 1020 943 1042 cum
970 1009 1204 1042 Sallustianis
1229 1012 1323 1051 rupti
1346 1011 1472 1051 aliquot
1496 1013 1623 1041 montes
1646 1013 1748 1040 tumu-

226 1060 314 1101 lique
344 1058 465 1090 sedere
498 1057 681 1089 concinit?
730 1055 834 1095 Quod
859 1055 890 1087 si
922 1058 1021 1086 recte
1055 1054 1247 1086 statuimus
1280 1054 1347 1085 Iul.
1375 1053 1644 1096 Obsequentem
1669 1052 1747 1085 Sal-

226 1103 315 1135 lusti
340 1102 619 1144 descriptionem
637 1101 793 1139 novisse,
821 1109 938 1141 neque
957 1099 1003 1131 ad
1021 1103 1127 1141 quani
1145 1109 1219 1131 rem
1236 1098 1340 1130 huius
1358 1098 1471 1131 verba
1494 1097 1748 1141 pertinuerint,

227 1158 344 1190 neque
371 1157 439 1189 quo
463 1147 544 1179 loco
569 1145 738 1188 ponenda
763 1145 846 1184 sint,
873 1145 910 1176 in
935 1144 1087 1176 obscuro
1115 1147 1180 1176 est.

1390 1199 1405 1210 x

343 1225 433 1257 Cum
458 1225 664 1266 fragmenta
690 1223 869 1265 quaedam
895 1233 938 1255 ex
962 1222 1054 1254 libro
1078 1222 1114 1254 II
1139 1224 1462 1261 conmemorentur,
1489 1231 1582 1263 quae
1606 1221 1678 1252 nisi
1703 1220 1749 1253 ad

175 1308 178 1310 v
227 1270 334 1304 initia
357 1270 447 1302 belli
471 1269 710 1300 Mithridatici
735 1268 953 1306 referantur,
979 1277 1124 1309 prorsus
1149 1267 1316 1309 intellegi
1340 1277 1413 1298 non
1429 1266 1583 1309 possint,
1609 1265 1748 1297 Kritzio

228 1318 422 1349 obsecutus
446 1314 502 1346 his
528 1313 760 1355 adiungenda
777 1315 876 1354 puto,
903 1322 996 1353 quae
1015 1312 1061 1343 ad
1078 1312 1182 1354 regni
1198 1311 1342 1344 Pontici
1364 1311 1522 1353 origines
1549 1313 1586 1342 et
1609 1309 1748 1342 Mithri-

228 1362 323 1394 datis
349 1363 434 1392 ante
461 1362 582 1391 actam
606 1358 718 1391 vitam
743 1357 961 1399 pertinuisse
987 1360 1151 1399 apertum
1177 1357 1234 1388 sit.

343 1428 429 1465 ³³44
462 1425 541 1478 [Kr.
566 1430 621 1463 53.
653 1427 691 1463 G.
715 1422 852 1476 [1132]
905 1422 1053 1474 Ampel.
1089 1422 1154 1462 lib.
1182 1435 1344 1462 memor.
1378 1435 1410 1461 c.
1442 1421 1508 1468 30,
1541 1434 1581 1473 p.
1605 1420 1658 1460 23
1689 1433 1746 1473 sq.
1817 1415 1819 1422 '

229 1495 288 1535 ed.
320 1493 510 1534 Walfflin:
542 1494 607 1532 Ita
638 1493 786 1531 Darius
815 1502 981 1540 requam
1011 1493 1189 1540 optinuit,
1223 1502 1248 1529 a
1279 1502 1354 1539 quo
1385 1490 1604 1529 Artabazes
1627 1490 1747 1537 oriol-

228 1574 315 1603 uem
355 1563 484 1611 ducit,
521 1571 633 1609 quem
666 1559 907 1598 conditorem
946 1560 1062 1607 requi
1097 1559 1343 1597 Mtttzre'datis
1375 1557 1505 1605 fuisse
1543 1558 1751 1603 confirmat

228 1631 440 1669 Sallustius
479 1629 653 1676 Crispus.
721 1627 941 1665 Artabazes
979 1625 1103 1664 Halm.
1143 1637 1187 1663 ex
1216 1623 1346 1663 Floro.
1378 1623 1393 1662 l
1425 1624 1500 1668 40,
1534 1624 1566 1661 1.
1624 1626 1748 1661 Arta-

228 1699 349 1737 banes
380 1695 452 1735 GE.

343 1776 428 1814 *45
469 1773 548 1826 [Kr.
575 1778 630 1810 54.
664 1774 702 1810 G.
725 1773 767 1809 111
792 1769 868 1823 33].
929 1771 995 1810 Set
1023 1769 1264 1809 Mithridates
1296 1773 1469 1809 extrema
1497 1769 1663 1820 pueritia
1686 1780 1748 1807 re-

229 1853 347 1893 gnum
378 1842 577 1892 ingressus
604 1846 728 1878 matre
757 1850 826 1877 sua
854 1850 1011 1877 veneno
1035 1837 1251 1876 interfecta.

341 1908 480 1940 Adtulit
505 1907 597 1939 haec
624 1906 723 1938 Serv.
752 1906 797 1937 ad
822 1906 931 1947 Verg.
957 1905 1047 1936 Aen.
1074 1905 1105 1936 V
1129 1903 1206 1944 295,
1235 1914 1302 1945 quo
1329 1906 1471 1935 aetates
1495 1903 1595 1936 vitae
1620 1902 1747 1935 huma-

227 1965 298 1987 nae
323 1953 504 1986 trifariam
529 1952 641 1984 dividi
665 1951 886 1990 ostenderet,
912 1949 995 1981 libri
1019 1959 1168 1981 numero
1193 1959 1264 1980 non
1290 1948 1444 1980 adiecto.

342 2033 428 2071 *46
461 2030 540 2083 [Kr.
563 2035 618 2068 55.
653 2032 691 2068 G.
715 2027 853 2080 11133]
907 2027 1036 2067 Schol.
1070 2028 1238 2066 Gronov.
1272 2026 1320 2066 ad
1357 2026 1434 2065 Cic.
1477 2026 1524 2065 de
1562 2027 1641 2077 inp.
1672 2025 1746 2065 Gn.

227 2101 364 2151 Pomp.
396 2098 440 2143 9,
475 2097 527 2136 22
566 2109 602 2148 p.
633 2096 714 2135 439
747 2095 807 2134 ed.
840 2093 979 2133 O1·ell.:
1014 2094 1284 2143 [neon-aruum
1322 2096 1478 2133 videtur
1511 2094 1747 2142 exemplum.

227 2168 333 2215 quod
351 2166 584 2214 imperatori
603 2164 798 2211 seminam
823 2164 1078 2211 comparavit,
1108 2163 1180 2200 sed
1202 2155 1381 2200 exomni
1401 2166 1523 2210 parte
1543 2161 1755 2209 quadrare*
1786 2169 1790 2172 ·

226 2237 486 2272 monstratur:
510 2233 682 2281 primum
701 2242 753 2269 ex
781 2232 876 2280 loeo,
909 2230 1015 2278 quod
1034 2229 1288 2267 Mithridates
1308 2229 1492 2267 Ponticus
1521 2227 1617 2279 suit,
1646 2238 1748 2276 quae

219 2302 359 2350 patria
393 2299 558 2337 Medeae
584 2302 661 2342 est‚·
691 2309 743 2335 ex
768 2297 879 2348 fato,
904 2296 1010 2345 quod
1038 2300 1080 2334 ut
1107 2297 1176 2335 uta
1198 2296 1443 2344 panadium
1469 2294 1591 2346 feeit,
1627 2295 1685 2333 sic
1711 2298 1751 2333 et

226 2370 296 2406 iste
322 2371 482 2404 auctore
511 2366 695 2404 Sallustio
724 2370 761 2403 et
782 2365 958 2411 fratrem
988 2366 1027 2401 et
1050 2374 1223 2401 sororem
1252 2364 1396 2402 oceidit
1423 2362 1480 2401 ad
1510 2365 1748 2417 postremum

226 2444 466 2483 comparans
494 2435 670 2471 exitium.
720 2431 797 2469 Pro
820 2431 1029 2482 postremis
1056 2429 1198 2474 verbis,
1227 2442 1326 2481 quae
1354 2430 1489 2468 insana
1519 2432 1620 2472 sunt,
1652 2428 1748 2466 scri·

227 2502 399 2541 bendum
431 2500 598 2539 conicio:
628 2500 685 2537 ad
707 2503 944 2548 postremum
973 2499 1094 2536 matri
1122 2491 1363 2546 comparans
1395 2495 1467 2547 (vel
1489 2493 1746 2547 comparavit)

226 2571 403 2608 exitium.
460 2566 573 2612 Quod
603 2566 635 2604 si
670 2577 747 2603 non
777 2564 882 2602 omni
917 2564 997 2602 veri
1027 2565 1157 2614 specie
1188 2567 1315 2608 caret,
1355 2563 1504 2601 maiore
1543 2563 1630 2600 iure
1671 2561 1747 2600 hoc

229 2648 317 2675 cum
339 2632 572 2687 praegresso
602 2632 820 2672 testimonio
851 2631 891 2669 in
915 2642 1037 2669 unum
1066 2631 1327 2681 fragmentum
1359 2630 1631 2680 coniungetur.

343 2726 427 2764 *47
462 2723 541 2776 [Kr.
563 2727 619 2761 56.
650 2725 688 2761 G.
710 2724 753 2760 111
775 2720 850 2773 34].
906 2720 1146 2759 Mithridates
1177 2719 1324 2770 ingenti
1354 2730 1542 2780 corpore,
1584 2716 1748 2768 perinde

228 2797 413 2832 armatus.

312 2856 315 2861 ’
342 2858 493 2898 Quintil.
519 2858 543 2889 i.
571 2868 621 2889 or.
647 2856 735 2888 VIII
759 2854 791 2895 3,
817 2853 877 2887 82:
904 2865 945 2886 ac
967 2856 1085 2886 merito
1110 2853 1269 2887 laudatur
1292 2852 1439 2884 brevitas
1459 2853 1604 2892 integra,
1628 2851 1694 2882 sed
1707 2860 1750 2882 ea

228 2908 332 2935 minus
354 2907 521 2945 praestat,
548 2902 700 2944 quotiens
717 2901 798 2933 m'lu'l
813 2900 894 2932 dicit
909 2900 976 2931 nisi
991 2899 1082 2941 quod
1096 2908 1232 2930 neeesse
1249 2901 1299 2929 est
1324 2894 1600 2939 (βραχυλογίαν
1615 2899 1748 2937 vocant,
