<?xml version="1.0" encoding="UTF-8"?>
<!DOCTYPE html PUBLIC "-//W3C//DTD XHTML 1.0 Transitional//EN"
    "http://www.w3.org/TR/xhtml1/DTD/xhtml1-transitional.dtd">
<html xmlns="http://www.w3.org/1999/xhtml" xml:lang="en" lang="en">
 <head>
  <title>
</title>
<meta http-equiv="Content-Type" content="text/html;charset=utf-8" />
  <meta name='ocr-system' content='tesseract 3.04.00' />
  <meta name='ocr-capabilities' content='ocr_page ocr_carea ocr_par ocr_line ocrx_word'/>
</head>
<body>
  <div class='ocr_page' id='page_1' title='image "./quaesupersunt02salluoft_0063.png"; bbox 0 0 1826 3282; ppageno 0'>
   <div class='ocr_carea' id='block_1_1' title="bbox 565 173 585 181">
    <p class='ocr_par' dir='ltr' id='par_1_1' title="bbox 565 173 585 181">
     <span class='ocr_line' id='line_1_1' title="bbox 565 173 585 181; baseline 0 0"><span class='ocrx_word' id='word_1_1' title='bbox 565 173 585 181; x_wconf 46' lang='grc' dir='ltr'>ς</span> 
     </span>
    </p>
   </div>
   <div class='ocr_carea' id='block_1_2' title="bbox 522 227 1620 284">
    <p class='ocr_par' dir='ltr' id='par_1_2' title="bbox 522 227 1620 284">
     <span class='ocr_line' id='line_1_2' title="bbox 522 227 1620 284; baseline -0.005 -2"><span class='ocrx_word' id='word_1_2' title='bbox 522 254 821 282; x_wconf 74' lang='lat' dir='ltr'>nis‘romARvM</span> <span class='ocrx_word' id='word_1_3' title='bbox 851 255 936 280; x_wconf 74' lang='lat' dir='ltr'>Lm.</span> <span class='ocrx_word' id='word_1_4' title='bbox 966 254 998 280; x_wconf 91' lang='lat'>11</span> <span class='ocrx_word' id='word_1_5' title='bbox 1028 245 1203 284; x_wconf 78' lang='grc'><strong>67-71,</strong></span> <span class='ocrx_word' id='word_1_6' title='bbox 1567 227 1620 278; x_wconf 80' lang='grc'>55</span> 
     </span>
    </p>
   </div>
   <div class='ocr_carea' id='block_1_3' title="bbox 74 352 1624 1208">
    <p class='ocr_par' dir='ltr' id='par_1_3' title="bbox 74 352 1624 1208">
     <span class='ocr_line' id='line_1_3' title="bbox 99 352 1622 397; baseline -0.003 -9"><span class='ocrx_word' id='word_1_7' title='bbox 99 355 186 389; x_wconf 82' lang='lat' dir='ltr'>dare</span> <span class='ocrx_word' id='word_1_8' title='bbox 212 355 372 388; x_wconf 81' lang='lat' dir='ltr'><strong>facilius.</strong></span> <span class='ocrx_word' id='word_1_9' title='bbox 418 356 541 388; x_wconf 78' lang='lat' dir='ltr'>Etiam</span> <span class='ocrx_word' id='word_1_10' title='bbox 564 354 678 387; x_wconf 88' lang='lat' dir='ltr'>multo</span> <span class='ocrx_word' id='word_1_11' title='bbox 702 355 820 386; x_wconf 90' lang='lat' dir='ltr'>minus</span> <span class='ocrx_word' id='word_1_12' title='bbox 845 354 1083 397; x_wconf 74' lang='lat' dir='ltr'>perspicitur,</span> <span class='ocrx_word' id='word_1_13' title='bbox 1111 364 1179 396; x_wconf 93' lang='lat' dir='ltr'>quo</span> <span class='ocrx_word' id='word_1_14' title='bbox 1203 353 1351 385; x_wconf 86' lang='lat' dir='ltr'>tandem</span> <span class='ocrx_word' id='word_1_15' title='bbox 1375 352 1479 387; x_wconf 88' lang='lat' dir='ltr'>modo</span> <span class='ocrx_word' id='word_1_16' title='bbox 1505 363 1550 384; x_wconf 81' lang='lat' dir='ltr'>ex</span> <span class='ocrx_word' id='word_1_17' title='bbox 1573 355 1622 384; x_wconf 87' lang='lat' dir='ltr'>in—</span> 
     </span>
     <span class='ocr_line' id='line_1_4' title="bbox 98 397 1621 444; baseline -0.003 -10"><span class='ocrx_word' id='word_1_18' title='bbox 98 403 180 434; x_wconf 81' lang='lat' dir='ltr'>cidit</span> <span class='ocrx_word' id='word_1_19' title='bbox 205 400 284 433; x_wconf 85' lang='lat' dir='ltr'>fleri</span> <span class='ocrx_word' id='word_1_20' title='bbox 309 401 468 444; x_wconf 84' lang='lat' dir='ltr'>potuerit</span> <span class='ocrx_word' id='word_1_21' title='bbox 498 410 572 433; x_wconf 89' lang='lat' dir='ltr'>non</span> <span class='ocrx_word' id='word_1_22' title='bbox 601 399 707 432; x_wconf 84' lang='lat' dir='ltr'>modo</span> <span class='ocrx_word' id='word_1_23' title='bbox 731 401 867 435; x_wconf 81' lang='lat' dir='ltr'><em>indicit,</em></span> <span class='ocrx_word' id='word_1_24' title='bbox 902 403 959 431; x_wconf 86' lang='lat' dir='ltr'>set</span> <span class='ocrx_word' id='word_1_25' title='bbox 988 401 1115 431; x_wconf 79' lang='lat' dir='ltr'><em>inducit</em></span> <span class='ocrx_word' id='word_1_26' title='bbox 1147 402 1257 440; x_wconf 87' lang='lat' dir='ltr'>atque</span> <span class='ocrx_word' id='word_1_27' title='bbox 1289 401 1324 430; x_wconf 82' lang='lat' dir='ltr'>in</span> <span class='ocrx_word' id='word_1_28' title='bbox 1355 399 1452 430; x_wconf 82' lang='lat' dir='ltr'>diem.</span> <span class='ocrx_word' id='word_1_29' title='bbox 1500 397 1564 429; x_wconf 87' lang='lat' dir='ltr'>Set</span> <span class='ocrx_word' id='word_1_30' title='bbox 1587 398 1621 429; x_wconf 87' lang='lat' dir='ltr'>in</span> 
     </span>
     <span class='ocr_line' id='line_1_5' title="bbox 99 443 1621 488; baseline -0.004 -8"><span class='ocrx_word' id='word_1_31' title='bbox 99 448 184 480; x_wconf 82' lang='lat' dir='ltr'>diem</span> <span class='ocrx_word' id='word_1_32' title='bbox 208 446 238 478; x_wconf 85' lang='lat' dir='ltr'>si</span> <span class='ocrx_word' id='word_1_33' title='bbox 265 445 656 488; x_wconf 82' lang='lat' dir='ltr'>sequebatur-syllaba</span> <span class='ocrx_word' id='word_1_34' title='bbox 682 445 728 477; x_wconf 83' lang='lat' dir='ltr'>ab</span> <span class='ocrx_word' id='word_1_35' title='bbox 753 445 786 477; x_wconf 87' lang='lat' dir='ltr'>ci</span> <span class='ocrx_word' id='word_1_36' title='bbox 808 445 1007 486; x_wconf 85' lang='lat' dir='ltr'>incipiens,</span> <span class='ocrx_word' id='word_1_37' title='bbox 1040 446 1073 476; x_wconf 87' lang='lat' dir='ltr'>in</span> <span class='ocrx_word' id='word_1_38' title='bbox 1105 444 1232 476; x_wconf 78' lang='lat' dir='ltr'><em>inducit</em></span> <span class='ocrx_word' id='word_1_39' title='bbox 1263 447 1300 475; x_wconf 84' lang='lat' dir='ltr'>et</span> <span class='ocrx_word' id='word_1_40' title='bbox 1329 444 1456 475; x_wconf 79' lang='lat' dir='ltr'><strong><em>inducit</em></strong></span> <span class='ocrx_word' id='word_1_41' title='bbox 1487 443 1621 475; x_wconf 84' lang='lat' dir='ltr'>mutari</span> 
     </span>
     <span class='ocr_line' id='line_1_6' title="bbox 99 486 1620 534; baseline -0.003 -11"><span class='ocrx_word' id='word_1_42' title='bbox 99 491 263 534; x_wconf 88' lang='lat' dir='ltr'>proclive</span> <span class='ocrx_word' id='word_1_43' title='bbox 290 491 371 523; x_wconf 82' lang='lat' dir='ltr'>fuit.</span> <span class='ocrx_word' id='word_1_44' title='bbox 421 491 517 531; x_wconf 90' lang='lat' dir='ltr'>Quid</span> <span class='ocrx_word' id='word_1_45' title='bbox 541 493 663 522; x_wconf 86' lang='lat' dir='ltr'>autem</span> <span class='ocrx_word' id='word_1_46' title='bbox 688 486 856 532; x_wconf 75' lang='lat' dir='ltr'>piscandi</span> <span class='ocrx_word' id='word_1_47' title='bbox 881 492 936 521; x_wconf 86' lang='lat' dir='ltr'>est</span> <span class='ocrx_word' id='word_1_48' title='bbox 961 489 1176 521; x_wconf 85' lang='lat' dir='ltr'>consilium?</span> <span class='ocrx_word' id='word_1_49' title='bbox 1223 488 1374 521; x_wconf 81' lang='lat' dir='ltr'>Scilicet</span> <span class='ocrx_word' id='word_1_50' title='bbox 1392 488 1493 520; x_wconf 84' lang='lat' dir='ltr'>cibos</span> <span class='ocrx_word' id='word_1_51' title='bbox 1510 498 1620 529; x_wconf 85' lang='lat' dir='ltr'>quae-</span> 
     </span>
     <span class='ocr_line' id='line_1_7' title="bbox 100 533 1622 579; baseline -0.003 -10"><span class='ocrx_word' id='word_1_52' title='bbox 100 547 193 568; x_wconf 86' lang='lat' dir='ltr'><strong>rere.</strong></span> <span class='ocrx_word' id='word_1_53' title='bbox 241 537 369 569; x_wconf 86' lang='lat' dir='ltr'>Nonne</span> <span class='ocrx_word' id='word_1_54' title='bbox 393 536 507 579; x_wconf 82' lang='lat' dir='ltr'>igitur</span> <span class='ocrx_word' id='word_1_55' title='bbox 530 535 608 568; x_wconf 91' lang='lat' dir='ltr'>veri</span> <span class='ocrx_word' id='word_1_56' title='bbox 633 534 750 567; x_wconf 87' lang='lat' dir='ltr'>simile</span> <span class='ocrx_word' id='word_1_57' title='bbox 777 537 848 574; x_wconf 78' lang='lat' dir='ltr'>est,</span> <span class='ocrx_word' id='word_1_58' title='bbox 882 534 919 566; x_wconf 87' lang='lat' dir='ltr'>in</span> <span class='ocrx_word' id='word_1_59' title='bbox 944 534 1008 566; x_wconf 93' lang='lat' dir='ltr'>illo</span> <span class='ocrx_word' id='word_1_60' title='bbox 1033 535 1153 566; x_wconf 79' lang='lat' dir='ltr'>indicit</span> <span class='ocrx_word' id='word_1_61' title='bbox 1176 533 1294 565; x_wconf 87' lang='lat' dir='ltr'>latere</span> <span class='ocrx_word' id='word_1_62' title='bbox 1326 536 1369 574; x_wconf 29' lang='lat' dir='ltr'>in·</span> <span class='ocrx_word' id='word_1_63' title='bbox 1384 535 1470 565; x_wconf 82' lang='lat' dir='ltr'>diem</span> <span class='ocrx_word' id='word_1_64' title='bbox 1493 533 1622 565; x_wconf 78' lang='lat' dir='ltr'>cibum?</span> 
     </span>
     <span class='ocr_line' id='line_1_8' title="bbox 99 578 1623 623; baseline -0.003 -10"><span class='ocrx_word' id='word_1_65' title='bbox 99 579 268 623; x_wconf 64' lang='lat' dir='ltr'>Denique</span> <span class='ocrx_word' id='word_1_66' title='bbox 298 591 403 623; x_wconf 75' lang='lat' dir='ltr'>super</span> <span class='ocrx_word' id='word_1_67' title='bbox 432 585 560 614; x_wconf 83' lang='lat' dir='ltr'>noctem</span> <span class='ocrx_word' id='word_1_68' title='bbox 592 580 680 612; x_wconf 83' lang='lat' dir='ltr'>ferri</span> <span class='ocrx_word' id='word_1_69' title='bbox 711 589 782 611; x_wconf 88' lang='lat' dir='ltr'>non</span> <span class='ocrx_word' id='word_1_70' title='bbox 814 589 925 621; x_wconf 83' lang='lat' dir='ltr'>posse</span> <span class='ocrx_word' id='word_1_71' title='bbox 958 589 1082 611; x_wconf 83' lang='lat' dir='ltr'>omnes</span> <span class='ocrx_word' id='word_1_72' title='bbox 1112 578 1339 610; x_wconf 83' lang='lat' dir='ltr'>intellexere.</span> <span class='ocrx_word' id='word_1_73' title='bbox 1390 578 1453 610; x_wconf 84' lang='lat' dir='ltr'>Set</span> <span class='ocrx_word' id='word_1_74' title='bbox 1476 588 1561 610; x_wconf 89' lang='lat' dir='ltr'>num</span> <span class='ocrx_word' id='word_1_75' title='bbox 1585 578 1623 610; x_wconf 91' lang='lat' dir='ltr'>id</span> 
     </span>
     <span class='ocr_line' id='line_1_9' title="bbox 101 623 1624 667; baseline -0.002 -9"><span class='ocrx_word' id='word_1_76' title='bbox 101 626 147 658; x_wconf 88' lang='lat' dir='ltr'>ab</span> <span class='ocrx_word' id='word_1_77' title='bbox 165 626 326 658; x_wconf 83' lang='lat' dir='ltr'>librariis</span> <span class='ocrx_word' id='word_1_78' title='bbox 343 626 504 658; x_wconf 83' lang='lat' dir='ltr'>lubidine</span> <span class='ocrx_word' id='word_1_79' title='bbox 523 625 679 667; x_wconf 82' lang='lat' dir='ltr'>quadam</span> <span class='ocrx_word' id='word_1_80' title='bbox 697 626 872 666; x_wconf 86' lang='lat' dir='ltr'>scriptum</span> <span class='ocrx_word' id='word_1_81' title='bbox 889 624 1065 663; x_wconf 84' lang='lat' dir='ltr'>dicamus,</span> <span class='ocrx_word' id='word_1_82' title='bbox 1090 634 1208 656; x_wconf 87' lang='lat' dir='ltr'>nonne</span> <span class='ocrx_word' id='word_1_83' title='bbox 1233 624 1355 666; x_wconf 86' lang='lat' dir='ltr'>potius</span> <span class='ocrx_word' id='word_1_84' title='bbox 1367 634 1406 655; x_wconf 77' lang='lat' dir='ltr'>su</span> <span class='ocrx_word' id='word_1_85' title='bbox 1424 634 1469 655; x_wconf 86' lang='lat' dir='ltr'>ex</span> <span class='ocrx_word' id='word_1_86' title='bbox 1484 623 1624 655; x_wconf 85' lang='lat' dir='ltr'>ultuma</span> 
     </span>
     <span class='ocr_line' id='line_1_10' title="bbox 99 668 1624 714; baseline -0.002 -11"><span class='ocrx_word' id='word_1_87' title='bbox 99 670 355 714; x_wconf 85' lang='lat' dir='ltr'>praecedentis</span> <span class='ocrx_word' id='word_1_88' title='bbox 380 670 551 703; x_wconf 81' lang='lat' dir='ltr'>vocabuli</span> <span class='ocrx_word' id='word_1_89' title='bbox 576 669 721 710; x_wconf 83' lang='lat' dir='ltr'>syllaba</span> <span class='ocrx_word' id='word_1_90' title='bbox 744 670 896 701; x_wconf 76' lang='lat' dir='ltr'>natum?</span> <span class='ocrx_word' id='word_1_91' title='bbox 934 670 987 701; x_wconf 89' lang='lat' dir='ltr'>Ac</span> <span class='ocrx_word' id='word_1_92' title='bbox 1008 669 1122 701; x_wconf 85' lang='lat' dir='ltr'>facile</span> <span class='ocrx_word' id='word_1_93' title='bbox 1148 668 1228 710; x_wconf 88' lang='lat' dir='ltr'>quis</span> <span class='ocrx_word' id='word_1_94' title='bbox 1247 669 1292 700; x_wconf 85' lang='lat' dir='ltr'>ad</span> <span class='ocrx_word' id='word_1_95' title='bbox 1318 679 1399 700; x_wconf 86' lang='lat' dir='ltr'>eam</span> <span class='ocrx_word' id='word_1_96' title='bbox 1416 669 1624 710; x_wconf 83' lang='lat' dir='ltr'>opinionem</span> 
     </span>
     <span class='ocr_line' id='line_1_11' title="bbox 100 713 1623 755; baseline -0.002 -7"><span class='ocrx_word' id='word_1_97' title='bbox 100 715 304 748; x_wconf 79' lang='lat' dir='ltr'>adducatur</span> <span class='ocrx_word' id='word_1_98' title='bbox 326 719 366 748; x_wconf 88' lang='lat' dir='ltr'>ut</span> <span class='ocrx_word' id='word_1_99' title='bbox 390 716 427 747; x_wconf 90' lang='lat' dir='ltr'>in</span> <span class='ocrx_word' id='word_1_100' title='bbox 452 715 528 747; x_wconf 86' lang='lat' dir='ltr'>illis</span> <span class='ocrx_word' id='word_1_101' title='bbox 553 714 706 755; x_wconf 74' lang='lat' dir='ltr'>syllabis</span> <span class='ocrx_word' id='word_1_102' title='bbox 731 714 882 746; x_wconf 88' lang='lat' dir='ltr'>verbum</span> <span class='ocrx_word' id='word_1_103' title='bbox 907 718 1071 755; x_wconf 85' lang='lat' dir='ltr'>quaerat,</span> <span class='ocrx_word' id='word_1_104' title='bbox 1097 714 1191 745; x_wconf 88' lang='lat' dir='ltr'>unde</span> <span class='ocrx_word' id='word_1_105' title='bbox 1209 713 1370 755; x_wconf 80' lang='lat' dir='ltr'>pendeat</span> <span class='ocrx_word' id='word_1_106' title='bbox 1387 714 1623 749; x_wconf 82' lang='lat' dir='ltr'>accusativus</span> 
     </span>
     <span class='ocr_line' id='line_1_12' title="bbox 99 758 1623 801; baseline -0.001 -9"><span class='ocrx_word' id='word_1_107' title='bbox 99 761 214 793; x_wconf 84' lang='lat' dir='ltr'>cibum.</span> <span class='ocrx_word' id='word_1_108' title='bbox 247 760 339 793; x_wconf 85' lang='lat' dir='ltr'>Cum</span> <span class='ocrx_word' id='word_1_109' title='bbox 354 771 441 793; x_wconf 90' lang='lat' dir='ltr'>vero</span> <span class='ocrx_word' id='word_1_110' title='bbox 459 759 613 792; x_wconf 85' lang='lat' dir='ltr'>difficile</span> <span class='ocrx_word' id='word_1_111' title='bbox 631 759 679 791; x_wconf 86' lang='lat' dir='ltr'>sit</span> <span class='ocrx_word' id='word_1_112' title='bbox 691 759 842 792; x_wconf 90' lang='lat' dir='ltr'>verbum</span> <span class='ocrx_word' id='word_1_113' title='bbox 859 759 1037 798; x_wconf 89' lang='lat' dir='ltr'>invenire,</span> <span class='ocrx_word' id='word_1_114' title='bbox 1057 759 1150 801; x_wconf 88' lang='lat' dir='ltr'>quod</span> <span class='ocrx_word' id='word_1_115' title='bbox 1168 762 1204 790; x_wconf 86' lang='lat' dir='ltr'>et</span> <span class='ocrx_word' id='word_1_116' title='bbox 1222 758 1420 800; x_wconf 85' lang='lat' dir='ltr'>quaerendi</span> <span class='ocrx_word' id='word_1_117' title='bbox 1437 759 1623 791; x_wconf 88' lang='lat' dir='ltr'>notionem</span> 
     </span>
     <span class='ocr_line' id='line_1_13' title="bbox 74 803 1622 846; baseline -0.003 -8"><span class='ocrx_word' id='word_1_118' title='bbox 74 831 82 837; x_wconf 71' lang='lat'>.</span> <span class='ocrx_word' id='word_1_119' title='bbox 100 806 288 838; x_wconf 82' lang='lat' dir='ltr'>contineat</span> <span class='ocrx_word' id='word_1_120' title='bbox 306 809 342 838; x_wconf 89' lang='lat' dir='ltr'>et</span> <span class='ocrx_word' id='word_1_121' title='bbox 358 805 632 837; x_wconf 85' lang='lat' dir='ltr'>similitudinem</span> <span class='ocrx_word' id='word_1_122' title='bbox 651 804 833 846; x_wconf 86' lang='lat' dir='ltr'>quandam</span> <span class='ocrx_word' id='word_1_123' title='bbox 849 803 994 836; x_wconf 86' lang='lat' dir='ltr'>illarum</span> <span class='ocrx_word' id='word_1_124' title='bbox 1016 804 1232 843; x_wconf 80' lang='lat' dir='ltr'>litterarum,</span> <span class='ocrx_word' id='word_1_125' title='bbox 1261 806 1386 835; x_wconf 82' lang='lat' dir='ltr'>contra</span> <span class='ocrx_word' id='word_1_126' title='bbox 1404 803 1496 835; x_wconf 90' lang='lat' dir='ltr'>nihil</span> <span class='ocrx_word' id='word_1_127' title='bbox 1519 805 1622 846; x_wconf 90' lang='lat' dir='ltr'>inpe-</span> 
     </span>
     <span class='ocr_line' id='line_1_14' title="bbox 99 849 1624 893; baseline -0.002 -10"><span class='ocrx_word' id='word_1_128' title='bbox 99 850 188 890; x_wconf 78' lang='lat' dir='ltr'>diat,</span> <span class='ocrx_word' id='word_1_129' title='bbox 203 861 272 893; x_wconf 92' lang='lat' dir='ltr'>quo</span> <span class='ocrx_word' id='word_1_130' title='bbox 286 851 404 882; x_wconf 88' lang='lat' dir='ltr'>minus</span> <span class='ocrx_word' id='word_1_131' title='bbox 418 851 568 883; x_wconf 89' lang='lat' dir='ltr'>verbum</span> <span class='ocrx_word' id='word_1_132' title='bbox 583 853 645 882; x_wconf 83' lang='lat' dir='ltr'>aut</span> <span class='ocrx_word' id='word_1_133' title='bbox 656 851 904 892; x_wconf 82' lang='lat' dir='ltr'>praecessisse</span> <span class='ocrx_word' id='word_1_134' title='bbox 920 852 983 881; x_wconf 82' lang='lat' dir='ltr'>aut</span> <span class='ocrx_word' id='word_1_135' title='bbox 996 852 1160 881; x_wconf 78' lang='lat' dir='ltr'>secutum</span> <span class='ocrx_word' id='word_1_136' title='bbox 1176 859 1256 880; x_wconf 90' lang='lat' dir='ltr'>esse</span> <span class='ocrx_word' id='word_1_137' title='bbox 1268 851 1484 888; x_wconf 82' lang='lat' dir='ltr'>statuamus,</span> <span class='ocrx_word' id='word_1_138' title='bbox 1500 849 1624 890; x_wconf 89' lang='lat' dir='ltr'>quidni</span> 
     </span>
     <span class='ocr_line' id='line_1_15' title="bbox 98 892 1622 938; baseline -0.001 -11"><span class='ocrx_word' id='word_1_139' title='bbox 98 896 219 938; x_wconf 86' lang='lat' dir='ltr'>potius</span> <span class='ocrx_word' id='word_1_140' title='bbox 245 896 468 928; x_wconf 86' lang='lat' dir='ltr'>adiectivum</span> <span class='ocrx_word' id='word_1_141' title='bbox 494 906 574 928; x_wconf 91' lang='lat' dir='ltr'>eum</span> <span class='ocrx_word' id='word_1_142' title='bbox 598 895 703 927; x_wconf 79' lang='lat' dir='ltr'>cibum</span> <span class='ocrx_word' id='word_1_143' title='bbox 728 894 958 926; x_wconf 86' lang='lat' dir='ltr'>coniunctum</span> <span class='ocrx_word' id='word_1_144' title='bbox 982 894 1020 925; x_wconf 89' lang='lat' dir='ltr'>in</span> <span class='ocrx_word' id='word_1_145' title='bbox 1038 893 1111 925; x_wconf 88' lang='lat' dir='ltr'>illis</span> <span class='ocrx_word' id='word_1_146' title='bbox 1128 893 1325 925; x_wconf 86' lang='lat' dir='ltr'>inconditis</span> <span class='ocrx_word' id='word_1_147' title='bbox 1350 892 1483 925; x_wconf 85' lang='lat' dir='ltr'>litteris</span> <span class='ocrx_word' id='word_1_148' title='bbox 1500 894 1622 926; x_wconf 84' lang='lat' dir='ltr'>inesse</span> 
     </span>
     <span class='ocr_line' id='line_1_16' title="bbox 99 938 1622 983; baseline -0.003 -10"><span class='ocrx_word' id='word_1_149' title='bbox 99 941 294 983; x_wconf 79' lang='lat' dir='ltr'>putamus?</span> <span class='ocrx_word' id='word_1_150' title='bbox 340 941 382 972; x_wconf 91' lang='lat' dir='ltr'>Id</span> <span class='ocrx_word' id='word_1_151' title='bbox 406 940 494 972; x_wconf 88' lang='lat' dir='ltr'>mihi</span> <span class='ocrx_word' id='word_1_152' title='bbox 519 940 633 972; x_wconf 86' lang='lat' dir='ltr'>fuisse</span> <span class='ocrx_word' id='word_1_153' title='bbox 658 939 802 972; x_wconf 84' lang='lat' dir='ltr'>videtur</span> <span class='ocrx_word' id='word_1_154' title='bbox 822 940 1010 979; x_wconf 77' lang='lat' dir='ltr'>fortuitum.</span> <span class='ocrx_word' id='word_1_155' title='bbox 1059 939 1163 978; x_wconf 92' lang='lat' dir='ltr'>Quae</span> <span class='ocrx_word' id='word_1_156' title='bbox 1195 938 1270 970; x_wconf 87' lang='lat' dir='ltr'>iam</span> <span class='ocrx_word' id='word_1_157' title='bbox 1302 938 1418 970; x_wconf 91' lang='lat' dir='ltr'>omnis</span> <span class='ocrx_word' id='word_1_158' title='bbox 1442 938 1515 970; x_wconf 89' lang='lat' dir='ltr'>loci</span> <span class='ocrx_word' id='word_1_159' title='bbox 1540 949 1622 970; x_wconf 88' lang='lat' dir='ltr'>sen-</span> 
     </span>
     <span class='ocr_line' id='line_1_17' title="bbox 98 983 1621 1025; baseline -0.002 -8"><span class='ocrx_word' id='word_1_160' title='bbox 98 985 238 1018; x_wconf 78' lang='lat' dir='ltr'>tentia?</span> <span class='ocrx_word' id='word_1_161' title='bbox 276 985 404 1018; x_wconf 46' lang='lat' dir='ltr'>*Credo</span> <span class='ocrx_word' id='word_1_162' title='bbox 429 986 564 1017; x_wconf 89' lang='lat' dir='ltr'>dictum</span> <span class='ocrx_word' id='word_1_163' title='bbox 587 985 703 1017; x_wconf 81' lang='lat' dir='ltr'>fuisse</span> <span class='ocrx_word' id='word_1_164' title='bbox 728 984 772 1016; x_wconf 87' lang='lat' dir='ltr'>de</span> <span class='ocrx_word' id='word_1_165' title='bbox 797 984 959 1016; x_wconf 86' lang='lat' dir='ltr'>obsessis</span> <span class='ocrx_word' id='word_1_166' title='bbox 983 984 1020 1016; x_wconf 92' lang='lat' dir='ltr'>in</span> <span class='ocrx_word' id='word_1_167' title='bbox 1044 983 1126 1016; x_wconf 91' lang='lat' dir='ltr'>loco</span> <span class='ocrx_word' id='word_1_168' title='bbox 1152 983 1198 1015; x_wconf 86' lang='lat' dir='ltr'>ad</span> <span class='ocrx_word' id='word_1_169' title='bbox 1214 983 1362 1015; x_wconf 85' lang='lat' dir='ltr'>fluvium</span> <span class='ocrx_word' id='word_1_170' title='bbox 1380 983 1461 1022; x_wconf 88' lang='lat' dir='ltr'>sito,</span> <span class='ocrx_word' id='word_1_171' title='bbox 1489 984 1551 1025; x_wconf 92' lang='lat' dir='ltr'>qui</span> <span class='ocrx_word' id='word_1_172' title='bbox 1568 984 1621 1015; x_wconf 90' lang='lat' dir='ltr'>in-</span> 
     </span>
     <span class='ocr_line' id='line_1_18' title="bbox 100 1028 1622 1073; baseline -0.002 -10"><span class='ocrx_word' id='word_1_173' title='bbox 100 1034 290 1073; x_wconf 84' lang='lat' dir='ltr'>gruentem</span> <span class='ocrx_word' id='word_1_174' title='bbox 314 1031 451 1062; x_wconf 86' lang='lat' dir='ltr'>famem</span> <span class='ocrx_word' id='word_1_175' title='bbox 467 1030 580 1072; x_wconf 85' lang='lat' dir='ltr'>primo</span> <span class='ocrx_word' id='word_1_176' title='bbox 596 1031 650 1062; x_wconf 88' lang='lat' dir='ltr'>ita</span> <span class='ocrx_word' id='word_1_177' title='bbox 667 1033 871 1061; x_wconf 82' lang='lat' dir='ltr'>sustentare</span> <span class='ocrx_word' id='word_1_178' title='bbox 889 1028 1105 1071; x_wconf 82' lang='lat' dir='ltr'>studuerint⁷</span> <span class='ocrx_word' id='word_1_179' title='bbox 1131 1032 1171 1060; x_wconf 89' lang='lat' dir='ltr'>ut</span> <span class='ocrx_word' id='word_1_180' title='bbox 1193 1039 1260 1071; x_wconf 88' lang='lat' dir='ltr'>per</span> <span class='ocrx_word' id='word_1_181' title='bbox 1275 1031 1432 1067; x_wconf 88' lang='lat' dir='ltr'>noctem,</span> <span class='ocrx_word' id='word_1_182' title='bbox 1458 1028 1622 1060; x_wconf 88' lang='lat' dir='ltr'>tenebris</span> 
     </span>
     <span class='ocr_line' id='line_1_19' title="bbox 99 1073 1622 1118; baseline -0.003 -10"><span class='ocrx_word' id='word_1_183' title='bbox 99 1075 206 1115; x_wconf 83' lang='lat' dir='ltr'>tecti,</span> <span class='ocrx_word' id='word_1_184' title='bbox 238 1076 277 1107; x_wconf 90' lang='lat' dir='ltr'>in</span> <span class='ocrx_word' id='word_1_185' title='bbox 308 1075 504 1111; x_wconf 86' lang='lat' dir='ltr'>lenunculo</span> <span class='ocrx_word' id='word_1_186' title='bbox 536 1075 711 1118; x_wconf 89' lang='lat' dir='ltr'>piscando</span> <span class='ocrx_word' id='word_1_187' title='bbox 741 1074 779 1106; x_wconf 90' lang='lat' dir='ltr'>in</span> <span class='ocrx_word' id='word_1_188' title='bbox 809 1074 905 1106; x_wconf 87' lang='lat' dir='ltr'>diem</span> <span class='ocrx_word' id='word_1_189' title='bbox 934 1074 1055 1117; x_wconf 87' lang='lat' dir='ltr'>cibum</span> <span class='ocrx_word' id='word_1_190' title='bbox 1080 1076 1315 1116; x_wconf 83' lang='lat' dir='ltr'>quaererent,</span> <span class='ocrx_word' id='word_1_191' title='bbox 1349 1073 1409 1114; x_wconf 94' lang='lat' dir='ltr'>qui</span> <span class='ocrx_word' id='word_1_192' title='bbox 1440 1074 1519 1115; x_wconf 90' lang='lat' dir='ltr'>ipse</span> <span class='ocrx_word' id='word_1_193' title='bbox 1550 1084 1622 1105; x_wconf 91' lang='lat' dir='ltr'>non</span> 
     </span>
     <span class='ocr_line' id='line_1_20' title="bbox 101 1118 1622 1161; baseline -0.001 -9"><span class='ocrx_word' id='word_1_194' title='bbox 101 1123 220 1153; x_wconf 83' lang='lat' dir='ltr'>certus</span> <span class='ocrx_word' id='word_1_195' title='bbox 245 1123 360 1160; x_wconf 86' lang='lat' dir='ltr'>esset,</span> <span class='ocrx_word' id='word_1_196' title='bbox 392 1123 449 1152; x_wconf 86' lang='lat' dir='ltr'>set</span> <span class='ocrx_word' id='word_1_197' title='bbox 480 1120 574 1152; x_wconf 88' lang='lat' dir='ltr'>forte</span> <span class='ocrx_word' id='word_1_198' title='bbox 607 1120 822 1152; x_wconf 84' lang='lat' dir='ltr'>obferretur.</span> <span class='ocrx_word' id='word_1_199' title='bbox 871 1119 976 1151; x_wconf 83' lang='lat' dir='ltr'>Haec</span> <span class='ocrx_word' id='word_1_200' title='bbox 1000 1121 1086 1150; x_wconf 87' lang='lat' dir='ltr'>num</span> <span class='ocrx_word' id='word_1_201' title='bbox 1110 1121 1300 1161; x_wconf 82' lang='lat' dir='ltr'>praestent</span> <span class='ocrx_word' id='word_1_202' title='bbox 1323 1118 1409 1159; x_wconf 85' lang='lat' dir='ltr'>illis,</span> <span class='ocrx_word' id='word_1_203' title='bbox 1438 1129 1531 1160; x_wconf 87' lang='lat' dir='ltr'>quae</span> <span class='ocrx_word' id='word_1_204' title='bbox 1558 1118 1622 1150; x_wconf 87' lang='lat' dir='ltr'>alii</span> 
     </span>
     <span class='ocr_line' id='line_1_21' title="bbox 98 1164 862 1208; baseline -0.004 -10"><span class='ocrx_word' id='word_1_205' title='bbox 98 1165 167 1198; x_wconf 92' lang='lat' dir='ltr'>viri</span> <span class='ocrx_word' id='word_1_206' title='bbox 191 1165 289 1198; x_wconf 86' lang='lat' dir='ltr'>docti</span> <span class='ocrx_word' id='word_1_207' title='bbox 312 1166 528 1208; x_wconf 84' lang='lat' dir='ltr'>probavere,</span> <span class='ocrx_word' id='word_1_208' title='bbox 554 1165 718 1197; x_wconf 86' lang='lat' dir='ltr'>iudicent</span> <span class='ocrx_word' id='word_1_209' title='bbox 742 1164 862 1206; x_wconf 83' lang='lat' dir='ltr'>aequi.</span> 
     </span>
    </p>
   </div>
   <div class='ocr_carea' id='block_1_4' title="bbox 211 1246 1621 1309">
    <p class='ocr_par' dir='ltr' id='par_1_4' title="bbox 211 1246 1621 1309">
     <span class='ocr_line' id='line_1_22' title="bbox 211 1246 1621 1309; baseline -0.002 -14"><span class='ocrx_word' id='word_1_210' title='bbox 211 1255 264 1295; x_wconf 90' lang='lat'>67</span> <span class='ocrx_word' id='word_1_211' title='bbox 288 1255 367 1309; x_wconf 84' lang='lat' dir='ltr'>[Kr.</span> <span class='ocrx_word' id='word_1_212' title='bbox 391 1246 448 1293; x_wconf 68' lang='lat'>7&#39;7.</span> <span class='ocrx_word' id='word_1_213' title='bbox 473 1257 512 1293; x_wconf 75' lang='lat' dir='ltr'>G:</span> <span class='ocrx_word' id='word_1_214' title='bbox 529 1254 607 1307; x_wconf 84' lang='grc'>33].</span> <span class='ocrx_word' id='word_1_215' title='bbox 654 1254 787 1294; x_wconf 87' lang='lat' dir='ltr'>Genus</span> <span class='ocrx_word' id='word_1_216' title='bbox 806 1253 972 1293; x_wconf 87' lang='lat' dir='ltr'>militum</span> <span class='ocrx_word' id='word_1_217' title='bbox 993 1257 1146 1293; x_wconf 89' lang='lat' dir='ltr'>suetum</span> <span class='ocrx_word' id='word_1_218' title='bbox 1169 1266 1191 1292; x_wconf 81' lang='lat' dir='ltr'>a</span> <span class='ocrx_word' id='word_1_219' title='bbox 1210 1253 1375 1304; x_wconf 82' lang='lat' dir='ltr'>pueritia</span> <span class='ocrx_word' id='word_1_220' title='bbox 1399 1254 1621 1293; x_wconf 82' lang='lat' dir='ltr'>latrociniis.</span> 
     </span>
    </p>
   </div>
   <div class='ocr_carea' id='block_1_5' title="bbox 98 1332 1621 1423">
    <p class='ocr_par' dir='ltr' id='par_1_5' title="bbox 98 1332 1621 1423">
     <span class='ocr_line' id='line_1_23' title="bbox 210 1332 1621 1377; baseline -0.002 -11"><span class='ocrx_word' id='word_1_221' title='bbox 210 1334 315 1366; x_wconf 89' lang='lat' dir='ltr'>Arus.</span> <span class='ocrx_word' id='word_1_222' title='bbox 340 1345 375 1377; x_wconf 92' lang='lat' dir='ltr'>p.</span> <span class='ocrx_word' id='word_1_223' title='bbox 402 1333 469 1366; x_wconf 81' lang='lat'>262</span> <span class='ocrx_word' id='word_1_224' title='bbox 493 1344 522 1367; x_wconf 88' lang='lat' dir='ltr'>s.</span> <span class='ocrx_word' id='word_1_225' title='bbox 548 1344 582 1367; x_wconf 89' lang='lat' dir='ltr'>v.</span> <span class='ocrx_word' id='word_1_226' title='bbox 613 1338 727 1366; x_wconf 75' lang='lat' dir='ltr'>suetus</span> <span class='ocrx_word' id='word_1_227' title='bbox 750 1333 802 1365; x_wconf 74' lang='lat' dir='ltr'>Izi-s·</span> <span class='ocrx_word' id='word_1_228' title='bbox 825 1332 937 1365; x_wconf 82' lang='lat' dir='ltr'>rebus.</span> <span class='ocrx_word' id='word_1_229' title='bbox 986 1332 1126 1364; x_wconf 82' lang='lat' dir='ltr'>Multum</span> <span class='ocrx_word' id='word_1_230' title='bbox 1153 1343 1221 1373; x_wconf 81' lang='lat' dir='ltr'>pro</span> <span class='ocrx_word' id='word_1_231' title='bbox 1248 1333 1383 1363; x_wconf 81' lang='lat' dir='ltr'>militum</span> <span class='ocrx_word' id='word_1_232' title='bbox 1409 1332 1476 1364; x_wconf 87' lang='lat' dir='ltr'>Gu.</span> <span class='ocrx_word' id='word_1_233' title='bbox 1525 1333 1621 1372; x_wconf 83' lang='lat' dir='ltr'>Quin</span> 
     </span>
     <span class='ocr_line' id='line_1_24' title="bbox 98 1374 1574 1423; baseline -0.003 -11"><span class='ocrx_word' id='word_1_234' title='bbox 98 1379 142 1412; x_wconf 86' lang='lat' dir='ltr'>de</span> <span class='ocrx_word' id='word_1_235' title='bbox 167 1380 344 1423; x_wconf 70' lang='lat' dir='ltr'>HiSpanis</span> <span class='ocrx_word' id='word_1_236' title='bbox 367 1379 406 1411; x_wconf 92' lang='lat' dir='ltr'>in</span> <span class='ocrx_word' id='word_1_237' title='bbox 431 1379 475 1420; x_wconf 86' lang='lat' dir='ltr'>Q.</span> <span class='ocrx_word' id='word_1_238' title='bbox 502 1379 639 1411; x_wconf 84' lang='lat' dir='ltr'>Sertori</span> <span class='ocrx_word' id='word_1_239' title='bbox 665 1374 827 1411; x_wconf 87' lang='lat' dir='ltr'>exercitu</span> <span class='ocrx_word' id='word_1_240' title='bbox 852 1377 989 1410; x_wconf 87' lang='lat' dir='ltr'>dictum</span> <span class='ocrx_word' id='word_1_241' title='bbox 1014 1377 1137 1417; x_wconf 84' lang='lat' dir='ltr'>fuerit,</span> <span class='ocrx_word' id='word_1_242' title='bbox 1164 1377 1224 1409; x_wconf 86' lang='lat' dir='ltr'>vix</span> <span class='ocrx_word' id='word_1_243' title='bbox 1249 1377 1395 1408; x_wconf 88' lang='lat' dir='ltr'>dubium</span> <span class='ocrx_word' id='word_1_244' title='bbox 1420 1377 1574 1410; x_wconf 78' lang='lat' dir='ltr'>videtur.</span> 
     </span>
    </p>
   </div>
   <div class='ocr_carea' id='block_1_6' title="bbox 96 1441 1662 1589">
    <p class='ocr_par' dir='ltr' id='par_1_6' title="bbox 96 1441 1662 1589">
     <span class='ocr_line' id='line_1_25' title="bbox 212 1441 1662 1523; baseline -0.003 -13"><span class='ocrx_word' id='word_1_245' title='bbox 212 1469 264 1510; x_wconf 81' lang='lat'>68</span> <span class='ocrx_word' id='word_1_246' title='bbox 297 1441 377 1523; x_wconf 45' lang='lat' dir='ltr'>[Krss</span> <span class='ocrx_word' id='word_1_247' title='bbox 399 1474 457 1511; x_wconf 82' lang='grc'>82.</span> <span class='ocrx_word' id='word_1_248' title='bbox 490 1472 529 1508; x_wconf 92' lang='lat' dir='ltr'>G.</span> <span class='ocrx_word' id='word_1_249' title='bbox 554 1468 631 1522; x_wconf 85' lang='lat'>67].</span> <span class='ocrx_word' id='word_1_250' title='bbox 686 1463 842 1508; x_wconf 83' lang='lat' dir='ltr'>Murum</span> <span class='ocrx_word' id='word_1_251' title='bbox 881 1467 929 1517; x_wconf 63' lang='lat' dir='ltr'>ab</span> <span class='ocrx_word' id='word_1_252' title='bbox 964 1467 1108 1518; x_wconf 83' lang='lat' dir='ltr'>angulo</span> <span class='ocrx_word' id='word_1_253' title='bbox 1148 1467 1274 1518; x_wconf 82' lang='lat' dir='ltr'>dextri</span> <span class='ocrx_word' id='word_1_254' title='bbox 1311 1466 1446 1512; x_wconf 76' lang='lat' dir='ltr'>lateris</span> <span class='ocrx_word' id='word_1_255' title='bbox 1475 1467 1524 1513; x_wconf 78' lang='lat' dir='ltr'>ad</span> <span class='ocrx_word' id='word_1_256' title='bbox 1553 1479 1621 1517; x_wconf 79' lang='lat' dir='ltr'>pa-</span> <span class='ocrx_word' id='word_1_257' title='bbox 1650 1485 1662 1493; x_wconf 96' lang='lat'><em>-</em></span> 
     </span>
     <span class='ocr_line' id='line_1_26' title="bbox 96 1536 885 1589; baseline -0.004 -12"><span class='ocrx_word' id='word_1_258' title='bbox 96 1537 229 1578; x_wconf 89' lang='lat' dir='ltr'>ludem</span> <span class='ocrx_word' id='word_1_259' title='bbox 255 1538 349 1577; x_wconf 79' lang='lat' dir='ltr'>haut</span> <span class='ocrx_word' id='word_1_260' title='bbox 377 1537 516 1589; x_wconf 88' lang='lat' dir='ltr'>procul</span> <span class='ocrx_word' id='word_1_261' title='bbox 546 1541 738 1576; x_wconf 84' lang='lat' dir='ltr'>remotam</span> <span class='ocrx_word' id='word_1_262' title='bbox 765 1536 885 1575; x_wconf 84' lang='lat' dir='ltr'>duxit.</span> 
     </span>
    </p>
   </div>
   <div class='ocr_carea' id='block_1_7' title="bbox 94 1614 1625 1748">
    <p class='ocr_par' dir='ltr' id='par_1_7' title="bbox 94 1614 1625 1748">
     <span class='ocr_line' id='line_1_27' title="bbox 211 1614 1622 1658; baseline -0.004 -8"><span class='ocrx_word' id='word_1_263' title='bbox 211 1617 313 1650; x_wconf 85' lang='lat' dir='ltr'>Serv.</span> <span class='ocrx_word' id='word_1_264' title='bbox 346 1617 393 1649; x_wconf 86' lang='lat' dir='ltr'>ad</span> <span class='ocrx_word' id='word_1_265' title='bbox 415 1617 526 1658; x_wconf 83' lang='lat' dir='ltr'>Verg.</span> <span class='ocrx_word' id='word_1_266' title='bbox 552 1616 642 1648; x_wconf 90' lang='lat' dir='ltr'>Aen.</span> <span class='ocrx_word' id='word_1_267' title='bbox 669 1616 687 1647; x_wconf 90' lang='lat'>1</span> <span class='ocrx_word' id='word_1_268' title='bbox 710 1614 796 1648; x_wconf 77' lang='lat'>423:</span> <span class='ocrx_word' id='word_1_269' title='bbox 831 1616 972 1647; x_wconf 77' lang='lat' dir='ltr'>‘ducere</span> <span class='ocrx_word' id='word_1_270' title='bbox 996 1614 1124 1646; x_wconf 63' lang='grc' dir='ltr'>πων-σε’</span> <span class='ocrx_word' id='word_1_271' title='bbox 1157 1614 1390 1654; x_wconf 69' lang='lat' dir='ltr'>eaeaedificme</span> <span class='ocrx_word' id='word_1_272' title='bbox 1420 1614 1452 1645; x_wconf 80' lang='lat' dir='ltr'>Iz.</span> <span class='ocrx_word' id='word_1_273' title='bbox 1482 1624 1511 1645; x_wconf 86' lang='lat' dir='ltr'>e.</span> <span class='ocrx_word' id='word_1_274' title='bbox 1545 1624 1622 1645; x_wconf 81' lang='lat' dir='ltr'>con-</span> 
     </span>
     <span class='ocr_line' id='line_1_28' title="bbox 94 1659 1625 1703; baseline -0.004 -8"><span class='ocrx_word' id='word_1_275' title='bbox 94 1664 249 1701; x_wconf 55' lang='lat' dir='ltr'>struere}</span> <span class='ocrx_word' id='word_1_276' title='bbox 274 1664 307 1694; x_wconf 85' lang='lat' dir='ltr'>in</span> <span class='ocrx_word' id='word_1_277' title='bbox 323 1663 561 1703; x_wconf 81' lang='lat' dir='ltr'>lonqitudinem</span> <span class='ocrx_word' id='word_1_278' title='bbox 578 1662 792 1703; x_wconf 76' lang='lat' dir='ltr'>producere;</span> <span class='ocrx_word' id='word_1_279' title='bbox 815 1662 959 1702; x_wconf 81' lang='lat' dir='ltr'>proprie</span> <span class='ocrx_word' id='word_1_280' title='bbox 980 1661 1064 1691; x_wconf 82' lang='lat' dir='ltr'>enim</span> <span class='ocrx_word' id='word_1_281' title='bbox 1089 1670 1159 1691; x_wconf 86' lang='lat' dir='ltr'>cum</span> <span class='ocrx_word' id='word_1_282' title='bbox 1178 1659 1402 1699; x_wconf 77' lang='lat' dir='ltr'>aedificantur</span> <span class='ocrx_word' id='word_1_283' title='bbox 1426 1662 1520 1696; x_wconf 80' lang='lat' dir='ltr'>muri,</span> <span class='ocrx_word' id='word_1_284' title='bbox 1547 1659 1625 1690; x_wconf 77' lang='lat' dir='ltr'>duci</span> 
     </span>
     <span class='ocr_line' id='line_1_29' title="bbox 96 1704 1180 1748; baseline -0.005 -8"><span class='ocrx_word' id='word_1_285' title='bbox 96 1709 265 1740; x_wconf 78' lang='lat' dir='ltr'>dicuntur.</span> <span class='ocrx_word' id='word_1_286' title='bbox 314 1706 493 1739; x_wconf 72' lang='lat' dir='ltr'>Sallustius</span> <span class='ocrx_word' id='word_1_287' title='bbox 516 1707 733 1748; x_wconf 67' lang='lat' dir='ltr'>historiarum</span> <span class='ocrx_word' id='word_1_288' title='bbox 756 1705 811 1737; x_wconf 83' lang='lat' dir='ltr'>II:</span> <span class='ocrx_word' id='word_1_289' title='bbox 837 1715 976 1737; x_wconf 91' lang='lat' dir='ltr'>murum</span> <span class='ocrx_word' id='word_1_290' title='bbox 1001 1723 1041 1727; x_wconf 87' lang='lat'><em>-</em></span> <span class='ocrx_word' id='word_1_291' title='bbox 1068 1704 1180 1747; x_wconf 76' lang='lat' dir='ltr'>duxit.</span> 
     </span>
    </p>
   </div>
   <div class='ocr_carea' id='block_1_8' title="bbox 96 1793 1625 1916">
    <p class='ocr_par' dir='ltr' id='par_1_8' title="bbox 96 1793 1625 1916">
     <span class='ocr_line' id='line_1_30' title="bbox 210 1793 1625 1853; baseline -0.003 -18"><span class='ocrx_word' id='word_1_292' title='bbox 210 1797 269 1848; x_wconf 37' lang='lat'>69,</span> <span class='ocrx_word' id='word_1_293' title='bbox 288 1797 368 1850; x_wconf 84' lang='lat' dir='ltr'>[Kr.</span> <span class='ocrx_word' id='word_1_294' title='bbox 387 1801 452 1853; x_wconf 71' lang='lat'>84:</span> <span class='ocrx_word' id='word_1_295' title='bbox 472 1798 512 1834; x_wconf 87' lang='lat' dir='ltr'>G.</span> <span class='ocrx_word' id='word_1_296' title='bbox 529 1795 606 1848; x_wconf 78' lang='grc'><strong>75].</strong></span> <span class='ocrx_word' id='word_1_297' title='bbox 649 1795 744 1834; x_wconf 85' lang='lat' dir='ltr'>Eam</span> <span class='ocrx_word' id='word_1_298' title='bbox 767 1795 1005 1834; x_wconf 82' lang='lat' dir='ltr'>deditionem</span> <span class='ocrx_word' id='word_1_299' title='bbox 1029 1798 1188 1833; x_wconf 81' lang='lat' dir='ltr'>senatus</span> <span class='ocrx_word' id='word_1_300' title='bbox 1208 1805 1280 1844; x_wconf 87' lang='lat' dir='ltr'>per</span> <span class='ocrx_word' id='word_1_301' title='bbox 1300 1794 1459 1833; x_wconf 86' lang='lat' dir='ltr'>nuntios</span> <span class='ocrx_word' id='word_1_302' title='bbox 1476 1793 1625 1833; x_wconf 72' lang='lat' dir='ltr'>Orestis</span> 
     </span>
     <span class='ocr_line' id='line_1_31' title="bbox 96 1863 526 1916; baseline -0.007 -11"><span class='ocrx_word' id='word_1_303' title='bbox 96 1866 292 1916; x_wconf 84' lang='lat' dir='ltr'>cognitam</span> <span class='ocrx_word' id='word_1_304' title='bbox 321 1863 526 1916; x_wconf 81' lang='lat' dir='ltr'>adprobat.</span> 
     </span>
    </p>
   </div>
   <div class='ocr_carea' id='block_1_9' title="bbox 95 1938 1625 2166">
    <p class='ocr_par' dir='ltr' id='par_1_9' title="bbox 95 1938 1625 2166">
     <span class='ocr_line' id='line_1_32' title="bbox 140 1938 1625 1984; baseline -0.004 -8"><span class='ocrx_word' id='word_1_305' title='bbox 140 1955 142 1957; x_wconf 92' lang='lat'>·</span> <span class='ocrx_word' id='word_1_306' title='bbox 208 1943 350 1976; x_wconf 91' lang='lat' dir='ltr'>Adtulit</span> <span class='ocrx_word' id='word_1_307' title='bbox 373 1942 497 1976; x_wconf 56' lang='lat' dir='ltr'>Prisc„</span> <span class='ocrx_word' id='word_1_308' title='bbox 514 1942 566 1974; x_wconf 92' lang='lat' dir='ltr'>VI</span> <span class='ocrx_word' id='word_1_309' title='bbox 591 1953 625 1984; x_wconf 90' lang='lat' dir='ltr'>p.</span> <span class='ocrx_word' id='word_1_310' title='bbox 644 1940 712 1973; x_wconf 81' lang='lat'>246</span> <span class='ocrx_word' id='word_1_311' title='bbox 736 1941 780 1973; x_wconf 92' lang='lat' dir='ltr'>ob</span> <span class='ocrx_word' id='word_1_312' title='bbox 807 1940 972 1983; x_wconf 87' lang='lat' dir='ltr'>genetivi</span> <span class='ocrx_word' id='word_1_313' title='bbox 996 1939 1163 1972; x_wconf 87' lang='lat' dir='ltr'>formam.</span> <span class='ocrx_word' id='word_1_314' title='bbox 1207 1939 1275 1972; x_wconf 81' lang='lat' dir='ltr'>Gn.</span> <span class='ocrx_word' id='word_1_315' title='bbox 1294 1938 1456 1970; x_wconf 85' lang='lat' dir='ltr'>Aufidius</span> <span class='ocrx_word' id='word_1_316' title='bbox 1474 1938 1625 1971; x_wconf 87' lang='lat' dir='ltr'>Orestes</span> 
     </span>
     <span class='ocr_line' id='line_1_33' title="bbox 97 1983 1623 2031; baseline -0.005 -9"><span class='ocrx_word' id='word_1_317' title='bbox 97 2000 131 2022; x_wconf 90' lang='lat' dir='ltr'>a.</span> <span class='ocrx_word' id='word_1_318' title='bbox 157 1989 197 2021; x_wconf 87' lang='lat'>71</span> <span class='ocrx_word' id='word_1_319' title='bbox 227 1988 321 2031; x_wconf 86' lang='lat'>(683)</span> <span class='ocrx_word' id='word_1_320' title='bbox 347 1999 428 2020; x_wconf 87' lang='lat' dir='ltr'>cum</span> <span class='ocrx_word' id='word_1_321' title='bbox 452 1989 493 2020; x_wconf 90' lang='lat' dir='ltr'>P.</span> <span class='ocrx_word' id='word_1_322' title='bbox 514 1986 682 2029; x_wconf 86' lang='lat' dir='ltr'>Cornelio</span> <span class='ocrx_word' id='word_1_323' title='bbox 706 1986 866 2030; x_wconf 75' lang='lat' dir='ltr'>Lentulo</span> <span class='ocrx_word' id='word_1_324' title='bbox 892 1985 985 2017; x_wconf 86' lang='lat' dir='ltr'>Sura</span> <span class='ocrx_word' id='word_1_325' title='bbox 1011 1995 1096 2024; x_wconf 54' lang='lat' dir='ltr'>cos„</span> <span class='ocrx_word' id='word_1_326' title='bbox 1114 1985 1194 2016; x_wconf 86' lang='lat' dir='ltr'>fuit.</span> <span class='ocrx_word' id='word_1_327' title='bbox 1236 1984 1317 2015; x_wconf 84' lang='lat' dir='ltr'>Vid.</span> <span class='ocrx_word' id='word_1_328' title='bbox 1335 1983 1504 2015; x_wconf 84' lang='lat' dir='ltr'>Fischeri</span> <span class='ocrx_word' id='word_1_329' title='bbox 1521 1984 1623 2015; x_wconf 89' lang='lat' dir='ltr'>tabb.</span> 
     </span>
     <span class='ocr_line' id='line_1_34' title="bbox 95 2028 1624 2077; baseline -0.005 -10"><span class='ocrx_word' id='word_1_330' title='bbox 95 2046 131 2077; x_wconf 90' lang='lat' dir='ltr'>p.</span> <span class='ocrx_word' id='word_1_331' title='bbox 156 2033 234 2067; x_wconf 84' lang='lat'>203.</span> <span class='ocrx_word' id='word_1_332' title='bbox 284 2034 401 2074; x_wconf 92' lang='lat' dir='ltr'>Quem</span> <span class='ocrx_word' id='word_1_333' title='bbox 435 2043 498 2065; x_wconf 86' lang='lat' dir='ltr'>eur</span> <span class='ocrx_word' id='word_1_334' title='bbox 527 2042 601 2064; x_wconf 91' lang='lat' dir='ltr'>non</span> <span class='ocrx_word' id='word_1_335' title='bbox 626 2042 659 2064; x_wconf 89' lang='lat' dir='ltr'>a.</span> <span class='ocrx_word' id='word_1_336' title='bbox 693 2031 737 2067; x_wconf 79' lang='lat'>74</span> <span class='ocrx_word' id='word_1_337' title='bbox 767 2034 849 2073; x_wconf 91' lang='lat' dir='ltr'>post</span> <span class='ocrx_word' id='word_1_338' title='bbox 879 2033 1090 2073; x_wconf 85' lang='lat' dir='ltr'>praeturam</span> <span class='ocrx_word' id='word_1_339' title='bbox 1123 2032 1266 2071; x_wconf 85' lang='lat' dir='ltr'>gestam</span> <span class='ocrx_word' id='word_1_340' title='bbox 1297 2029 1523 2071; x_wconf 86' lang='lat' dir='ltr'>provinciam</span> <span class='ocrx_word' id='word_1_341' title='bbox 1557 2028 1624 2060; x_wconf 88' lang='lat' dir='ltr'>ali-</span> 
     </span>
     <span class='ocr_line' id='line_1_35' title="bbox 98 2074 1623 2122; baseline -0.005 -10"><span class='ocrx_word' id='word_1_342' title='bbox 98 2089 205 2122; x_wconf 83' lang='lat' dir='ltr'>quam</span> <span class='ocrx_word' id='word_1_343' title='bbox 230 2079 430 2112; x_wconf 87' lang='lat' dir='ltr'>obtinuisse</span> <span class='ocrx_word' id='word_1_344' title='bbox 456 2078 580 2117; x_wconf 85' lang='lat' dir='ltr'>ibique</span> <span class='ocrx_word' id='word_1_345' title='bbox 606 2080 753 2119; x_wconf 85' lang='lat' dir='ltr'>gentem</span> <span class='ocrx_word' id='word_1_346' title='bbox 785 2075 978 2118; x_wconf 87' lang='lat' dir='ltr'>quamdam</span> <span class='ocrx_word' id='word_1_347' title='bbox 1002 2075 1041 2106; x_wconf 90' lang='lat' dir='ltr'>in</span> <span class='ocrx_word' id='word_1_348' title='bbox 1072 2074 1294 2106; x_wconf 85' lang='lat' dir='ltr'>deditionem</span> <span class='ocrx_word' id='word_1_349' title='bbox 1327 2074 1516 2115; x_wconf 86' lang='lat' dir='ltr'>accepisse</span> <span class='ocrx_word' id='word_1_350' title='bbox 1549 2077 1623 2105; x_wconf 88' lang='lat' dir='ltr'>sta-</span> 
     </span>
     <span class='ocr_line' id='line_1_36' title="bbox 96 2118 1624 2166; baseline -0.005 -9"><span class='ocrx_word' id='word_1_351' title='bbox 96 2125 264 2157; x_wconf 84' lang='lat' dir='ltr'>tuamus?</span> <span class='ocrx_word' id='word_1_352' title='bbox 295 2124 400 2164; x_wconf 85' lang='lat' dir='ltr'>Quae</span> <span class='ocrx_word' id='word_1_353' title='bbox 414 2133 505 2166; x_wconf 84' lang='lat' dir='ltr'>gens</span> <span class='ocrx_word' id='word_1_354' title='bbox 522 2122 586 2154; x_wconf 88' lang='lat' dir='ltr'>illa</span> <span class='ocrx_word' id='word_1_355' title='bbox 601 2122 723 2162; x_wconf 83' lang='lat' dir='ltr'>fuerit,</span> <span class='ocrx_word' id='word_1_356' title='bbox 737 2131 856 2163; x_wconf 89' lang='lat' dir='ltr'>neque</span> <span class='ocrx_word' id='word_1_357' title='bbox 874 2121 999 2153; x_wconf 85' lang='lat' dir='ltr'>dicere</span> <span class='ocrx_word' id='word_1_358' title='bbox 1016 2130 1161 2163; x_wconf 87' lang='lat' dir='ltr'>possum</span> <span class='ocrx_word' id='word_1_359' title='bbox 1178 2129 1296 2161; x_wconf 86' lang='lat' dir='ltr'>neque</span> <span class='ocrx_word' id='word_1_360' title='bbox 1311 2118 1476 2151; x_wconf 88' lang='lat' dir='ltr'>divinare</span> <span class='ocrx_word' id='word_1_361' title='bbox 1495 2119 1624 2150; x_wconf 86' lang='lat' dir='ltr'>audeo.</span> 
     </span>
    </p>
   </div>
   <div class='ocr_carea' id='block_1_10' title="bbox 98 2199 1624 2323">
    <p class='ocr_par' dir='ltr' id='par_1_10' title="bbox 98 2199 1624 2323">
     <span class='ocr_line' id='line_1_37' title="bbox 174 2199 1624 2267; baseline -0.006 -13"><span class='ocrx_word' id='word_1_362' title='bbox 174 2223 181 2232; x_wconf 86' lang='lat'><em>&#39;</em></span> <span class='ocrx_word' id='word_1_363' title='bbox 212 2214 266 2254; x_wconf 88' lang='lat'>70</span> <span class='ocrx_word' id='word_1_364' title='bbox 297 2213 376 2267; x_wconf 86' lang='lat' dir='ltr'>[Kr.</span> <span class='ocrx_word' id='word_1_365' title='bbox 398 2217 455 2251; x_wconf 90' lang='lat'>88.</span> <span class='ocrx_word' id='word_1_366' title='bbox 486 2215 525 2251; x_wconf 91' lang='lat' dir='ltr'>G.</span> <span class='ocrx_word' id='word_1_367' title='bbox 549 2211 628 2265; x_wconf 79' lang='lat'>42].</span> <span class='ocrx_word' id='word_1_368' title='bbox 682 2212 788 2251; x_wconf 82' lang='lat' dir='ltr'>Haec</span> <span class='ocrx_word' id='word_1_369' title='bbox 819 2214 1026 2262; x_wconf 79' lang='lat' dir='ltr'>postquam</span> <span class='ocrx_word' id='word_1_370' title='bbox 1047 2210 1172 2250; x_wconf 81' lang='lat' dir='ltr'>Varro</span> <span class='ocrx_word' id='word_1_371' title='bbox 1201 2209 1241 2247; x_wconf 88' lang='lat' dir='ltr'>in</span> <span class='ocrx_word' id='word_1_372' title='bbox 1261 2199 1397 2247; x_wconf 63' lang='lat' dir='ltr'>&#39;maius</span> <span class='ocrx_word' id='word_1_373' title='bbox 1418 2220 1529 2247; x_wconf 85' lang='lat' dir='ltr'>more</span> <span class='ocrx_word' id='word_1_374' title='bbox 1557 2220 1624 2247; x_wconf 85' lang='lat' dir='ltr'>ru-</span> 
     </span>
     <span class='ocr_line' id='line_1_38' title="bbox 98 2281 439 2323; baseline -0.012 0"><span class='ocrx_word' id='word_1_375' title='bbox 98 2295 255 2323; x_wconf 88' lang='lat' dir='ltr'>morum</span> <span class='ocrx_word' id='word_1_376' title='bbox 284 2281 439 2320; x_wconf 77' lang='lat' dir='ltr'>audivit.</span> 
     </span>
    </p>
   </div>
   <div class='ocr_carea' id='block_1_11' title="bbox 98 2350 1627 2719">
    <p class='ocr_par' dir='ltr' id='par_1_11' title="bbox 98 2350 1627 2719">
     <span class='ocr_line' id='line_1_39' title="bbox 210 2350 1624 2403; baseline -0.006 -10"><span class='ocrx_word' id='word_1_377' title='bbox 210 2361 315 2394; x_wconf 86' lang='lat' dir='ltr'>Arus.</span> <span class='ocrx_word' id='word_1_378' title='bbox 333 2372 368 2403; x_wconf 90' lang='lat' dir='ltr'>p.</span> <span class='ocrx_word' id='word_1_379' title='bbox 386 2355 454 2392; x_wconf 79' lang='lat'>243</span> <span class='ocrx_word' id='word_1_380' title='bbox 478 2368 560 2391; x_wconf 92' lang='lat' dir='ltr'>cum</span> <span class='ocrx_word' id='word_1_381' title='bbox 583 2358 756 2390; x_wconf 83' lang='lat' dir='ltr'>lemmate</span> <span class='ocrx_word' id='word_1_382' title='bbox 780 2360 814 2390; x_wconf 87' lang='lat' dir='ltr'>in</span> <span class='ocrx_word' id='word_1_383' title='bbox 838 2360 943 2389; x_wconf 81' lang='lat' dir='ltr'>maius</span> <span class='ocrx_word' id='word_1_384' title='bbox 960 2357 1086 2389; x_wconf 85' lang='lat' dir='ltr'>audivit</span> <span class='ocrx_word' id='word_1_385' title='bbox 1099 2366 1166 2398; x_wconf 86' lang='lat' dir='ltr'>pro</span> <span class='ocrx_word' id='word_1_386' title='bbox 1183 2358 1260 2398; x_wconf 81' lang='lat' dir='ltr'>plus</span> <span class='ocrx_word' id='word_1_387' title='bbox 1277 2366 1384 2399; x_wconf 80' lang='lat' dir='ltr'>quam.</span> <span class='ocrx_word' id='word_1_388' title='bbox 1423 2350 1510 2387; x_wconf 71' lang='lat' dir='ltr'>Cocl.</span> <span class='ocrx_word' id='word_1_389' title='bbox 1531 2354 1624 2387; x_wconf 87' lang='lat' dir='ltr'>Gud.</span> 
     </span>
     <span class='ocr_line' id='line_1_40' title="bbox 98 2399 1626 2446; baseline -0.006 -7"><span class='ocrx_word' id='word_1_390' title='bbox 98 2409 132 2439; x_wconf 87' lang='lat' dir='ltr'>in</span> <span class='ocrx_word' id='word_1_391' title='bbox 157 2417 217 2439; x_wconf 88' lang='lat' dir='ltr'>ore</span> <span class='ocrx_word' id='word_1_392' title='bbox 241 2416 416 2442; x_wconf 82' lang='lat' dir='ltr'>rumorum,</span> <span class='ocrx_word' id='word_1_393' title='bbox 443 2404 536 2446; x_wconf 89' lang='lat' dir='ltr'>quod</span> <span class='ocrx_word' id='word_1_394' title='bbox 560 2406 661 2436; x_wconf 88' lang='lat' dir='ltr'>reete</span> <span class='ocrx_word' id='word_1_395' title='bbox 688 2403 898 2435; x_wconf 80' lang='lat' dir='ltr'>emendavit</span> <span class='ocrx_word' id='word_1_396' title='bbox 920 2402 1206 2434; x_wconf 84' lang='lat' dir='ltr'>Lindemannus.</span> <span class='ocrx_word' id='word_1_397' title='bbox 1231 2418 1278 2424; x_wconf 88' lang='lat'>-—</span> <span class='ocrx_word' id='word_1_398' title='bbox 1308 2401 1414 2432; x_wconf 85' lang='lat' dir='ltr'>Haec</span> <span class='ocrx_word' id='word_1_399' title='bbox 1439 2399 1626 2431; x_wconf 84' lang='lat' dir='ltr'>inlustrari</span> 
     </span>
     <span class='ocr_line' id='line_1_41' title="bbox 99 2445 1625 2495; baseline -0.006 -11"><span class='ocrx_word' id='word_1_400' title='bbox 99 2462 219 2495; x_wconf 86' lang='lat' dir='ltr'>posse,</span> <span class='ocrx_word' id='word_1_401' title='bbox 245 2454 320 2484; x_wconf 89' lang='lat' dir='ltr'>tam</span> <span class='ocrx_word' id='word_1_402' title='bbox 342 2450 403 2482; x_wconf 87' lang='lat' dir='ltr'>diu</span> <span class='ocrx_word' id='word_1_403' title='bbox 427 2448 709 2491; x_wconf 50' lang='lat' dir='ltr'>desperandum.</span> <span class='ocrx_word' id='word_1_404' title='bbox 733 2458 839 2490; x_wconf 81' lang='lat' dir='ltr'>quam</span> <span class='ocrx_word' id='word_1_405' title='bbox 857 2448 919 2479; x_wconf 90' lang='lat' dir='ltr'>diu</span> <span class='ocrx_word' id='word_1_406' title='bbox 937 2447 998 2488; x_wconf 89' lang='lat' dir='ltr'>qui</span> <span class='ocrx_word' id='word_1_407' title='bbox 1022 2446 1084 2478; x_wconf 90' lang='lat' dir='ltr'>ille</span> <span class='ocrx_word' id='word_1_408' title='bbox 1110 2447 1224 2478; x_wconf 85' lang='lat' dir='ltr'>Varro</span> <span class='ocrx_word' id='word_1_409' title='bbox 1249 2446 1372 2486; x_wconf 76' lang='lat' dir='ltr'>fuerit,</span> <span class='ocrx_word' id='word_1_410' title='bbox 1398 2445 1625 2486; x_wconf 89' lang='lat' dir='ltr'>incognitum</span> 
     </span>
     <span class='ocr_line' id='line_1_42' title="bbox 101 2489 1626 2536; baseline -0.007 -7"><span class='ocrx_word' id='word_1_411' title='bbox 101 2493 182 2529; x_wconf 79' lang='lat' dir='ltr'>erit.</span> <span class='ocrx_word' id='word_1_412' title='bbox 231 2497 313 2528; x_wconf 88' lang='lat' dir='ltr'>Hoc</span> <span class='ocrx_word' id='word_1_413' title='bbox 339 2498 462 2527; x_wconf 85' lang='lat' dir='ltr'>autem</span> <span class='ocrx_word' id='word_1_414' title='bbox 486 2494 567 2526; x_wconf 85' lang='lat' dir='ltr'>loco</span> <span class='ocrx_word' id='word_1_415' title='bbox 593 2493 840 2536; x_wconf 84' lang='lat' dir='ltr'>fragmentum</span> <span class='ocrx_word' id='word_1_416' title='bbox 864 2492 981 2535; x_wconf 71' lang='lat' dir='ltr'>posui,</span> <span class='ocrx_word' id='word_1_417' title='bbox 1010 2492 1104 2534; x_wconf 88' lang='lat' dir='ltr'>quod</span> <span class='ocrx_word' id='word_1_418' title='bbox 1128 2491 1216 2523; x_wconf 86' lang='lat' dir='ltr'>mihi</span> <span class='ocrx_word' id='word_1_419' title='bbox 1242 2491 1438 2523; x_wconf 86' lang='lat' dir='ltr'>videbatur</span> <span class='ocrx_word' id='word_1_420' title='bbox 1462 2489 1506 2520; x_wconf 76' lang='lat' dir='ltr'>(le</span> <span class='ocrx_word' id='word_1_421' title='bbox 1525 2499 1563 2520; x_wconf 91' lang='lat' dir='ltr'>re</span> <span class='ocrx_word' id='word_1_422' title='bbox 1588 2489 1626 2519; x_wconf 91' lang='lat' dir='ltr'>in</span> 
     </span>
     <span class='ocr_line' id='line_1_43' title="bbox 100 2533 1627 2584; baseline -0.007 -10"><span class='ocrx_word' id='word_1_423' title='bbox 100 2541 199 2574; x_wconf 88' lang='lat' dir='ltr'>bello</span> <span class='ocrx_word' id='word_1_424' title='bbox 225 2543 332 2584; x_wconf 85' lang='lat' dir='ltr'>gesta</span> <span class='ocrx_word' id='word_1_425' title='bbox 357 2540 496 2572; x_wconf 90' lang='lat' dir='ltr'>dictum</span> <span class='ocrx_word' id='word_1_426' title='bbox 520 2538 646 2570; x_wconf 84' lang='lat' dir='ltr'>fuisse.</span> <span class='ocrx_word' id='word_1_427' title='bbox 697 2538 870 2570; x_wconf 80' lang='lat' dir='ltr'>Ceterum</span> <span class='ocrx_word' id='word_1_428' title='bbox 895 2548 976 2569; x_wconf 90' lang='lat' dir='ltr'>cum</span> <span class='ocrx_word' id='word_1_429' title='bbox 992 2537 1042 2568; x_wconf 91' lang='lat' dir='ltr'>M.</span> <span class='ocrx_word' id='word_1_430' title='bbox 1061 2537 1276 2568; x_wconf 85' lang='lat' dir='ltr'>Terentium</span> <span class='ocrx_word' id='word_1_431' title='bbox 1292 2536 1508 2574; x_wconf 87' lang='lat' dir='ltr'>Varronem,</span> <span class='ocrx_word' id='word_1_432' title='bbox 1535 2533 1627 2564; x_wconf 86' lang='lat' dir='ltr'>scri-</span> 
     </span>
     <span class='ocr_line' id='line_1_44' title="bbox 99 2579 1627 2630; baseline -0.007 -11"><span class='ocrx_word' id='word_1_433' title='bbox 99 2590 239 2630; x_wconf 88' lang='lat' dir='ltr'>ptorem</span> <span class='ocrx_word' id='word_1_434' title='bbox 263 2585 365 2618; x_wconf 87' lang='lat' dir='ltr'>illum</span> <span class='ocrx_word' id='word_1_435' title='bbox 389 2584 667 2627; x_wconf 78' lang='lat' dir='ltr'>doetissumum,</span> <span class='ocrx_word' id='word_1_436' title='bbox 699 2584 737 2615; x_wconf 92' lang='lat' dir='ltr'>in</span> <span class='ocrx_word' id='word_1_437' title='bbox 767 2582 864 2614; x_wconf 89' lang='lat' dir='ltr'>bello</span> <span class='ocrx_word' id='word_1_438' title='bbox 890 2582 1083 2615; x_wconf 88' lang='lat' dir='ltr'>maritumo</span> <span class='ocrx_word' id='word_1_439' title='bbox 1116 2582 1183 2613; x_wconf 84' lang='lat' dir='ltr'>Gn.</span> <span class='ocrx_word' id='word_1_440' title='bbox 1216 2580 1367 2621; x_wconf 89' lang='lat' dir='ltr'>Pompei</span> <span class='ocrx_word' id='word_1_441' title='bbox 1396 2579 1558 2621; x_wconf 85' lang='lat' dir='ltr'>legatum</span> <span class='ocrx_word' id='word_1_442' title='bbox 1591 2581 1627 2608; x_wconf 90' lang='lat' dir='ltr'>et</span> 
     </span>
     <span class='ocr_line' id='line_1_45' title="bbox 99 2622 1626 2674; baseline -0.008 -10"><span class='ocrx_word' id='word_1_443' title='bbox 99 2625 165 2674; x_wconf 77' lang='lat' dir='ltr'>prc</span> <span class='ocrx_word' id='word_1_444' title='bbox 189 2629 524 2674; x_wconf 81' lang='lat' dir='ltr'>quaestorefuisse</span> <span class='ocrx_word' id='word_1_445' title='bbox 550 2631 694 2661; x_wconf 86' lang='lat' dir='ltr'>constet</span> <span class='ocrx_word' id='word_1_446' title='bbox 719 2626 806 2668; x_wconf 82' lang='lat' dir='ltr'>(vid.</span> <span class='ocrx_word' id='word_1_447' title='bbox 831 2628 956 2659; x_wconf 87' lang='lat' dir='ltr'>Drum.</span> <span class='ocrx_word' id='word_1_448' title='bbox 982 2625 1033 2658; x_wconf 95' lang='lat' dir='ltr'>IV</span> <span class='ocrx_word' id='word_1_449' title='bbox 1057 2637 1091 2669; x_wconf 94' lang='lat' dir='ltr'>p.</span> <span class='ocrx_word' id='word_1_450' title='bbox 1117 2625 1184 2658; x_wconf 79' lang='lat'>408</span> <span class='ocrx_word' id='word_1_451' title='bbox 1208 2636 1244 2657; x_wconf 90' lang='lat' dir='ltr'>n.</span> <span class='ocrx_word' id='word_1_452' title='bbox 1270 2624 1347 2663; x_wconf 39' lang='lat'>48³,</span> <span class='ocrx_word' id='word_1_453' title='bbox 1375 2623 1528 2655; x_wconf 84' lang='lat' dir='ltr'>eundem</span> <span class='ocrx_word' id='word_1_454' title='bbox 1552 2622 1626 2653; x_wconf 90' lang='lat' dir='ltr'>iam</span> 
     </span>
     <span class='ocr_line' id='line_1_46' title="bbox 100 2660 1626 2719; baseline -0.007 -11"><span class='ocrx_word' id='word_1_455' title='bbox 100 2677 139 2708; x_wconf 91' lang='lat' dir='ltr'>in</span> <span class='ocrx_word' id='word_1_456' title='bbox 155 2676 339 2719; x_wconf 86' lang='lat' dir='ltr'>Hispania</span> <span class='ocrx_word' id='word_1_457' title='bbox 355 2675 394 2706; x_wconf 91' lang='lat' dir='ltr'>in</span> <span class='ocrx_word' id='word_1_458' title='bbox 410 2674 507 2706; x_wconf 86' lang='lat' dir='ltr'>illius</span> <span class='ocrx_word' id='word_1_459' title='bbox 526 2674 690 2706; x_wconf 87' lang='lat' dir='ltr'>exercitu</span> <span class='ocrx_word' id='word_1_460' title='bbox 707 2671 892 2715; x_wconf 85' lang='lat' dir='ltr'>stipendia</span> <span class='ocrx_word' id='word_1_461' title='bbox 910 2672 1047 2704; x_wconf 84' lang='lat' dir='ltr'>fecisse</span> <span class='ocrx_word' id='word_1_462' title='bbox 1065 2682 1137 2703; x_wconf 91' lang='lat' dir='ltr'>non</span> <span class='ocrx_word' id='word_1_463' title='bbox 1154 2680 1300 2712; x_wconf 88' lang='lat' dir='ltr'>prorsus</span> <span class='ocrx_word' id='word_1_464' title='bbox 1320 2660 1540 2700; x_wconf 84' lang='lat' dir='ltr'>incredibile</span> <span class='ocrx_word' id='word_1_465' title='bbox 1559 2669 1626 2698; x_wconf 90' lang='lat' dir='ltr'>est.</span> 
     </span>
    </p>
   </div>
   <div class='ocr_carea' id='block_1_12' title="bbox 216 2759 1234 2817">
    <p class='ocr_par' dir='ltr' id='par_1_12' title="bbox 216 2759 1234 2817">
     <span class='ocr_line' id='line_1_47' title="bbox 216 2759 1234 2817; baseline -0.008 -13"><span class='ocrx_word' id='word_1_466' title='bbox 216 2766 262 2805; x_wconf 87' lang='lat'>71</span> <span class='ocrx_word' id='word_1_467' title='bbox 301 2764 381 2817; x_wconf 86' lang='lat' dir='ltr'>[Kr.</span> <span class='ocrx_word' id='word_1_468' title='bbox 403 2769 460 2802; x_wconf 83' lang='lat'>91.</span> <span class='ocrx_word' id='word_1_469' title='bbox 492 2766 530 2802; x_wconf 92' lang='lat' dir='ltr'>G.</span> <span class='ocrx_word' id='word_1_470' title='bbox 552 2768 596 2802; x_wconf 86' lang='lat'>35</span> <span class='ocrx_word' id='word_1_471' title='bbox 617 2771 653 2802; x_wconf 78' lang='lat' dir='ltr'>et</span> <span class='ocrx_word' id='word_1_472' title='bbox 673 2762 750 2816; x_wconf 82' lang='grc'>36].</span> <span class='ocrx_word' id='word_1_473' title='bbox 810 2762 908 2802; x_wconf 87' lang='lat' dir='ltr'>Belli</span> <span class='ocrx_word' id='word_1_474' title='bbox 935 2773 1029 2801; x_wconf 82' lang='lat' dir='ltr'>sane</span> <span class='ocrx_word' id='word_1_475' title='bbox 1059 2761 1198 2799; x_wconf 74' lang='lat' dir='ltr'>sciens.</span> <span class='ocrx_word' id='word_1_476' title='bbox 1229 2759 1234 2762; x_wconf 88' lang='lat'>&#39;</span> 
     </span>
    </p>
   </div>
   <div class='ocr_carea' id='block_1_13' title="bbox 72 2832 1626 2975">
    <p class='ocr_par' dir='ltr' id='par_1_13' title="bbox 72 2832 1626 2975">
     <span class='ocr_line' id='line_1_48' title="bbox 212 2832 1626 2884; baseline -0.008 -8"><span class='ocrx_word' id='word_1_477' title='bbox 212 2844 257 2876; x_wconf 90' lang='lat' dir='ltr'>In</span> <span class='ocrx_word' id='word_1_478' title='bbox 281 2843 410 2876; x_wconf 90' lang='lat' dir='ltr'>codice</span> <span class='ocrx_word' id='word_1_479' title='bbox 437 2843 504 2875; x_wconf 88' lang='lat' dir='ltr'>Gu.</span> <span class='ocrx_word' id='word_1_480' title='bbox 524 2842 697 2874; x_wconf 84' lang='lat' dir='ltr'>Arusiani</span> <span class='ocrx_word' id='word_1_481' title='bbox 721 2840 770 2884; x_wconf 90' lang='lat' dir='ltr'>(p.</span> <span class='ocrx_word' id='word_1_482' title='bbox 790 2840 856 2873; x_wconf 77' lang='lat'>262</span> <span class='ocrx_word' id='word_1_483' title='bbox 874 2840 929 2872; x_wconf 89' lang='lat' dir='ltr'>ed.</span> <span class='ocrx_word' id='word_1_484' title='bbox 948 2838 1071 2878; x_wconf 87' lang='lat' dir='ltr'>Lind.)</span> <span class='ocrx_word' id='word_1_485' title='bbox 1096 2837 1191 2869; x_wconf 85' lang='lat' dir='ltr'>haec</span> <span class='ocrx_word' id='word_1_486' title='bbox 1209 2836 1362 2867; x_wconf 87' lang='lat' dir='ltr'>inventa</span> <span class='ocrx_word' id='word_1_487' title='bbox 1380 2836 1479 2866; x_wconf 86' lang='lat' dir='ltr'>sunt:</span> <span class='ocrx_word' id='word_1_488' title='bbox 1505 2832 1626 2866; x_wconf 80' lang='lat' dir='ltr'>Sciens</span> 
     </span>
     <span class='ocr_line' id='line_1_49' title="bbox 72 2878 1625 2921; baseline -0.008 0"><span class='ocrx_word' id='word_1_489' title='bbox 72 2895 74 2897; x_wconf 79' lang='grc'>’</span> <span class='ocrx_word' id='word_1_490' title='bbox 101 2890 197 2921; x_wconf 75' lang='lat' dir='ltr'>huius</span> <span class='ocrx_word' id='word_1_491' title='bbox 220 2891 284 2921; x_wconf 84' lang='lat' dir='ltr'>rei.</span> <span class='ocrx_word' id='word_1_492' title='bbox 333 2888 484 2920; x_wconf 83' lang='lat' dir='ltr'>Salust.:</span> <span class='ocrx_word' id='word_1_493' title='bbox 500 2888 630 2920; x_wconf 79' lang='lat' dir='ltr'>sciens</span> <span class='ocrx_word' id='word_1_494' title='bbox 654 2887 792 2920; x_wconf 80' lang='lat' dir='ltr'>horum.</span> <span class='ocrx_word' id='word_1_495' title='bbox 834 2886 930 2917; x_wconf 89' lang='lat' dir='ltr'>Idem</span> <span class='ocrx_word' id='word_1_496' title='bbox 948 2885 1082 2915; x_wconf 75' lang='lat' dir='ltr'>Hister.</span> <span class='ocrx_word' id='word_1_497' title='bbox 1100 2883 1137 2913; x_wconf 93' lang='grc' dir='ltr'>ΙΙ</span> <span class='ocrx_word' id='word_1_498' title='bbox 1159 2880 1296 2913; x_wconf 86' lang='lat' dir='ltr'>bellica</span> <span class='ocrx_word' id='word_1_499' title='bbox 1313 2879 1495 2912; x_wconf 81' lang='lat' dir='ltr'>nesciens.</span> <span class='ocrx_word' id='word_1_500' title='bbox 1537 2878 1625 2916; x_wconf 81' lang='lat' dir='ltr'>Cum</span> 
     </span>
     <span class='ocr_line' id='line_1_50' title="bbox 104 2923 1624 2975; baseline -0.007 -9"><span class='ocrx_word' id='word_1_501' title='bbox 104 2933 258 2966; x_wconf 77' lang='lat' dir='ltr'>alterum</span> <span class='ocrx_word' id='word_1_502' title='bbox 271 2933 475 2975; x_wconf 86' lang='lat' dir='ltr'>exemplum</span> <span class='ocrx_word' id='word_1_503' title='bbox 488 2933 534 2964; x_wconf 84' lang='lat' dir='ltr'>ab</span> <span class='ocrx_word' id='word_1_504' title='bbox 548 2932 720 2967; x_wconf 82' lang='lat' dir='ltr'>lemmate</span> <span class='ocrx_word' id='word_1_505' title='bbox 738 2931 918 2974; x_wconf 85' lang='lat' dir='ltr'>divorsum</span> <span class='ocrx_word' id='word_1_506' title='bbox 934 2929 992 2968; x_wconf 87' lang='lat' dir='ltr'>sit,</span> <span class='ocrx_word' id='word_1_507' title='bbox 1017 2930 1053 2959; x_wconf 87' lang='lat' dir='ltr'>et</span> <span class='ocrx_word' id='word_1_508' title='bbox 1068 2926 1191 2959; x_wconf 88' lang='lat' dir='ltr'>Conm.</span> <span class='ocrx_word' id='word_1_509' title='bbox 1212 2925 1320 2967; x_wconf 90' lang='lat' dir='ltr'>Cruq.</span> <span class='ocrx_word' id='word_1_510' title='bbox 1340 2924 1387 2957; x_wconf 86' lang='lat' dir='ltr'>ad</span> <span class='ocrx_word' id='word_1_511' title='bbox 1401 2925 1490 2957; x_wconf 87' lang='lat' dir='ltr'>Hor.</span> <span class='ocrx_word' id='word_1_512' title='bbox 1507 2923 1624 2966; x_wconf 87' lang='lat' dir='ltr'>Epod.</span> 
     </span>
    </p>
   </div>
  </div>
 </body>
</html>
