1852 3294
207 209 289 249 296
901 221 1034 246 mnux

210 325 337 364 optare
362 331 406 352 ne
426 330 464 350 se
486 318 656 360 adtingat
679 318 714 349 H
731 318 750 349 I
766 317 966 359 48,12.=:
982 321 1095 351 otium
1114 319 1266 351 divitiae
1284 319 1447 361 optanda
1465 320 1559 352 alias
1577 319 1605 352 C
1627 319 1678 361 10,
1698 321 1731 352 2.

209 367 327 409 gloria
347 368 419 406 atq.
440 363 514 395 alia
532 362 693 405 optanda
710 363 815 395 bonis
831 364 854 395 J
871 363 977 404 64,1.

253 411 400 449 opulens.
413 409 565 484 3civitas
583 418 719 450 magna
737 412 774 440 et
793 409 945 451 opulens
961 410 984 442 J
994 408 1056 446 69,
1072 408 1102 441 3.
1121 421 1167 436 =
1183 409 1360 449 opulenter
1376 420 1451 449 me,
1471 409 1555 442 illos
1573 412 1652 442 arte
1671 420 1729 443 co-

208 456 280 486 lam
298 455 321 485 J
338 454 392 492 85,
436 453 456 484 4

253 479 426 538 opulentia.
447 497 722 539 neglegentiam
746 497 932 530 tolerabat
950 498 977 530 C
995 497 1056 537 52,
1075 497 1109 530 9.
1150 498 1327 530 habemus
1350 499 1494 540 publice
1513 501 1729 541 egestatem,

207 543 379 585 privatim
397 542 622 584 opulentiam
641 542 667 574 C
686 542 741 583 52,
761 543 815 574 22.
851 543 954 584 pacis
972 524 1198 587 opulentiam
1217 544 1395 585 quaeritis
1414 545 1448 575 H
1464 545 1500 576 ΙΙ
1516 544 1571 585 41,
1593 543 1644 606 14.
1676 545 1731 576 in-

208 589 308 621 vidia
328 599 371 619 ex
390 588 580 630 opulentia
599 590 679 619 orta
698 590 754 619 est
771 587 798 619 O
816 586 848 627 6,
868 587 900 620 3.

253 634 441 672 opulentus.
471 633 530 664 —i
552 643 659 674 reges
685 633 711 664 O
735 632 798 673 53,
818 632 851 665 3.
892 633 1018 674 magni
1043 634 1131 665 estis
1157 636 1194 665 et
1221 634 1293 664 —ti
1317 633 1340 665 J
1360 633 1419 671 14,
1442 633 1493 666 19.
1520 632 1581 674 79,
1600 604 1622 665 2
1645 636 1730 667 conl.

209 678 262 718 75,
287 677 314 709 1.
358 678 529 720 oppidum
554 678 665 709 armis
689 678 813 719 virisq.
840 677 1051 719 opulentum
1068 678 1091 710 J
1108 678 1169 718 57,
1193 678 1221 710 1.
1264 688 1350 719 pars
1373 679 1478 710 Num.
1499 689 1588 721 agro
1605 678 1730 721 virisq.

208 723 417 765 opulentior
431 723 455 755 J
476 722 525 763 16,
545 723 576 754 5.
619 723 680 764 qui
699 723 813 755 —tior
830 725 902 762 est,
924 741 964 745 —
984 724 1070 764 quia
1087 723 1167 764 plus
1185 726 1324 764 potest,
1345 723 1518 755 iniuriam
1535 724 1662 755 facere
1678 724 1733 756 vi—

210 768 313 799 detur
337 768 359 799 J
387 767 444 807 10,
463 768 495 799 7.
536 768 620 799 loca
637 768 740 799 Num.
762 767 1049 809 opulentissuma
1071 768 1094 800 J
1111 768 1171 805 54,
1190 767 1222 799 6.
1264 769 1319 799 uti
1344 769 1459 810 quisq.
1486 768 1732 811 opulentissu-

210 823 298 853 mus,
319 813 372 844 ita
390 813 562 845 Romanis
578 813 720 845 hostem
737 813 815 844 fore
834 813 856 844 J
873 811 928 853 81,
949 812 978 844 l.

200 860 203 864 ”
254 866 346 897 opus.
374 858 533 889 turribus
551 868 640 900 opus
659 861 696 889 et
715 857 948 889 administros
966 857 1079 888 tutari
1094 857 1118 889 J
1135 856 1197 897 76,
1217 855 1248 888 3.
1289 857 1423 889 itinere
1449 860 1522 900 atq.
1541 868 1650 900 opere
1670 868 1730 890 ca-

210 907 364 935 strorum
383 906 419 934 et
436 903 576 945 proelio
595 902 684 934 fessi
700 903 723 934 J
741 902 796 942 53,
817 903 848 934 5.
889 913 952 954 pro
971 912 1080 944 opere
1099 903 1300 934 consistere
1316 902 1340 933 J
1356 901 1412 942 92,
1431 902 1462 934 9.
1503 902 1605 935 velut
1621 913 1732 945 opere

212 951 247 980 et
265 948 430 980 consulto
447 958 628 990 praeceps
643 948 665 979 J
683 947 747 988 92,
767 947 799 979 5.
841 948 959 1000 magis
984 957 1092 989 opere
1116 957 1224 988 quam
1240 950 1374 979 natura
1391 948 1565 978 munitum
1583 948 1607 979 J
1623 947 1678 988 57,
1697 949 1730 980 2.

212 996 248 1025 et
264 993 434 1038 operibus
453 996 489 1024 et
506 993 586 1025 loco
605 993 628 1024 J
645 992 700 1033 76,
719 994 750 1024 2.
793 993 936 1045 magnis
961 992 1131 1034 operibus
1157 992 1368 1024 conmunita
1384 992 1419 1023 H
1436 993 1489 1024 III
1506 991 1567 1033 67,
1587 991 1619 1024 3.
1659 1003 1733 1025 ma-

209 1037 849 1135 53¹5.‘'353355553'33331133
850 1083 873 1114 J
889 1039 933 1114 {3¹31
943 1048 1003 1122 ΟΞ
1003 1037 1204 1114 813311..Ῑὲ
1227 1036 1531 1122 ffgssnssiezt‘g'?
1548 1037 1734 1114 1³5d³⁵33³hii

210 1129 259 1169 vi,
277 1128 369 1159 nihil
388 1128 595 1160 secessione
620 1129 641 1159 J
661 1127 699 1159 31
714 1152 721 1167 ,
739 1126 772 1159 6.
814 1129 851 1159 vi
868 1128 891 1159 J
908 1107 969 1165 55,
988 1125 1022 1158 6.
1062 1127 1124 1158 ubi
1149 1093 1329 1158 frumgnt'o
1355 1130 1417 1159 aut
1439 1127 1575 1169 pabulo
1599 1138 1631 1159 o.
1652 1131 1734 1160 erat

211 1174 232 1204 J
252 1173 306 1213 55,
326 1174 357 1205 4.
399 1183 511 1215 opera
531 1176 593 1204 aut
610 1173 758 1215 ingenio
777 1183 841 1204 suo
859 1183 948 1214 opus
967 1182 1046 1203 esse
1062 1173 1085 1204 J
1103 1172 1163 1212 71,
1183 1172 1216 1203 4.
1257 1172 1330 1203 illis
1355 1171 1510 1203 artificio
1535 1182 1566 1204 0.
1586 1183 1617 1204 e.
1635 1172 1659 1204 J
1675 1171 1730 1213 85,

211 1218 265 1250 31.
309 1218 394 1260 quid
413 1230 443 1250 0.
463 1218 642 1258 decretis,
671 1218 756 1259 quid
774 1218 909 1249 auxilio
929 1217 1053 1249 Catuli
1071 1218 1106 1248 H
1123 1218 1141 1249 I
1157 1216 1218 1256 48,
1239 1216 1291 1249 19.
1335 1216 1500 1249 consulto
1526 1234 1563 1239 —
1590 1221 1733 1249 mature

211 1264 309 1295 facto
328 1274 416 1305 opus
435 1266 492 1295 est
510 1263 537 1295 C
555 1263 583 1302 1,
602 1261 623 1294 6
640 1265 725 1295 conl.
742 1261 804 1303 43,
825 1262 856 1294 3.
883 1262 945 1302 45,
970 1263 996 1294 1.
1041 1262 1126 1304 quid
1143 1262 1245 1294 facto
1264 1272 1353 1304 opus
1371 1264 1469 1293 esset
1487 1261 1514 1293 O
1532 1261 1588 1302 46,
1606 1263 1639 1295 2.
1678 1262 1733 1294 in-

212 1312 320 1350 cepto
338 1320 370 1341 o.
391 1319 421 1340 8.
442 1307 468 1339 C
487 1307 542 1348 20,
566 1307 616 1339 10.
658 1308 730 1340 sibi
747 1308 894 1350 perdita
911 1318 950 1339 re
970 1319 1002 1350 p.
1023 1318 1054 1340 o.
1076 1317 1156 1339 esse
1175 1307 1202 1338 C
1221 1306 1275 1347 31,
1295 1307 1327 1339 7.

256 1362 316 1385 ora
332 1353 525 1385 marituma
540 1353 564 1384 J
586 1352 635 1393 19,
659 1353 686 1383 1.
712 1353 747 1384 Η
763 1353 819 1384 III
836 1353 889 1384 55.

255 1399 375 1430 oratio.
406 1401 548 1439 tempus
569 1415 605 1419 —
626 1398 745 1438 magis
763 1408 868 1439 quam
893 1397 1010 1429 oratio
1035 1407 1118 1428 mea
1141 1407 1206 1428 vos
1229 1397 1421 1428 hortantur
1439 1396 1466 1428 C
1484 1396 1548 1435 20,
1571 1396 1622 1429 15.
1665 1407 1733 1439 quo

211 1444 277 1475 illa
296 1454 327 1475 o.
347 1443 524 1485 pertinuit
543 1442 569 1474 C
587 1441 722 1483 51,10.
767 1453 871 1483 quem
896 1452 954 1474 res
974 1460 1015 1463 —-
1033 1452 1102 1473 non
1121 1442 1316 1483 permovit,
1343 1451 1424 1472 eum
1448 1452 1481 1473 0.
1506 1442 1688 1473 adcendet
1705 1441 1732 1474 O

211 1487 321 1528 51,10
338 1488 437 1529 (conl.
458 1488 596 1519 Bocchi
615 1488 772 1519 animum
790 1488 954 1519 oratione
975 1486 1147 1518 adcendit
1163 1486 1186 1518 J
1204 1485 1317 1526 81,1).
1349 1496 1405 1517 1118
1422 1486 1524 1518 nulla
1541 1497 1572 1518 o.
1584 1485 1732 1518 laedere

210 1513 424 1576 poiestJ85‚
434 1533 489 1564 27.
516 1543 582 1574 per
599 1532 833 1574 obsequelam
848 1532 1023 1564 orationis
1038 1532 1072 1562 H
1085 1531 1121 1563 II
1133 1530 1188 1562 49.
1213 1531 1415 1563 mationem
1428 1531 1558 1563 habuit
1571 1530 1734 1563 luculen-

211 1583 285 1610 tam
302 1582 374 1620 atq.
385 1577 575 1613 utilemrei
590 1589 623 1619 p.
638 1594 673 1599 —-
687 1578 861 1619 scriptam
871 1576 1087 1616 ediditC31,
1099 1574 1132 1607 6.
1159 1577 1237 1608 Vici.
1247 1576 1380 1607 habeo.
1406 1586 1735 1617 magnamexorsus

212 1625 415 1656 orationem
428 1623 463 1654 H
476 1623 526 1654 IV
539 1622 592 1654 70.
627 1622 769 1654 abunde
787 1622 860 1653 illis
878 1622 1105 1663 conpositam
1119 1622 1321 1652 orationem
1339 1621 1416 1652 fore
1430 1621 1455 1652 J
1470 1621 1525 1659 85,
1535 1619 1592 1652 26.
1622 1631 1734 1653 unam

213 1680 256 1701 ex
273 1672 349 1700 tam
365 1668 488 1699 multis
506 1668 584 1699 eius
602 1668 804 1698 orationem
821 1667 1050 1709 perscribere
1068 1666 1091 1698 J
1108 1665 1164 1706 30,
1182 1666 1214 1697 4.
1257 1670 1439 1717 permotus
1457 1666 1622 1697 oratione
1641 1665 1734 1698 Cae-

212 1725 227 1746 s
232 1715 305 1745 aris
324 1713 350 1744 C
369 1712 423 1753 50,
435 1713 466 1745 4.
500 1723 619 1754 neque
639 1723 682 1744 ex
699 1713 832 1753 ignavo
850 1715 1037 1744 strenuum
1054 1729 1097 1733 —
1116 1711 1314 1743 exercitum
1332 1710 1497 1742 oratione
1515 1711 1737 1752 inperatoris

212 1759 291 1791 fieri
310 1758 336 1790 C
355 1756 460 1798 58,1.
504 1767 677 1799 quorum
670 1760 826 1799 accepta
843 1757 1008 1789 oratione
1025 1757 1049 1788 J
1065 1756 1119 1796 22,
1139 1756 1171 1787 2.
1205 1755 1320 1788 multa
1337 1756 1500 1797 oratione
1519 1759 1736 1798 consumpta.

211 1804 234 1836 J
251 1803 610 1843 25‚11.h0minem
634 1802 795 1834 secunda
821 1802 984 1834 oratione
1012 1781 1154 1833 extollit
1176 1801 1199 1832 J
1216 1800 1278 1840 65,
1297 1800 1328 1833 3.
1370 1800 1545 1843 pleraque
1569 1801 1745 1833 oratione·

212 1849 370 1881 maiores
394 1858 478 1880 suos
505 1847 683 1903 extollunt
699 1847 722 1879 J
733 1846 802 1887 85,
821 1846 862 1878 21
889 1849 974 1879 conl.
997 1845 1078 1887 103,
1098 1847 1130 1878 7.
1173 1856 1236 1878 eos
1260 1845 1425 1878 oratione
1450 1856 1517 1878 sua
1540 1846 1737 1878 adrexerat

259 1911 383 1971 orator.
414 1938 637 1980 praemissus
657 1937 702 1969 ab
721 1937 749 1968 I.
772 1954 805 1959 —
830 1940 953 1969 orator
971 1913 1007 1969 et
1024 1936 1252 1979 speculatum
1269 1936 1294 1968 J
1314 1934 1423 1975 108,1

258 1985 348 2016 orbis
366 1986 551 2015 terra-rum
575 1983 602 2014 C
619 1982 657 2022 8,
678 1982 710 2014 3.
734 1982 759 2014 J
777 1982 835 2022 17,
856 1982 876 2014 3
900 1982 1062 2023 (terrae).
1094 1982 1129 2013 H
1146 1980 1249 2014 1194.
1282 1982 1332 2013 IV
1356 1961 1418 2021 61,
1441 1980 1491 2012 17.
1535 1981 1641 2013 orbes
1667 1991 1736 2013 axe

213 2030 330 2061 iuncti
347 2030 382 2060 H
398 2029 452 2060 ΙΙΙ
467 2028 522 2060 22.
564 2007 700 2059 milites
718 2028 815 2059 orbis
834 2028 957 2059 fecere
973 2028 997 2059 J
1014 2026 1070 2067 97,
1088 2027 1121 2058 5.

258 2075 348 2105 ordo.
388 2076 554 2105 senatum
571 2091 616 2095 ——
632 2083 840 2115 magnaque
866 2072 1074 2114 frequentia
1100 2072 1178 2103 eius
1202 2071 1338 2103 ordinis
1357 2069 1384 2102 C
1403 2069 1464 2110 46,
1484 2069 1609 2112 66οηῖ.
1628 2069 1684 2111 52,
1703 2071 1735 2103 7.

215 2118 266 2151 13.
294 2120 329 2150 H
346 2120 363 2150 Ι
380 2118 434 2157 48,
459 2115 509 2150 191
527 2118 581 2150 22.
622 2118 799 2149 senatorii
818 2118 955 2149 ordinis
974 2117 1001 2149 O
1024 2117 1074 2157 17,
1094 2116 1126 2149 3.
1150 2116 1173 2148 J
1191 2115 1254 2155 62,
1273 2116 1305 2148 4.
1335 2115 1413 2155 104,
1437 2115 1464 2146 1.
1507 2126 1551 2147 ex
1577 2116 1738 2157 equestri

214 2164 339 2195 ordine
365 2163 391 2195 C
414 2162 467 2201 17,
488 2164 520 2194 4.
562 2163 675 2195 vostri
700 2163 836 2194 ordinis
862 2162 967 2194 multi
991 2161 1165 2194 mortales
1187 2161 1210 2193 J
1234 2161 1294 2201 31,
1315 2161 1346 2192 7.
1388 2161 1554 2192 homines
1579 2160 1736 2192 omnium

215 2209 379 2240 ordinum
405 2208 439 2238 H
456 2209 472 2238 Ι
489 2207 552 2247 48,
571 2208 601 2238 7.
634 2208 687 2238 III
704 2207 758 2240 73.
801 2207 1025 2240 divorsorum
1050 2207 1215 2239 ordinum
1239 2207 1273 2237 H
1297 2207 1331 2237 11
1355 2204 1410 2237 39.
1459 2216 1553 2247 quae
1577 2206 1737 2237 maiores

214 2256 315 2285 recte
334 2256 408 2293 atq.
428 2253 553 2284 ordine
573 2253 696 2283 fecere
711 2252 737 2284 C
756 2252 810 2292 51,
830 2253 862 2284 4.
903 2263 949 2283 ne
968 2253 1046 2294 quis
1063 2252 1188 2284 ordine
1208 2251 1444 2293 egrederetur
1459 2251 1483 2282 J
1498 2250 1554 2290 45,
1572 2250 1604 2282 2.
1638 2250 1737 2282 1111110

214 2299 341 2330 ordine
366 2300 575 2329 conmutato
595 2297 619 2330 J
639 2296 719 2337 101,
739 2297 760 2327 2
785 2300 871 2328 conl.
898 2298 1118 2329 conmutatis
1143 2296 1330 2328 ordinibus
1346 2296 1370 2327 J
1387 2295 1448 2334 49,
1467 2294 1498 2327 6.
1539 2296 1738 2327 instructos

215 2344 359 2375 ordines
377 2342 525 2373 deducit
543 2340 569 2372 C
587 2340 694 2382 59,1.
737 2342 979 2373 Romanorum
999 2342 1144 2374 ordines
1163 2341 1382 2373 conturbare
1398 2341 1422 2372 J
1438 2320 1501 2380 50,
1518 2340 1551 2371 4.
1592 2351 1612 2372 0
1630 2340 1737 2372 resti-

215 2389 286 2429 tuit
302 2389 325 2420 J
342 2386 396 2427 51,
417 2386 447 2418 3.
491 2387 686 2418 observare
705 2386 728 2417 J
746 2386 800 2426 51,
824 2386 852 2417 1.
886 2387 1023 2418 habere
1040 2387 1063 2418 J
1080 2386 1136 2428 80,
1156 2387 1189 2418 2.
1223 2386 1302 2418 sine
1321 2386 1434 2428 signis
1452 2386 1531 2418 sine
1550 2385 1738 2417 ordinibus

260 2479 395 2510 Orestes
411 2477 476 2508 vid.
496 2475 671 2508 Aufidius.

260 2523 422 2555 Orestilla
440 2523 507 2553 vid.
526 2521 688 2552 Aurelia.

261 2569 366 2608 origo.
398 2577 465 2599 eae
479 2565 588 2598 urbes
602 2576 686 2608 pars
701 2565 903 2608 originibus
918 2565 993 2596 suis
1006 2565 1201 2606 praesidio,
1222 2565 1318 2596 aliae
1334 2565 1457 2597 decori
1475 2565 1577 2596 fuere
1593 2564 1618 2596 J
1636 2539 1690 2604 19,
1707 2563 1737 2596 1.

260 2614 363 2645 Orion
378 2612 438 2644 H·
428 2623 441 2643 1
460 2610 536 2643 100.

261 2659 360 2690 orior.
391 2657 514 2689 omnia
538 2659 619 2688 orta
642 2655 812 2688 occidunt
828 2654 852 2686 J
869 2655 901 2694 2,
921 2653 952 2686 3.
995 2653 1107 2685 Orion
1124 2654 1239 2685 oritur
1261 2654 1325 2684 Η
1316 2665 1327 2684 1
1348 2653 1422 2685 10οι
1461 2653 1594 2684 flumen
1618 2653 1738 2685 oriens

217 2715 238 2735 a
256 2703 408 2734 meridie
425 2702 448 2734 J
465 2700 519 2742 48,
540 2700 572 2734 3.
607 2711 651 2732 ex
669 2711 712 2732 eo
731 2700 835 2732 collis
853 2680 1038 2732 oriebatur
1052 2699 1075 2730 J
1091 2697 1145 2730 48.
1164 2698 1195 2730 3.
1233 2708 1278 2730 ea
1295 2698 1440 2730 familia
1458 2701 1574 2730 ortum
1593 2697 1619 2729 C
1637 2697 1725 2738 31,7

218 2760 261 2779 ox
286 2747 491 2779 concubina
514 2749 613 2778 ortus
629 2746 653 2777 J
670 2743 919 2786 5,7.108,1.
968 2747 1067 2775 citus
1090 2746 1146 2775 est
1169 2743 1278 2785 longe
1304 2743 1448 2774 saevior
1465 2742 1616 2774 Catulus
1633 2743 1668 2774 H
1684 2743 1738 2774 111

216 2791 550 2832 61,10.81811101·
541 2801 671 2832 ingens
689 2790 802 2822 oritur
818 2790 841 2821 J
857 2769 912 2830 57,
932 2788 963 2821 3.
1003 2789 1142 2820 utinam
1167 2787 1362 2829 aliquando
1387 2787 1483 2829 apud
1507 2797 1571 2819 vos
1590 2805 1632 2809 -
1650 2797 1738 2819 cura

216 2837 354 2868 oriatur
369 2837 393 2869 J
411 2836 470 2877 14,
490 2835 547 2867 21.
589 2835 770 2867 dissensio
799 2834 920 2866 civilis
945 2833 1030 2866 oriri
1053 2833 1175 2874 coepit
1196 2833 1219 2864 J
1236 2831 1373 2872 41,10.
1416 2832 1537 2863 omnia
1561 2831 1660 2864 mala
1678 2842 1737 2863 ex-

217 2881 337 2923 empla
364 2892 407 2913 ex
424 2862 532 2913 re⁷bus
551 2880 655 2912 bonis
673 2882 753 2911 orta
771 2882 854 2911 sunt
873 2879 899 2911 C
918 2878 977 2919 51,
998 2878 1053 2910 27.
1095 2877 1266 2920 gaudium
1290 2858 1422 2919 ingens
1447 2879 1562 2908 ortum
1584 2877 1608 2909 J
1625 2875 1738 2917 55,1.
