1852 3294
826 215 959 242 inm-:x
1569 197 1650 238 323

124 316 307 349 benificiis
325 316 484 349 animam
502 316 596 348 dono
613 315 758 348 dedisse
776 315 812 346 H
828 315 863 346 ΙΙ
879 314 934 354 41,
958 313 1009 346 12.
1050 324 1115 356 pro
1140 313 1271 355 quibus
1286 330 1324 335 —
1344 312 1480 344 famem
1497 310 1651 344 redditis

125 363 160 394 H
175 363 212 394 ΙΙ
226 361 281 402 96,
301 361 334 394 6.
376 373 441 404 pro
465 362 596 404 quibus
619 359 804 392 benificiis
828 360 890 392 vix
913 363 1039 402 gratus
1057 359 1187 391 videar
1202 358 1237 391 H
1253 359 1291 390 ΙΙ
1306 357 1362 398 41„
1380 357 1413 389 5.
1455 357 1549 390 haec
1566 359 1652 389 sunt

124 408 289 450 praemia
313 418 377 449 pro
402 406 611 439 volneribus
635 406 671 437 H
687 406 722 437 II
737 404 799 444 96,
818 405 851 436 2.
874 417 920 432 Ξ
945 415 1037 446 quac
1064 414 1122 436 res
1141 404 1298 436 Marium
1322 413 1404 436 cum
1427 413 1492 446 pro
1515 401 1651 435 honore

125 457 201 484 tum
219 456 348 484 eontra
364 451 553 484 Metellum
572 451 745 483 adcendit
760 450 785 482 J
800 449 861 490 64,
881 450 913 481 4.
946 460 1020 492 ,pro
1043 449 1147 481 vobis
1173 459 1284 492 agere
1307 448 1386 490 obp.
1413 458 1477 490 pro
1496 447 1579 480 aliis
1594 446 1651 480 'to—

124 498 243 530 lerare
261 498 296 529 H
312 498 365 529 111
381 497 443 536 61,
468 496 517 528 15.
559 506 660 527 arma
685 496 784 537 cepit
808 505 880 527 non
903 505 967 537 pro
993 505 1059 526 sua
1082 494 1218 526 iniuria
1242 494 1277 525 H
1299 494 1317 525 I
1333 492 1396 533 48,
1414 492 1466 525 10.
1508 495 1651 525 certare

423 543 432 550 .
494 542 505 555 ,
666 540 681 547 .-
865 541 874 560 ι
890 540 903 546 -
1322 539 1330 547 .
1362 539 1370 546 .

123 538 1569 628 32253201‘0121‘53F31‘543823..{?;,.¹0¹·11;¹..³32‚.{·.0¹{4⁴³3staiffz‘ftssasszzssdxssssz
1586 548 1652 626 313

124 632 259 664 Italica
276 635 388 675 gente
404 631 476 663 fuit
493 632 527 662 H
546 631 562 663 I
584 630 635 662 1-1.
670 630 883 662 inimicitias
901 640 965 672 pro
983 640 1019 661 re
1038 641 1073 672 p.
1091 630 1239 671 suscepi
1255 629 1291 660 H
1307 629 1343 667 Π
1361 629 1415 668 41,
1435 629 1468 660 4.
1509 629 1650 671 magni—

124 677 196 710 fica
212 688 278 720 pro
297 687 336 709 se
355 681 392 709 et
408 676 482 708 illis
499 676 663 707 dolentia
678 676 702 707 J
719 675 774 714 84,
788 675 817 707 l.
852 676 921 706 niti
939 685 1002 717 pro
1019 685 1086 706 sua
1103 674 1357 717 magnitudine
1376 673 1403 706 C
1422 673 1477 714 38,
1495 674 1528 705 2.
1554 674 1577 707 J
1598 673 1650 713 15,

123 723 156 755 2.
182 721 244 763 31,
266 722 317 754 17.
358 732 424 765 pro
448 721 614 752 hostibus
639 724 676 752 et
702 721 895 752 advorsum
919 730 958 752 se
977 720 1271 762 oportunissuma
1288 719 1312 751 J
1328 718 1389 760 88,
1409 719 1442 751 4.
1484 729 1650 761 pugnare

122 778 187 810 pro
205 785 247 790 —-
265 767 293 799 C
310 766 364 806 58,
387 767 440 798 11.
465 767 490 798 J
505 765 560 805 54,
584 765 611 798 l.
652 765 852 797 lubidinem
870 765 1062 797 advorsum
1080 775 1163 805 uos,
1191 767 1324 796 metum
1349 774 1413 807 pro
1437 764 1544 796 nobis
1568 774 1651 796 sua-

122 813 216 845 sisse
240 813 264 844 J
292 811 372 853 108,
393 811 425 845 3.
466 814 611 843 noctem
628 821 692 853 pro
711 821 750 842 se
773 811 845 842 rati
866 811 890 842 J
905 809 971 850 98,
991 810 1024 841 2.
1065 809 1223 842 relicuos
1247 809 1395 841 labores
1419 819 1484 852 pro
1509 809 1648 852 praeda

123 858 199 890 fore
216 858 240 890 J
257 855 311 898 54,
335 857 363 888 l.
405 867 470 900 pro
487 856 622 888 delicto
640 866 704 888 suo
721 856 835 888 verba
853 855 947 887 facit
962 855 986 886 J
1006 854 1079 896 102,
1103 854 1154 887 11.
1185 865 1250 897 pro
1267 854 1388 888 salute
1406 857 1532 887 vostra
1549 854 1650 887 vitae

120 902 228 934 finem
248 902 401 934 fecerim
420 902 454 933 H
471 902 505 933 II
521 901 577 941 41,
595 900 628 933 9.
669 911 785 933 voveo
804 901 968 942 dedoque
987 911 1044 932 mc
1061 911 1127 943 pro
1145 910 1183 931 re
1201 911 1236 942 p.
1254 900 1290 931 H
1307 900 1345 932 II
1361 899 1403 931 41
1415 924 1424 940 ,
1448 899 1499 931 10.
1518 912 1564 927 =
1581 899 1649 931 tibi

121 958 185 990 pro
203 947 370 979 amicitia
387 951 513 979 nostra
531 946 696 988 gratulor
711 947 734 979 J
750 945 783 986 9,
802 947 834 977 2.
877 946 968 978 satis
991 945 1165 977 honestas
1182 956 1246 987 pro
1264 955 1345 977 meo
1363 955 1452 977 casu
1469 954 1555 988 spes
1571 954 1648 977 sum

123 996 270 1025 secutus
289 992 316 1024 C
333 992 388 1031 35,
408 992 439 1024 4.
472 995 647 1023 'caussam
670 1002 734 1034 pro
760 1002 842 1023 mea
868 991 1130 1023 consuetudine
1155 990 1301 1033 suscepi
1319 989 1347 1022 C
1365 989 1420 1029 35,
1440 989 1471 1023 3.
1512 1000 1578 1033 pro
1596 990 1650 1022 rei

123 1038 231 1080 eopia
249 1041 401 1070 exornat
416 1037 440 1069 J
456 1036 512 1076 90,
534 1036 563 1068 1.
607 1047 670 1079 pro
689 1037 838 1079 ingenio
857 1037 1007 1078 quisque
1022 1036 1046 1068 J
1062 1036 1124 1076 57,
1143 1036 1165 1067 4
1183 1033 1284 1077 [conl.
1302 1034 1357 1076 58,
1375 1033 1421 1078 2].
1462 1045 1528 1078 pro
1545 1035 1647 1078 inge-

114 1083 183 1125 ·nio
201 1083 377 1125 cuiusque
396 1100 438 1104 —
457 1082 619 1114 excitare
636 1083 660 1114 J
676 1081 732 1121 49,
750 1082 772 1113 4
792 1079 894 1125 [conl.
915 1081 942 1113 C
959 1080 1015 1120 30,
1034 1078 1086 1123 7].
1126 1091 1192 1123 pro
1217 1080 1298 1113 loco
1317 1085 1391 1123 atq.
1412 1081 1528 1124 copiis
1547 1091 1649 1112 exer—

123 1129 233 1160 citum
251 1128 398 1160 instruit
415 1127 442 1159 C
460 1126 522 1167 59,
544 1127 559 1158 1
581 1125 681 1203 geom.
696 1130 851 1169 tempus,
869 1123 959 1169 res].
1002 1126 1132 1168 quibus
1156 1136 1222 1168 pro
1248 1125 1504 1169 magnitudine
1528 1126 1650 1168 inperi

121 1190 167 1196 -ω
184 1183 294 1205 curae
314 1183 394 1205 esse
413 1173 521 1204 decet
536 1173 560 1204 J
600 1172 631 1211 4,
652 1171 704 1204 16.
747 1173 778 1204 si
803 1182 868 1214 pro
885 1171 1137 1214 magnitudine
1154 1181 1280 1213 parem
1299 1171 1480 1203 disserere
1495 1171 1524 1202 ‘J
1538 1171 1594 1210 42,
1612 1171 1645 1202 5.

122 1218 226 1250 nobis
252 1229 297 1250 ea
320 1228 378 1250 res
401 1229 466 1260 pro
490 1217 741 1259 magnitudine
766 1227 894 1259 parum
919 1219 1095 1258 conperta
1121 1219 1177 1247 est
1201 1216 1228 1248 C
1253 1216 1308 1256 22,
1328 1216 1361 1247 4.
1405 1216 1476 1248 sibi
1495 1216 1647 1258 quisque

121 1274 186 1306 pro
210 1263 370 1295 moribus
394 1262 586 1295 consulunt
609 1263 632 1294 J
657 1261 718 1302 58,
736 1262 769 1294 2.
810 1262 970 1294 cohortis
994 1271 1058 1303 pro
1081 1271 1230 1294 numero
1249 1260 1398 1304 conplet
1415 1261 1443 1293 C
1461 1260 1516 1302 56,
1537 1260 1573 1293 1.·
1596 1262 1648 1293 ·in

121 1309 322 1351 municipia
338 1308 646 1340 distribuerentur
661 1318 726 1350 pro
744 1307 881 1348 cuiusq.
901 1306 1029 1349 opibus
1048 1305 1075 1337 C
1093 1305 1148 1346 30,
1165 1306 1196 1338 7.
1220 1306 1245 1338 J
1261 1305 1316 1346 80,
1330 1307 1363 1338 4.
1396 1317 1461 1348 pro
1479 1316 1517 1338 re
1536 1309 1647 1348 atque

119 1353 201 1385 loco
226 1372 267 1376 —-
293 1353 459 1396 procedit
475 1353 500 1385 J
515 1351 578 1392 50,
597 1352 630 1384 2.
673 1353 726 1384 uti
749 1363 814 1395 pro
833 1355 996 1394 tempore
1017 1354 1089 1393 atq.
1109 1351 1273 1393 periculo
1292 1351 1491 1383 exereitum
1511 1361 1646 1393 conpa-

90 1401 93 1403 ’
122 1401 247 1430 rarent
271 1399 299 1431 O
323 1397 385 1438 30,
404 1398 436 1430 5.
478 1408 543 1440 pro
567 1401 730 1439 tempore
756 1401 830 1439 atq.
856 1396 938 1429 loco
962 1397 1104 1439 paratis
1130 1396 1239 1428 rebus
1262 1397 1287 1429 J
1303 1396 1364 1436 57,
1385 1396 1406 1427 2
1429 1401 1517 1428 conl.
1537 1397 1591 1436 7-1,
1612 1397 1646 1430 2.

121 1454 186 1486 pro
202 1447 366 1486 tempore
383 1453 505 1486 pauca
522 1442 660 1474 milites
676 1442 844 1474 hortatus
861 1442 885 1474 J
901 1440 957 1479 49,
975 1441 1006 1473 6.
1048 1451 1112 1487 pro
1137 1444 1301 1484 tempore
1319 1441 1479 1484 benigne
1497 1451 1646 1484 respon·

121 1489 175 1520 dit
189 1489 214 1521 J
234 1488 284 1528 11,
299 1489 328 1520 l.
346 1501 392 1516 Ξ
407 1488 684 1520 Interz'ectio.
710 1498 775 1530 pro
793 1487 900 1519 deum
919 1490 1028 1529 atque
1046 1486 1233 1519 hominum
1251 1486 1359 1519 fidem
1373 1486 1401 1519 C
1418 1486 1474 1527 20,
1494 1486 1547 1519 10.
1580 1497 1646 1529 pro

121 1534 181 1566 dei
198 1534 285 1566 boni
302 1534 370 1574 HJ
386 1532 443 1574 48,
461 1533 493 1566 3.

164 1579 326 1619 probitas.
357 1588 484 1621 parum
507 1581 590 1610 tuta
612 1588 679 1620 per
703 1588 742 1610 se
767 1578 849 1620 ipsa
865 1577 1030 1620 probitas
1049 1580 1105 1609 est
1121 1577 1145 1609 J
1164 1576 1218 1617 14,
1235 1577 1268 1608 4.
1311 1576 1519 1609 Clementia
1537 1579 1574 1609 et
1590 1587 1644 1620 pr.

121 1628 258 1662 vostra,
277 1624 441 1663 Quirites
458 1624 493 1655 H
510 1624 527 1655 I
540 1622 594 1663 41,
618 1623 646 1655 l.
688 1623 870 1654 industria
886 1622 1051 1665 probitas
1067 1622 1091 1654 J
1107 1621 1168 1662 63,
1187 1623 1208 1654 2
1225 1624 1311 1655 conl.
1333 1621 1360 1663 l,
1380 1622 1425 1655 3>
1438 1622 1472 1663 4,
1491 1622 1523 1654 7.
1558 1633 1644 1654 ava-

122 1669 208 1700 ritia
225 1668 331 1700 fidem
348 1668 570 1711 probitatem
588 1671 770 1710 ceterasq.
789 1668 907 1700 bonas
926 1668 1015 1700 artis
1033 1667 1214 1699 subvertit
1230 1667 1258 1699 C
1280 1666 1331 1707 10,
1350 1668 1384 1699 4.

165 1714 279 1754 probo.
310 1714 555 1758 probarentne
578 1715 722 1745 tantum
744 1713 923 1754 flagitium
946 1712 970 1744 J
986 1711 1049 1752 30,
1071 1712 1100 1744 l.
1142 1721 1311 1744 maxuma
1337 1712 1569 1744 turbamenta
1593 1712 1646 1744 rei

121 1770 155 1802 p.
182 1762 292 1801 atque
318 1759 431 1790 exitia
454 1758 608 1801 probate
635 1757 669 1789 H
694 1758 711 1790 I
734 1757 774 1789 41
788 1783 798 1799 ‚
815 1758 870 1790 25.
912 1767 1004 1799 quae
1022 1757 1054 1789 si
1070 1757 1253 1800 probatis,
1281 1756 1409 1789 adeste
1427 1758 1463 1789 H
1480 1757 1498 1789 I
1514 1756 1569 1797 41,
1588 1757 1645 1790 27.

122 1807 257 1836 cuncta
280 1803 407 1846 plebes
432 1800 617 1835 Catilinae
642 1803 792 1845 incepta
813 1802 997 1845 probabat
1021 1801 1048 1834 C
1074 1802 1135 1842 37,
1156 1801 1185 1833 l.
1234 1801 1298 1833 ille
1321 1802 1476 1844 probare
1501 1803 1645 1844 partim,

122 1849 198 1881 alia
216 1849 375 1881 abnuere
394 1849 418 1881 J
434 1847 532 1887 83,3.
566 1848 746 1891 Tigranes
766 1866 805 1870 —
825 1858 907 1879 mea
925 1847 1026 1879 dicta
1042 1857 1124 1879 sero
1140 1846 1273 1889 probat
1289 1847 1324 1878 H
1340 1848 1391 1879 IV
1407 1846 1462 1885 61,
1477 1846 1527 1879 13.
1561 1857 1645 1879 con-

121 1895 258 1926 ditione
276 1894 432 1936 probata
449 1894 473 1926 J
491 1892 545 1932 79,
554 1892 586 1925 9.
622 1903 666 1925 ea
684 1903 743 1925 res
759 1895 800 1924 ut
818 1895 855 1924 in
874 1892 941 1924 tali
958 1892 1108 1935 negotio
1126 1893 1282 1934 probata
1299 1892 1323 1924 J
1343 1891 1419 1930 107,
1436 1891 1472 1924 6.
1507 1892 1645 1924 enisum

119 1939 174 1971 uti
192 1939 237 1971 ab
256 1943 404 1982 optumo
422 1949 563 1981 quoque
580 1938 799 1981 probaretur
814 1938 838 1970 J
854 1938 909 1978 22,
929 1937 960 1970 2.
1002 1937 1086 1969 duci
1101 1937 1258 1980 probare
1275 1936 1310 1969 H
1328 1938 1340 1969 i
1362 1936 1435 1970 110.

165 1985 331 2024 probrum.
363 1994 577 2026 quaecumq.
601 1983 677 2015 dici
700 2001 741 2006 —
768 1986 905 2025 queunt
926 1983 1101 2025 ignaviae
1125 1982 1327 2025 luxuriaeq.
1350 1983 1484 2026 probra
1500 1983 1524 2015 J
1540 1982 1596 2022 44,
1614 1981 1647 2015 5.

121 2030 211 2061 mihi
228 2030 375 2061 fortuna
386 2054 394 2069 ,
422 2029 496 2061 illis
512 2028 647 2071 probra
664 2028 874 2060 obiciuntur
887 2028 911 2060 J
927 2027 989 2068 85,
1013 2027 1063 2059 14.
1106 2038 1211 2070 quem
1230 2037 1402 2061 censores
1419 2030 1549 2060 senatu
1565 2038 1647 2071 pro-

120 2075 176 2107 bri
194 2075 318 2117 gratia
334 2077 526 2106 moverant
543 2073 571 2106 C
587 2073 644 2113 23,
663 2073 691 2105 1.
733 2076 933 2115 paupertas
950 2073 1082 2115 probro
1098 2073 1230 2105 haberi
1248 2074 1371 2115 coepit
1388 2073 1415 2106 C
1437 2073 1489 2113 12,
1512 2073 1540 2105 l.
1585 2073 1646 2115 qui

120 2119 220 2162 ubiq.
238 2120 370 2162 probro
388 2122 460 2162 atq.
478 2118 688 2161 petulantia
704 2119 946 2161 praestabant
964 2117 992 2150 C
1009 2117 1064 2159 37,
1082 2118 1114 2150 5.
1361 2119 1363 2121 ’

164 2165 298 2204 probus.
330 2164 468 2196 saltare
488 2164 697 2206 elegantius
715 2174 822 2205 quam
840 2173 990 2196 necesse
1010 2168 1066 2196 est
1083 2163 1220 2206 probae
1238 2163 1266 2195 C
1284 2163 1339 2204 25,
1356 2163 1388 2196 2.
1421 2163 1526 2196 multi
1541 2163 1646 2206 probi

121 2210 156 2241 H
174 2210 191 2241 1
208 2209 268 2250 41,
287 2208 321 2242 9.
364 2210 426 2251 qui
450 2219 532 2241 sese
556 2209 688 2251 probos
713 2208 933 2241 simulavere
955 2209 980 2241 J
1001 2207 1065 2249 85,
1082 2207 1116 2241 9.
1157 2209 1230 2240 oris
1253 2208 1358 2252 probi
1376 2205 1645 2251 (anteinprobi)

121 2255 157 2287 H
173 2255 186 2286 i
203 2254 258 2286 75.
301 2254 426 2287 aliena
444 2254 626 2295 instituta,
646 2254 679 2286 si
695 2253 800 2286 modo
818 2253 932 2296 proba
951 2256 1057 2287 erant
1074 2253 1102 2286 C
1119 2253 1174 2294 51,
1193 2253 1249 2287 37.

165 2308 292 2340 procax
309 2309 427 2332 sermo
445 2298 473 2331 C
491 2299 544 2338 25,
565 2298 597 2332 3.

165 2345 317 2384 procedo.
355 2345 435 2387 ipse
458 2344 568 2376 sicuti
590 2362 628 2366 ——
657 2343 915 2384 descenderat,
940 2343 1121 2387 paulatim
1144 2345 1344 2387 procedere
1369 2345 1393 2377 J
1410 2343 1472 2383 50,
1491 2345 1523 2377 2.
1565 2354 1645 2376 eum

122 2389 254 2421 vineae
271 2389 420 2431 paulum
437 2392 696 2432 processerant
709 2389 734 2421 J
749 2388 811 2427 92,
828 2388 862 2422 8.
904 2390 965 2432 qui
991 2389 1036 2422 ad
1054 2393 1215 2422 nostrum
1233 2400 1333 2422 mare
1350 2391 1605 2432 processerant
1621 2389 1646 2420 J

124 2433 176 2474 18,
200 2434 239 2466 12
256 2437 343 2467 conl.
362 2433 418 2475 52,
437 2433 470 2466 6.
496 2434 532 2466 Η
547 2435 566 2466 Ι
581 2433 637 2466 97.
677 2434 867 2467 licentiam
885 2435 1064 2467 scelerum
1084 2435 1129 2467 ad
1146 2436 1308 2477 integros
1327 2437 1501 2467 contactu
1517 2444 1644 2476 procc-

123 2479 210 2511 dere
228 2479 263 2510 H
281 2479 298 2511 1
314 2477 370 2517 48,
387 2478 420 2511 9.
454 2479 491 2511 in
508 2479 716 2512 Numidiam
731 2480 898 2522 procedit
913 2481 936 2513 J
953 2480 1008 2521 44,
1026 2480 1059 2512 5.
1092 2490 1174 2512 sese
1193 2490 1298 2522 quem
1317 2479 1355 2511 in
1371 2479 1491 2511 locum
1507 2478 1647 2511 vellent

121 2534 358 2567 processuros
374 2524 399 2556 J
415 2523 470 2562 79,
486 2523 519 2556 8.
558 2524 674 2557 visum
691 2528 949 2568 processerant
966 2524 993 2556 C
1011 2524 1066 2564 61,
1085 2524 1107 2556 8
1125 2525 1183 2566 (de
1204 2523 1364 2564 castris).
1391 2524 1415 2556 J
1431 2523 1495 2560 94.
1515 2523 1547 2555 5.
1582 2523 1644 2555 ob-

122 2570 203 2603 vius
219 2569 386 2612 procedit
401 2569 425 2602 J
441 2569 496 2609 21,
521 2570 548 2601 1.
574 2568 630 2610 46,
647 2569 680 2602 5.
706 2568 762 2611 69,
785 2570 813 2602 l.
842 2569 958 2609 113‚5.
994 2570 1141 2602 obviam
1157 2570 1181 2601 J
1197 2568 1252 2608 53,
1263 2568 1294 2601 5.
1330 2568 1439 2600 altius
1456 2568 1642 2610 liberiusq.

122 2614 302 2657 processi,
329 2614 413 2646 dum
437 2626 492 2647 me
511 2634 553 2638 —
570 2615 674 2658 piget
688 2615 712 2648 J
728 2615 768 2656 4,
786 2614 821 2647 9.
861 2615 925 2647 ubi
950 2614 1125 2657 plerumq.
1150 2614 1270 2645 noctis
1293 2614 1474 2656 processit
1496 2614 1520 2646 J
1537 2613 1592 2653 21,
1611 2613 1644 2646 2.

127 2658 200 2700 109,
219 2659 253 2691 4.
293 2659 446 2691 multum
470 2660 546 2692 dici
567 2663 800 2703 processerat
822 2660 846 2692 J
869 2659 930 2699 51,
949 2661 982 2691 2.
1024 2659 1076 2690 ita
1101 2662 1243 2700 tempus
1267 2658 1467 2701 procedere
1491 2658 1515 2690 J
1531 2656 1594 2696 83,
1612 2655 1644 2691 3.

123 2704 188 2736 ine
206 2715 249 2736 eo
266 2705 460 2747 processit,
477 2705 532 2737 uti
548 2723 592 2727 —
609 2705 644 2736 Η
661 2705 678 2736 I
694 2704 792 2746 41,8.
827 2716 869 2737 eo
886 2713 1106 2747 processum,
1125 2704 1180 2735 uti
1196 2713 1349 2745 regnum
1365 2702 1645 2745 relinquendum

124 2752 223 2781 esset
237 2749 262 2781 J
277 2748 334 2790 21,
354 2749 384 2781 1.
427 2760 469 2782 eo
493 2749 759 2792 magnitudinis
783 2749 1044 2792 procederent,
1071 2748 1133 2780 ubi
1150 2766 1192 2770 —
1211 2748 1354 2780 aeterni
1371 2747 1503 2780 fierent
1518 2748 1542 2780 J
1562 2747 1643 2787 l,.5.

124 2795 310 2826 contentio
336 2805 379 2826 eo
401 2795 599 2827 vecordiae
623 2795 820 2837 processit,
846 2795 900 2825 uti
916 2811 961 2815 —
976 2793 1001 2824 J
1017 2793 1055 2832 5,
1075 2794 1109 2824 2.
1148 2793 1212 2824 ubi
1235 2793 1351 2825 multa
1376 2794 1534 2836 agitanti
1552 2792 1643 2826 nibil

124 2838 289 2880 procedit
305 2838 333 2871 C
351 2839 406 2879 27,
424 2838 457 2871 3.
498 2840 593 2881 quod
609 2849 728 2880 neque
746 2838 902 2870 insidiae
921 2857 962 2860 -
980 2837 1232 2880 procedebant
1249 2837 1276 2870 C
1295 2837 1357 2878 32,
1379 2837 1410 2871 l.
1450 2839 1505 2871 ita
1525 2839 1645 2871 Mario

123 2886 256 2914 cuncta
272 2884 470 2924 procedere
487 2884 511 2916 J
527 2883 582 2924 65,
601 2883 634 2917 5.
675 2893 758 2915 mea
781 2883 875 2914 bene
897 2883 1000 2914 facta
1024 2882 1077 2914 rei
1102 2893 1136 2924 p.
1155 2883 1356 2925 procedunt
1371 2883 1396 2915 J
1411 2882 1466 2924 85,
1485 2883 1519 2916 5.
1560 2884 1644 2916 vine

1292 2939 1378 2977 21*
