1838 3288
794 227 925 254 inm-:x
1535 214 1614 255 199

103 326 183 359 Via.
203 325 307 367 abeo,
331 336 495 360 accerso.
529 336 640 370 agere
657 327 816 369 praedas
835 338 880 360 ex
895 345 938 350 —
954 328 978 360 J
994 327 1054 368 32,
1073 328 1107 360 4.
1131 326 1192 369 88,
1211 327 1234 361 3
1257 327 1475 370 (praedator
1496 338 1542 361 ex
1557 338 1613 362 so-

100 371 167 403 ciis
182 371 207 404 J
222 371 276 412 44,
294 370 340 414 l).
373 373 516 415 cepisse
534 382 580 404 ex
594 372 669 405 illis
685 372 807 415 spolia
821 373 846 405 J
861 372 924 413 84,
946 373 974 405 l.
1016 384 1123 406 casus
1140 384 1186 406 ex
1199 384 1314 416 regno
1330 374 1370 406 in
1384 373 1574 409 servitium
1588 374 1613 407 J

97 416 152 457 62,
170 415 204 450 9.
245 427 377 460 cogere
395 428 439 450 ex
456 417 565 450 Latio
579 418 605 451 J
619 416 681 458 95,
701 418 732 449 1.
773 417 941 450 conlecta
966 429 1012 451 ex
1033 419 1190 462 tuguriis
1204 419 1229 452 J
1245 419 1307 460 75,
1323 419 1358 451 4.
1397 419 1614 462 conquirere

98 472 142 494 ex
160 462 258 505 agris
273 463 297 495 J
314 462 369 503 75,
387 463 420 496 4.
461 463 654 496 demittere
672 474 692 496 e
709 464 820 495 muris
837 463 872 495 H
888 464 923 496 Π
938 463 993 496 53.
1028 464 1218 497 discedere
1236 475 1281 497 ex
1297 464 1326 496 C
1342 463 1397 506 36,
1415 464 1448 497 5.
1473 465 1498 498 J
1513 463 1567 506 34,
1578 465 1611 497 2.

97 507 225 550 egredi
241 518 287 540 ex
304 508 332 541 C
348 508 404 549 49,
421 508 455 541 4.
497 508 591 541 eicio
607 509 631 542 J
650 507 703 548 14,
724 507 775 540 10.
807 510 841 541 V
841 510 886 542 id.
906 509 1033 551 eripio.
1068 510 1224 552 erumpit
1241 521 1286 542 ex
1301 510 1420 543 Ponto
1436 511 1472 542 H
1486 511 1541 543 III
1556 510 1612 543 41.

96 563 252 586 evocare
269 564 314 586 ex
331 553 494 586 hibernis
509 554 534 587 J
549 553 612 595 37,
630 553 663 587 3.
703 553 872 587 invasere
897 565 916 587 e
939 554 1031 587 locis
1054 555 1088 586 H
1113 555 1124 587 i
1147 555 1202 587 25.
1243 556 1390 587 mittere
1407 566 1451 588 ex
1467 555 1612 595 Maure-

94 599 199 631 tania
214 599 251 631 H
266 599 302 631 ΙΙ
317 598 373 631 25.
413 599 583 642 obperior
599 609 644 632 ex
658 599 748 632 urbe
767 598 794 631 C
812 598 873 639 58,
891 600 925 632 4.
968 600 1164 633 adcurrere
1189 611 1234 633 ex
1254 601 1431 643 Bithynia
1452 601 1489 633 H
1503 601 1539 634 Π
1554 600 1610 634 48.

93 654 247 676 onerare
271 655 316 677 ex
338 645 484 677 flumine
506 645 531 678 J
554 644 615 686 75,
634 643 667 676 6.
710 655 754 677 ex
776 645 931 678 sarcinis
954 645 1215 688 paludamenta
1238 647 1417 680 ostentari
1433 647 1469 678 H
1484 647 1539 679 III
1555 646 1611 680 70.

92 689 253 732 pendere
271 700 315 722 ex
330 689 485 731 (transl.)
503 690 527 723 J
546 689 598 730 14,
616 689 672 723 23.
701 689 776 731 107,
794 690 829 722 4.
860 691 1128 734 praecipitatus
1146 702 1190 723 ex
1206 702 1318 734 regno
1333 692 1357 724 J
1376 692 1427 731 14,
1443 690 1498 725 23.
1530 703 1611 736 pro-

93 734 224 767 cedere
242 734 270 767 Ο
287 733 349 775 61,
367 734 402 768 8.
425 736 450 768 J
465 734 528 775 46,
546 735 580 768 5.
620 734 806 778 proficisci
822 735 850 767 C
867 736 930 777 44,
949 736 983 768 2.
1007 737 1044 769 Η
1058 737 1095 768 ΙΙ
1111 736 1142 769 3.
1184 737 1383 780 profugere
1402 737 1429 769 C
1446 736 1502 778 46,
1520 739 1554 771 4.
1586 739 1611 771 J

92 778 146 821 76,
170 779 199 812 l.
227 779 286 821 13,
304 781 327 812 4
350 779 411 822 (ex
426 780 594 824 proelio).
634 783 784 824 propius
808 785 865 814 est
889 792 933 814 ex
957 792 1051 824 pace
1072 799 1108 804 —
1129 782 1174 814 ad
1192 793 1294 815 arma
1310 783 1345 819 H
1360 783 1379 815 I
1394 781 1450 825 48,
1470 782 1523 816 10.
1565 794 1611 816 ex

92 825 194 858 curia
211 835 251 858 se
268 825 411 859 domum
426 827 606 869 proripuit
623 826 650 859 C
668 826 729 867 32,
751 826 781 859 1.
823 826 1014 859 111111111111111
1037 838 1081 859 ex
1097 827 1271 867 tumultu,
1296 827 1433 860 bellum
1451 839 1495 861 ex
1511 829 1611 862 bello

90 880 214 903 serere
229 871 266 903 H
282 871 300 904 1
315 870 372 912 48,
389 872 423 906 7.
446 872 497 905 IV
512 871 568 912 61,
586 871 641 904 21.
683 872 878 906 subvenire
896 883 940 905 cx
957 873 1089 905 castris
1104 874 1129 906 J
1145 873 1206 914 54,
1228 872 1281 905 10.
1322 873 1470 906 trahere
1489 885 1534 907 ex
1550 885 1609 908 oc-

91 916 188 949 culto
205 916 242 949 H
256 917 311 948 111
332 915 395 957 67,
417 916 469 949 17.
510 921 746 950 transvectae
772 928 817 950 ex
841 917 972 950 Sicilia
995 918 1034 950 in
1049 917 1214 950 Africam
1229 919 1254 951 J
1269 917 1330 959 28,
1350 917 1384 951 6.
1423 918 1540 962 legati
1565 931 1611 953 ex

90 962 223 1004 oppido
239 962 350 1004 Lepti
365 967 546 995 venerant
559 963 583 995 J
600 963 654 1004 77,
676 962 707 995 1.
742 973 786 996 ex
801 963 965 996 tenebris
983 967 1020 996 et
1033 963 1129 997 locis
1147 964 1364 997 editioribus
1380 964 1513 998 facilia
1527 965 1612 999 visu

87 1007 110 1040 J
127 1006 183 1048 98,
203 1007 236 1039 7.
275 1007 401 1050 procul
427 1011 463 1040 et
487 1008 643 1041 divorsis
668 1019 713 1041 ex
735 1009 948 1050 regionibus
963 1009 999 1041 H
1014 1010 1051 1042 Π
1066 1008 1123 1041 82.
1146 1022 1193 1037 =
1215 1020 1260 1042 ex
1277 1009 1396 1042 altera
1413 1013 1520 1053 parte
1536 1011 1610 1044 An-

88 1053 209 1085 tonius
226 1052 254 1085 C
271 1051 326 1094 59,
345 1053 378 1085 4.
420 1064 466 1086 ex
480 1053 661 1086 lateribus
678 1054 832 1096 adgredi
849 1054 876 1087 O
893 1053 948 1094 60,
967 1054 1000 1087 5.
1024 1066 1071 1083 =
1099 1056 1178 1088 Vid.
1200 1055 1357 1097 accipio.
1390 1055 1499 1089 audio
1517 1067 1563 1089 ex
1580 1057 1608 1090 C

86 1097 142 1138 47,
162 1097 191 1130 l.
216 1097 271 1138 49,
290 1099 324 1130 4.
358 1109 540 1141 cognosco
557 1110 602 1131 ex
620 1099 647 1131 C
665 1099 722 1140 44,
739 1099 772 1132 5.
797 1099 853 1140 57,
871 1099 904 1133 3.
929 1101 953 1132 J
969 1099 1002 1140 9,
1020 1099 1052 1132 3.
1079 1099 1133 1140 73,
1156 1100 1185 1132 1.
1211 1099 1267 1140 94,
1285 1100 1318 1133 3.
1344 1099 1401 1141 97,
1417 1101 1450 1133 4.
1478 1100 1554 1142 106,
1573 1102 1607 1134 2.

89 1142 164 1184 112,
177 1143 206 1176 1.
241 1144 346 1176 nosci
363 1154 407 1176 ex
425 1145 460 1176 H
476 1145 529 1176 III
545 1143 599 1185 67,
610 1145 644 1177 2.
678 1155 722 1177 ex
737 1145 937 1187 Iugurthae
954 1145 1095 1188 proelio
1112 1145 1309 1179 clamorem
1333 1146 1460 1189 augeri
1475 1147 1500 1180 J
1507 1146 1563 1189 52,
1573 1147 1607 1180 6.

86 1188 366 1231 interpretatum
384 1199 428 1221 ex
444 1189 550 1222 libris
567 1190 718 1222 Punicis
741 1191 765 1234 J
791 1190 850 1230 17,
870 1191 902 1223 7.
944 1191 1164 1233 respondere
1193 1202 1238 1223 ex
1260 1191 1439 1234 prodigiis
1457 1192 1484 1224 C
1500 1193 1556 1233 47,
1573 1193 1608 1226 2.

88 1244 132 1266 ex
147 1233 254 1266 libris
271 1234 462 1276 Sibyllinis
478 1235 646 1278 portendi
663 1235 798 1276 C47,2.
832 1245 1007 1278 quaerere
1027 1247 1071 1268 ex
1085 1237 1109 1269 J
1122 1235 1177 1277 85,
1195 1236 1249 1268 16.
1281 1236 1377 1270 velle
1393 1238 1513 1280 magis
1530 1249 1606 1271 ma-

86 1279 234 1312 nufesta
250 1290 296 1313 ex
311 1280 376 1312 illo
391 1279 528 1312 habere
546 1281 570 1312 J
585 1279 647 1320 33,
666 1281 699 1312 4.
722 1294 769 1310 Ξ
791 1281 941 1314 efficere
961 1292 1005 1314 ex
1021 1282 1057 1313 H
1073 1282 1125 1314 IV
1141 1281 1201 1322 61,
1219 1282 1252 1314 8.
1294 1282 1420 1314 facere
1439 1293 1484 1316 ex
1502 1283 1529 1315 C
1547 1283 1603 1325 51,

85 1324 141 1357 42.
167 1325 223 1366 52,
236 1324 288 1358 19.
314 1326 338 1358 J
357 1324 453 1366 10,2.
478 1326 514 1358 Η
530 1326 549 1358 1
563 1324 618 1366 48,
629 1326 661 1358 2.
686 1337 781 1368 pass.
810 1326 837 1359 C
855 1327 888 1367 5,
898 1326 932 1359 9.
954 1326 1006 1367 10,
1016 1326 1049 1359 6.
1074 1326 1174 1366 58,1.
1199 1328 1223 1360 J
1242 1326 1360 1367 14,16.
1386 1326 1442 1369 91,
1456 1327 1472 1359 1
1491 1327 1607 1370 (utres

86 1380 132 1402 ex
148 1370 285 1412 coriis).
310 1374 397 1403 conl.
416 1381 460 1405 ex
477 1371 660 1414 gregariis
677 1371 770 1404 alios
787 1375 976 1405 senatores
998 1391 1036 1395 -
1053 1372 1231 1406 videbant
1247 1373 1275 1405 C
1291 1372 1352 1413 37,
1371 1372 1405 1405 6.
1446 1373 1609 1407 instituit

86 1426 131 1448 ex
148 1417 246 1448 omni
263 1417 370 1459 copia
386 1415 478 1449 duas
495 1416 661 1460 legiones
679 1417 706 1448 O
723 1416 821 1458 56,1.
855 1421 1009 1450 turmam
1026 1428 1158 1460 parare
1176 1429 1220 1450 ex
1234 1418 1453 1452 fortissumis
1469 1419 1494 1452 J
1506 1418 1560 1460 98,
1573 1420 1604 1452 1.

85 1462 312 1504 conpositum
329 1472 374 1494 ex
390 1462 414 1494 J
430 1462 463 1502 2,
484 1462 513 1495 l.
543 1461 594 1503 18,
613 1462 647 1495 3.
686 1467 837 1496 nectere
863 1474 907 1496 ex
930 1464 1128 1496 viminibus
1144 1473 1236 1496 vasa
1252 1464 1288 1496 H
1303 1464 1354 1496 IV
1372 1464 1402 1496 1.
1436 1468 1543 1498 scuta
1561 1477 1606 1499 ex

84 1507 193 1540 coriis
207 1508 232 1540 J
245 1506 301 1547 94,
313 1507 343 1540 1.
377 1518 421 1540 ex
437 1507 555 1540 latere
569 1518 665 1541 nova
680 1509 907 1541 munimenta
923 1509 958 1541 H
971 1509 1025 1541 111
1039 1508 1093 1541 26.
1129 1519 1252 1542 arcem
1265 1509 1404 1542 habent
1418 1520 1463 1543 ex
1476 1510 1605 1554 spoliis

82 1552 118 1584 H
134 1553 187 1585 III
202 1551 256 1593 61,
275 1551 309 1585 6.
330 1565 377 1582 =
399 1553 569 1595 delegere
589 1564 633 1586 ex
650 1555 758 1597 copia
774 1555 798 1587 J
813 1554 869 1594 93,
889 1553 921 1586 8.
951 1553 1024 1593 103,
1043 1555 1075 1587 2.
1119 1565 1164 1587 ex
1181 1554 1236 1588 eis
1251 1555 1276 1587 J
1291 1554 1347 1595 23,
1365 1555 1398 1587 2.
1439 1557 1603 1592 scribere

81 1597 218 1630 milites
236 1608 280 1630 ex
297 1597 477 1631 classibus
492 1599 517 1632 .Ῑ
524 1597 579 1639 86,
590 1599 622 1631 2.
657 1610 799 1632 sumere
818 1599 978 1642 aliquem
996 1611 1041 1632 ex
1057 1600 1191 1643 populo
1207 1601 1425 1633 monitorem
1439 1602 1463 1634 J
1478 1601 1536 1642 85,
1548 1602 1601 1635 10.

83 1654 127 1675 ex
150 1646 255 1686 parte
281 1643 482 1677 cohortium
503 1645 683 1677 stationes
705 1645 852 1678 locatae
876 1646 911 1677 H
928 1646 942 1677 i
957 1644 1012 1679 43.
1055 1646 1120 1678 alii
1143 1656 1188 1678 ex
1205 1647 1458 1679 coniuratione
1475 1647 1604 1690 depre-

81 1688 188 1723 hensi
204 1688 232 1721 C
249 1688 305 1728 48,
322 1689 355 1721 4.
398 1699 443 1722 ex
459 1690 627 1722 omnibus
651 1701 770 1733 aeque
789 1691 930 1733 aliquos
945 1692 969 1724 J
989 1690 1071 1731 101,
1089 1690 1122 1724 3.
1163 1702 1208 1724 ex
1226 1702 1269 1724 eo
1285 1702 1434 1724 numero
1452 1693 1603 1736 conplu-

81 1744 140 1766 res
158 1733 186 1766 C
209 1734 273 1774 42,
291 1733 312 1768 3
334 1737 420 1768 conl.
446 1734 473 1766 O
491 1734 553 1775 33,
575 1735 606 1767 l.
632 1735 655 1768 J
675 1735 734 1777 18,
752 1737 785 1768 4.
811 1735 871 1775 38,
890 1735 922 1768 6.
963 1747 1080 1779 genus
1104 1747 1149 1769 ex
1173 1737 1290 1779 copiis
1314 1740 1413 1780 regis
1430 1737 1603 1775 firmissu—

81 1789 177 1813 mum
192 1780 217 1812 J
233 1778 288 1820 56,
307 1780 340 1812 2.
381 1790 427 1812 ex
443 1780 527 1812 aliis
544 1781 582 1812 in
599 1781 726 1823 primis
744 1792 876 1824 magno
892 1782 976 1814 usui
993 1785 1049 1814 est
1064 1783 1239 1815 memoria
1254 1783 1279 1815 J
1294 1783 1333 1824 4,
1354 1783 1385 1816 1.
1428 1794 1474 1816 ex
1489 1786 1605 1817 omni-

79 1825 147 1857 bus
165 1835 332 1857 maxume
348 1828 448 1858 tutos
464 1826 489 1858 J
507 1825 559 1866 14,
581 1825 633 1858 12.
661 1826 714 1867 15,
726 1828 760 1860 4.
792 1827 934 1860 medius
953 1838 997 1860 ex
1014 1828 1130 1860 tribus
1146 1828 1171 1860 J
1181 1826 1275 1868 11,3.
1311 1839 1355 1860 ex
1373 1829 1426 1862 eis
1443 1830 1602 1864 minume

80 1869 264 1913 cupiunda
279 1871 303 1903 J
320 1870 353 1912 3,
374 1870 405 1904 1.
445 1871 626 1904 minumus
644 1882 689 1904 ex
706 1872 781 1905 illis
797 1873 821 1905 J
840 1872 894 1914 ll,
911 1872 944 1905 3.
985 1871 1119 1905 multos
1137 1884 1182 1906 ex
1195 1874 1372 1906 ‘Romanis
1388 1875 1412 1907 J
1430 1874 1462 1916 7,
1482 1875 1514 1908 7.
1557 1887 1603 1910 ex

78 1915 257 1949 militibus
273 1919 460 1958 optumum
478 1927 656 1960 quemque
675 1917 702 1949 C
720 1917 782 1959 59,
802 1917 835 1951 3.
877 1929 921 1950 ex
945 1919 1043 1951 omni
1067 1919 1174 1961 copia
1190 1929 1276 1962 pars
1294 1923 1424 1962 quarta
1442 1920 1470 1953 C
1487 1920 1549 1962 56,
1569 1921 1602 1955 3.

76 1960 978 2050 322530302553·250233.q12¹3513‘2¹;⁰5³33,{3’6'33
996 1963 1050 2042 {5³²
1063 1964 1602 2052 Ztgffiffssssssgssssssfffffffi

76 2063 171 2085 unus
188 2062 233 2085 ex
248 2053 273 2085 J
289 2051 344 2092 30,
361 2053 394 2085 4.
421 2052 475 2094 35,
495 2052 528 2085 6.
552 2052 608 2092 67,
626 2053 659 2087 3.
684 2053 740 2093 69,
761 2055 793 2087 4.
830 2055 979 2087 mittere
998 2066 1043 2088 ex
1058 2056 1314 2098 praesentibus
1330 2056 1355 2088 J
1370 2055 1426 2098 93,
1445 2057 1477 2089 7.
1510 2068 1600 2090 nan-

78 2101 159 2130 ctus
183 2109 229 2130 ex
251 2099 409 2141 captivis
433 2098 561 2131 ducem
584 2100 620 2131 H
643 2100 696 2132 III
719 2099 781 2141 67,
803 2099 855 2132 14.
898 2111 943 2133 ex
965 2100 1042 2133 illis
1064 2101 1172 2133 testis
1198 2101 1428 2134 commodare
1447 2102 1476 2135 O
1495 2102 1548 2143 16,
1566 2104 1598 2136 2.

77 2144 181 2176 Sinzil.
206 2143 418 2186 persolvere
436 2154 479 2176 ex
495 2146 790 2187 possessionibus
804 2145 831 2178 C
849 2145 910 2186 35,
930 2145 951 2179 3
975 2146 1164 2186 (liberales
1183 2157 1228 2179 ex
1244 2148 1425 2180 sociorum
1443 2148 1601 2182 fortunis

77 2188 104 2221 C
122 2189 178 2230 52,
199 2188 268 2230 12).
309 2200 353 2222 ex
377 2190 521 2232 magnis
543 2191 685 2233 rapinis
707 2191 802 2223 nihil
817 2191 950 2224 relicui
967 2191 995 2224 C
1012 2191 1074 2232 28,
1091 2192 1126 2227 4.
1148 2205 1194 2220 Ξ
1216 2193 1370 2235 gignere
1390 2202 1435 2226 ex
1457 2194 1484 2226 J'
1504 2194 1544 2236 5,
1563 2195 1597 2227 5.

76 2235 164 2267 oriri
181 2245 225 2266 ex
242 2234 270 2266 C
287 2233 320 2276 6,
339 2234 371 2268 3.
390 2234 446 2275 34,
465 2235 497 2267 2.
521 2235 576 2276 51,
595 2236 652 2268 27.
677 2237 701 2268 J
717 2236 752 2277 5,
769 2237 803 2269 5.
830 2237 886 2278 72,
908 2237 937 2269 l.
966 2236 1041 2276 108,
1063 2237 1094 2270 l.
1119 2237 1176 2279 48,
1194 2237 1226 2270 3.
1260 2239 1384 2281 coepit
1402 2250 1446 2271 ex
1461 2240 1599 2273 virtute
1642 2243 1644 2245 ’

76 2279 251 2312 nobilitas
275 2280 298 2312 J
322 2279 384 2320 85,
405 2279 458 2313 17.
482 2293 529 2308 =
552 2291 597 2313 ex
619 2281 828 2317 cohortibus
850 2282 955 2315 miles
978 2284 1002 2316 J
1025 2282 1086 2324 93,
1106 2284 1138 2316 2.
1180 2294 1224 2315 ex
1249 2283 1404 2316 coloniis
1421 2284 1448 2316 C
1470 2285 1523 2325 17,
1542 2286 1598 2318 24.

76 2324 132 2365 28,
149 2325 182 2358 4.
223 2336 268 2358 ex
291 2326 453 2368 equestri
476 2326 601 2359 ordine
626 2326 654 2359 C
680 2327 739 2368 17,
757 2328 792 2360 4.
835 2339 879 2360 ex
901 2329 1066 2362 factione
1086 2329 1208 2361 media
1225 2330 1353 2362 consul
1369 2330 1405 2362 H
1420 2330 1475 2362 III
1490 2330 1546 2370 61,
1564 2331 1597 2365 8.

77 2381 122 2403 ex
138 2374 248 2414 gente
272 2371 494 2404 Masinissae
515 2371 541 2404 J
566 2370 646 2412 108,
669 2371 685 2404 1
709 2376 796 2406 conl.
819 2374 843 2406 J
861 2373 922 2413 35,
941 2374 975 2405 2.
1002 2374 1029 2406 C
1047 2374 1108 2415 55,
1127 2373 1162 2406 6.
1203 2385 1309 2417 quem
1334 2386 1379 2408 ex
1403 2375 1468 2408 illo
1489 2376 1599 2419 globo

75 2414 279 2451 nobilitatis
303 2417 328 2449 J
349 2416 413 2458 85,
433 2416 487 2449 10.
527 2421 671 2451 taurum
694 2429 739 2451 ex
762 2429 875 2462 grege
898 2420 934 2452 H
952 2420 989 2452 ΙΙ
1011 2419 1046 2453 8.
1086 2420 1255 2453 cohortes
1279 2431 1324 2453 ex
1347 2421 1557 2463 legionibus
1574 2424 1598 2455 J

78 2460 152 2502 100,
171 2462 204 2494 4.
244 2461 351 2494 multi
369 2472 415 2495 ex
430 2461 511 2495 loco
528 2464 627 2496 servi
643 2463 679 2495 H
694 2465 749 2497 111
764 2463 819 2506 67,
841 2462 894 2497 17.
937 2465 1067 2508 epulae
1085 2476 1131 2498 ex
1146 2466 1379 2498 Mauretania
1394 2467 1430 2498 H
1446 2468 1481 2499 Π
1497 2467 1597 2507 23,4.

76 2517 122 2540 ex
137 2506 332 2540 nobilitate
350 2507 378 2540 C
395 2507 451 2549 43,
461 2508 493 2540 2.
518 2509 542 2541 J
558 2508 614 2547 41,
630 2508 684 2541 10.
717 2513 867 2543 senator
884 2521 928 2543 ex
944 2511 1158 2554 proscriptis
1174 2511 1210 2542 H
1226 2512 1280 2543 111
1295 2510 1328 2544 3.
1369 2511 1599 2546 voluntarius

75 2556 140 2586 aut
157 2563 202 2585 ex
218 2553 329 2586 sociis
347 2553 374 2585 C
391 2552 452 2592 56,
472 2554 504 2585 2.
528 2567 575 2582 =
596 2555 723 2588 venire
748 2566 793 2588 ex
815 2556 956 2589 invidia
979 2557 1017 2588 in
1041 2557 1198 2599 gratiam
1221 2557 1246 2589 J
1273 2556 1329 2595 13,
1350 2556 1381 2589 7.
1414 2558 1534 2590 redire
1553 2569 1598 2591 ex

74 2601 259 2641 postrema
275 2598 367 2641 fuga
382 2599 419 2630 H
433 2600 489 2632 III
505 2598 561 2640 67,
580 2600 613 2632 2.
650 2604 830 2634 retractus
849 2612 894 2634 ex
907 2602 996 2645 fuga
1014 2601 1177 2644 (itinere)
1196 2602 1223 2633 C
1237 2602 1293 2640 47,
1309 2602 1341 2634 4.
1367 2601 1424 2643 39,
1437 2602 1470 2634 5.
1496 2602 1552 2643 48,
1563 2603 1596 2638 3.

73 2656 120 2671 =
134 2644 366 2686 requiescere
385 2655 429 2676 ex
445 2645 604 2678 miseriis
622 2646 649 2678 C
667 2647 705 2686 4,
728 2646 758 2679 l.
800 2658 845 2679 ex
861 2651 967 2679 tanta
989 2647 1229 2690 properantia
1245 2650 1404 2679 tractum
1421 2647 1558 2681 bellum
1572 2650 1598 2682 J

75 2688 131 2729 36,
143 2688 174 2722 3.
207 2700 252 2721 ex
268 2699 407 2722 summa
425 2690 571 2723 laetitia
587 2691 741 2724 tristitia
759 2692 934 2725 invasitC
951 2692 1006 2731 31,
1022 2693 1050 2724 l.
1085 2692 1258 2724 frumenti
1276 2703 1320 2724 ex
1338 2693 1462 2735 inopia
1478 2694 1597 2727 satias

39 2735 41 2737 ’
75 2734 179 2767 facta
194 2734 231 2766 H
246 2735 282 2768 ΙΙ
298 2733 352 2767 29.
391 2735 551 2769 inermos
569 2747 613 2769 ex
630 2737 769 2780 proelio
786 2739 885 2770 viros
902 2738 938 2769 H
954 2737 1059 2782 1164.
1084 2749 1131 2765 z:
1154 2748 1198 2769 ex
1222 2738 1410 2770 commodo
1432 2739 1457 2771 J
1481 2737 1544 2778 82,
1565 2740 1595 2772 l.

77 2790 122 2812 ex
149 2779 240 2822 fuga
262 2781 428 2823 sequitur
448 2782 473 2814 J
494 2781 556 2822 54,
574 2782 608 2814 4.
651 2793 694 2814 ex
718 2783 903 2825 inproviso
921 2783 944 2814 J
964 2782 1023 2823 14,
1045 2782 1098 2814 11.
1126 2781 1178 2814 16.
1211 2781 1272 2820 20,
1290 2781 1323 2815 3.
1348 2782 1408 2824 53,
1431 2783 1461 2816 1.
1487 2783 1543 2825 58,
1566 2785 1595 2819 1.

76 2835 121 2857 ex
136 2825 282 2858 insidiis
299 2826 323 2858 J
339 2824 394 2866 61,
412 2826 442 2859 1.
470 2825 545 2867 113,
564 2826 596 2860 6.
640 2838 684 2860 ex
701 2828 833 2861 itinere
850 2828 877 2860 C
895 2827 956 2863 34,
975 2829 1007 2859 2.
1034 2828 1057 2859 J
1074 2827 1135 2868 56,
1154 2827 1187 2860 3.
1230 2839 1274 2860 ex
1292 2829 1436 2862 occulto
1451 2829 1543 2869 559,
1561 2833 1594 2864 2.

75 2880 120 2902 ex
135 2871 337 2913 propinquo
353 2872 389 2904 H
405 2872 461 2905 111
477 2871 532 2913 67,
547 2873 580 2904 4.
598 2885 645 2900 =
661 2873 867 2906 adcedebat
884 2884 928 2905 ex
946 2872 1053 2905 malis
1070 2873 1230 2906 moribus
1241 2873 1322 2916 plus
1336 2874 1597 2910 sollicitudinis

73 2915 97 2947 J
120 2915 182 2957 44,
200 2915 235 2948 2.
276 2927 320 2948 ex
344 2927 416 2959 qua
440 2916 538 2960 (trib.
558 2919 759 2960 potestate)
784 2928 908 2951 omnes
932 2918 1140 2952 discordiae
1165 2919 1351 2953 adcensae
1374 2921 1409 2954 H
1425 2922 1443 2954 I
1458 2921 1519 2964 48,
1541 2922 1595 2956 14.
