1826 3282
183 225 262 277 ‚74
620 235 916 265 uisromARvM
948 238 1031 265 Lm.
1064 239 1114 265 111
1144 228 1321 268 434—45.

212 340 322 381 aquilo
346 340 458 375 solet].
509 336 689 376 Quoniam
712 336 929 379 ubicumque
953 340 1039 371 solet
1062 338 1343 380 inpersonaliter
1367 339 1519 381 dictum,
1547 343 1611 372 aut
1632 338 1726 373 nihil

212 384 393 415 adiectum
419 382 511 422 (Cic.
536 391 589 423 pr.
609 381 751 413 Cluent.
773 380 827 422 59,
850 380 929 423 161)·
952 386 1026 423 est,
1054 387 1118 415 aut
1142 384 1236 425 quod
1260 384 1503 416 conditionem
1527 382 1724 427 significet,

211 430 363 469 aquilone
389 429 512 458 autem
536 436 600 468 pro
626 426 789 459 ablativo
815 437 883 468 quo
909 427 1091 460 efficiatur
1108 429 1288 461 crebritas
1305 429 1478 461 fluctuum
1493 439 1573 470 pon
1595 429 1726 462 haberi

210 483 281 503 non
306 474 443 514 potest,
470 471 702 513 participium
728 471 907 504 excidisse
930 473 1018 504 mihi
1042 476 1180 505 certum
1204 474 1357 506 videtur.

320 539 469 580 Fragm.
500 538 543 570 41
568 539 664 580 'quin
695 538 742 570 ad
773 542 962 581 capturam
991 540 1144 583 piscium
1184 540 1230 572 ad
1260 541 1478 582 Byzantium
1517 541 1726 574 factitatam

210 582 345 623 (Strab.
370 583 440 615 V11
464 594 497 624 p.
524 582 591 615 440
613 583 725 615 Μ6111.
764 584 884 616 Tacit.
909 584 1002 616 Anu.
1026 586 1097 617 XII
1122 584 1176 617 63.
1216 585 1272 617 Ad
1296 586 1435 628 Lyciae
1465 596 1566 618 oram
1593 585 1726 623 similis

209 638 266 659 res
292 627 421 668 ficbat;
456 628 520 660 cfr.
546 628 775 669 Polycharm.
810 629 853 660 fr.
883 629 898 660 1
925 629 994 662 vol.
1019 630 1070 662 IV
1100 641 1134 672 p.
1161 629 1227 662 479
1262 631 1317 662 ed.
1343 630 1492 670 Miiller,
1525 630 1589 662 ubi
1612 631 1723 663 Mein.

207 674 297 704 Exc.
323 673 360 704 in
383 672 464 704 Ath.
493 674 530 705 11
555 683 589 715 p.
618 671 659 705 16
684 674 848 705 conrexit
879 667 1053 717 οἷόρτιον;
1086 675 1158 708 vid.
1186 675 1325 707 Stiehle
1350 675 1482 707 Philol.
1508 676 1561 707 IX
1585 686 1620 718 p.
1645 670 1725 717 505)

209 718 453 759 spectaverit,
486 728 558 750 non
581 718 699 760 magis
725 718 872 750 dubium
898 723 971 759 est,
1005 730 1112 762 quam
1139 720 1194 752 ita
1225 720 1263 752 in
1294 720 1540 763 descriptione
1571 720 1727 763 Bospori

208 763 321 794 fuisse
348 765 496 794 certum.
543 763 664 795 Minus
691 766 829 795 eertum
853 774 936 795 num
955 764 1067 796 etiam
1085 765 1129 796 fr.
1148 765 1191 795 42
1216 764 1262 796 ad
1288 765 1440 796 eandem
1464 775 1540 797 rem
1564 765 1726 797 referun-

209 807 291 839 dum
316 808 374 839 sit.
414 808 507 840 Nam
533 818 751 850 quamquam
774 808 869 840 Plin.
888 809 935 841 H.
954 809 997 841 N.
1017 810 1070 841 IX
1086 809 1139 849 20,
1160 809 1266 841 5let
1290 810 1411 842 Ambr.
1437 810 1615 842 Hexaem.
1634 810 1666 842 V
1685 809 1727 842 10

207 855 282 883 tum
307 852 463 885 thunnos
490 864 534 885 ex
556 854 672 885 Ponto
700 852 798 885 exire
823 854 951 886 testati
976 857 1071 894 sunt,
1098 864 1179 886 cum
1204 854 1324 896 aquilo
1350 855 1467 895 flaret,
1493 858 1618 887 tamen
1642 854 1727 897 quid

207 897 339 935 obstat,
368 908 434 939 quo
460 898 577 929 minus
600 897 658 930 his
684 898 806 930 verbis
831 898 1088 931 difficultatem
1114 909 1157 930 ex
1173 899 1395 941 Propontide
1419 899 1458 931 in
1482 899 1638 932 Pontum
1661 909 1726 932 na-

207 942 358 985 vigandi
382 942 628 984 significatam
652 943 765 974 fuisse
793 943 1033 975 arbitremur?
1212 950 1214 952 ’

320 1021 404 1061 *43
438 1020 517 1074 [Kr.
540 1025 594 1059 50.
629 1024 667 1059 G.
691 1020 766 1074 46].
825 1021 933 1061 Serv.
966 1022 1013 1061 ad
1038 1020 1152 1071 Verg.
1181 1021 1275 1061 Aen.
1302 1020 1336 1061 11
1367 1012 1449 1061 312
1478 1023 1618 1072 [Sigea
1643 1024 1730 1071 tyni

202 1090 314 1138 freta
346 1092 427 1129 lata
457 1091 653 1138 relucent]
684 1087 828 1128 ‘Lata'
859 1095 989 1129 autem
1018 1090 1117 1137 ideo,
1147 1091 1242 1138 quia
1265 1078 1309 1129 se
1338 1091 1544 1138 anqustiae
1574 1090 1729 1130 Pontici

208 1157 339 1210 [codd.
361 1157 471 1196 Pont.
493 1155 619 1198 Guelf.
643 1155 660 1195 I
675 1155 872 1208 pontifici]
903 1158 1088 1202 oristtlic
1112 1158 1290 1204 dilatant,
1316 1162 1359 1195 ut
1384 1156 1596 1196 Sallustius
1610 1158 1724 1196 dixit.

207 1225 262 1263 lle
289 1223 430 1276 quibus
456 1223 586 1263 verbis
614 1223 804 1262 Kritzius:
832 1224 883 1262 ‘in
917 1227 1106 1275 quantum
1129 1223 1299 1263 Sallustii
1319 1224 1406 1268 sint,
1437 1224 1631 1263 incertum
1654 1228 1724 1263 est.

205 1292 288 1331 lIoc
314 1295 462 1331 tantum
485 1291 602 1330 modo
624 1292 764 1344 liquet,
796 1295 997 1331 auctorem
1028 1292 1073 1330 iis
1102 1302 1216 1330 usum
1239 1303 1335 1336 esse,
1368 1303 1490 1342 quum
1521 1291 1568 1330 de
1599 1290 1725 1330 forma

185 1361 324 1409 ‘maris
346 1359 496 1398 Pontici
518 1358 769 1410 loqueretur„
810 1358 865 1397 Ea
889 1359 1060 1404 Servius,
1084 1358 1262 1398 locorum
1284 1357 1389 1397 nulla
1409 1359 1560 1397 ratione
1579 1358 1722 1403 habita,

206 1427 414 1466 dictionem
436 1425 553 1465 modo
574 1427 787 1478 respiciens
811 1427 988 1477 imperite
1010 1426 1058 1466 ad
1078 1438 1186 1465 mare
1208 1425 1365 1476 Sigeum
1390 1425 1546 1464 retulit’.
1594 1425 1724 1466 Facile

204 1493 351 1544 largior
386 1494 683 1543 grammaticum
708 1492 862 1532 Sallusti
897 1492 984 1532 loco
1023 1493 1070 1532 ad
1107 1493 1399 1543 interpretanda
1436 1492 1579 1544 Vergili
1605 1492 1725 1532 verba

195 1561 371 1602 ,abusum
403 1569 499 1606 esse,
532 1565 590 1600 set
611 1573 688 1612 quo
717 1562 802 1600 iure
826 1557 927 1600 eum'
944 1560 992 1600 de
1017 1559 1118 1606 loco,
1149 1560 1196 1599 de
1226 1572 1304 1611 quo
1330 1559 1532 1599 Sallustius
1553 1560 1722 1605 dixisset,

206 1630 394 1668 erravisse
423 1628 656 1667 statuimus?
711 1629 865 1667 Pontici
890 1631 970 1667 oris
1004 1627 1193 1667 vocabulo
1231 1628 1360 1666 omnia
1397 1626 1460 1665 illa
1498 1627 1722 1678 angustiora
1761 1650 1763 1652 -

206 1698 349 1741 maria,
383 1708 482 1748 quae
511 1697 612 1735 inter
642 1695 771 1735 Asiam
801 1699 838 1734 et
860 1695 1074 1737 ,Thraciam
1097 1698 1207 1739 sunt,
1244 1693 1486 1745 Bosporum,
1515 1694 1723 1747 Proponti-

204 1764 313 1810 dem,
342 1763 660 1815 Hellespontum,
701 1763 969 1813 conprehendi
1008 1775 1078 1802 eur
1114 1762 1338 1813 negandum
1369 1765 1449 1807 est,
1486 1773 1722 1813 quamquam

203 1833 320 1870 Ponti
346 1843 388 1870 os
418 1830 553 1870 Cicero
583 1830 805 1882 Bosporum
836 1830 930 1869 dixit
958 1829 1010 1882 (in
1042 1829 1152 1868 Verr.
1185 1828 1234 1867 IV
1262 1827 1328 1873 58,
1358 1828 1435 1868 129
1457 1828 1548 1880 ihiq.
1571 1827 1723 1880 Halm)?

203 1891 341 1938 Nonne
372 1902 502 1938 autem
533 1899 566 1937 ei
595 1898 661 1949 qui
691 1910 739 1936 ex
762 1897 888 1936 Ponto
918 1898 957 1937 in
986 1909 1094 1937 mare
1114 1896 1313 1946 Aegaeum
1340 1896 1506 1945 navigat,
1535 1895 1583 1934 ab
1606 1895 1721 1945 Sigeo

203 1967 403 2018 angustiae
435 1978 476 2005 se
508 1965 668 2005 dilatare
708 1965 911 2004 videntur?
971 1965 1030 2004 An
1066 1963 1293 2002 incredibile
1328 1967 1386 2002 est
1415 1961 1637 2002 Sallustium
1674 1962 1722 2002 de

204 2034 320 2084 Sigeo
337 2034 490 2079 dixisse,
517 2046 608 2072 cum
624 2033 671 2071 de
689 2032 882 2071 Dardania
904 2044 993 2071 eum
1015 2031 1364 2072 conmemoravisse
1386 2034 1538 2069 constet
1556 2023 1621 2080 (fr.
1639 2030 1720 2082 39).

317 2122 403 2163 *44
435 2123 514 2175 [Kr.
540 2127 596 2160 49.
636 2124 674 2160 G.
697 2120 773 2174 41].
845 2119 981 2174 [Nam]
1014 2121 1185 2171 speciem
1219 2119 1336 2159 efficit
1367 2119 1537 2172 Scythici
1565 2115 1692 2158 arcus.

316 2201 417 2234 Serv.
444 2201 491 2233 ad
515 2200 624 2243 Verg.
650 2199 691 2232 A.
717 2200 773 2232 ΙΙΙ
798 2198 882 2232 533:
909 2203 1064 2232 curvatus
1088 2201 1122 2231 z'n
1147 2209 1270 2231 arcum.
1299 2216 1341 2221 —
1366 2197 1427 2231 Sic
1451 2199 1493 2230 de
1512 2198 1621 2230 Ponto
1646 2196 1722 2229 Sat-

202 2248 318 2279 luscius
345 2244 487 2288 [Guelf.
513 2246 530 2277 Ι
554 2244 730 2287 31ιηιρετί],
763 2245 849 2276 unde
880 2244 933 2277 hic
956 2246 1031 2276 tulit
1054 2246 1218 2277 colorem:
1253 2241 1378 2285 [nam]
1413 2243 1575 2285 speciem
1605 2241 1722 2274 efficit

204 2290 339 2333 [Guelf.
359 2291 377 2322 I
394 2288 536 2331 efficiet]
566 2289 729 2331 Scythici
747 2299 865 2321 arcus.
915 2288 1090 2321 Sallustio
1116 2289 1161 2320 de
1185 2289 1295 2321 Ponti
1320 2287 1437 2331 figura
1463 2290 1499 2320 et
1524 2296 1642 2330 aquae
1666 2286 1720 2318 in·

203 2336 283 2368 dole
310 2346 390 2368 cum
417 2335 498 2367 aliis
524 2335 744 2377 geographis
771 2334 966 2367 convenire
993 2333 1163 2366 certatim
1187 2334 1258 2366 viri
1283 2333 1383 2365 docti
1408 2332 1613 2376 ostendere.

315 2412 336 2435 ³⁸
348 2414 400 2453 45
443 2413 603 2466 [K1·.51.
647 2415 684 2450 G.
715 2412 790 2464 38].
858 2412 990 2464 Ipsum
1025 2424 1134 2451 mare
1171 2412 1376 2451 Ponticum
1414 2410 1566 2450 dulcius
1604 2422 1720 2462 quam

202 2487 343 2521 cetera.

314 2548 415 2581 Serv.
444 2547 490 2579 ad
513 2547 622 2590 Verg.
648 2546 739 2579 Aen.
766 2547 802 2578 II
820 2545 902 2578 228:
934 2546 1100 2578 Tristior:
1125 2548 1384 2587 comparativum
1406 2547 1519 2586 posuit
1538 2555 1606 2587 pro
1630 2546 1720 2586 posi-

201 2596 279 2627 tivo.
330 2593 467 2633 Quando
492 2593 709 2633 enim-tristis
733 2595 784 2623 est
814 2592 945 2628 Venus,
971 2595 1006 2621 ut
1029 2602 1115 2622 nunc
1138 2592 1270 2622 tristior
1294 2591 1490 2622 diceretur?
1515 2588 1588 2630 (Sic
1611 2587 1720 2622 Sauu-

201 2641 304 2671 stius:
329 2638 446 2681 ipsum
471 2654 515 2659 —
540 2635 692 2677 cetera).
739 2636 791 2668 Id.
820 2636 866 2667 ad
882 2635 955 2667 XII
977 2635 1058 2668 143:
1085 2637 1152 2667 tale
1177 2639 1228 2666 est
1253 2635 1335 2666 illud
1356 2634 1594 2666 Sallustianum
1618 2644 1719 2667 marc

201 2701 247 2707 —
271 2686 408 2722 cetera,
434 2693 504 2714 cum
528 2684 648 2714 nullum
672 2682 767 2713 dulce
790 2683 846 2712 sit.
887 2680 1000 2711 Prisc.
1028 2680 1084 2711 III
1109 2690 1143 2721 p.
1168 2678 1230 2711 92:
1257 2683 1307 2710 est
1331 2680 1464 2720 quando
1482 2679 1530 2711 ad
1544 2680 1721 2712 contraria

202 2732 419 2770 comparatur
442 2731 475 2758 et
499 2728 603 2758 minus
625 2728 767 2768 positivo
792 2726 975 2766 significat,
1002 2728 1054 2755 ut:
1086 2734 1187 2755 mare
1212 2741 1256 2745 —-
1281 2726 1416 2755 cetera.
1464 2724 1517 2755 lete
1547 2725 1632 2756 enim
1655 2735 1720 2757 non

203 2775 249 2805 ad
272 2774 394 2812 dulcia,
419 2773 482 2804 sed
506 2773 553 2804 act
576 2781 693 2803 amara
720 2771 817 2812 facta
841 2771 1092 2811 comparatione
1124 2769 1270 2800 ostendit
1290 2778 1431 2809 parvum
1455 2770 1584 2810 &liquid
1607 2770 1718 2801 ‹lacce-

146 2850 150 2854 ,
203 2819 291 2849 dinis
317 2828 412 2860 quam
436 2821 552 2849 cetera
576 2816 700 2848 habere
725 2815 899 2847 Ponticum
929 2823 1032 2845 mare.
1080 2813 1181 2845 Idem
1213 2812 1258 2844 ob
1291 2823 1386 2854 quam
1419 2812 1543 2844 addito
1568 2812 1719 2845 Sallusti

203 2863 348 2894 nomine
373 2861 500 2893 laudat
524 2861 590 2893 XV
613 2872 646 2903 p.
677 2859 762 2892 1013
786 2860 827 2892 P.
868 2859 1004 2891 Donat.
1032 2857 1088 2890 ed.
1115 2858 1151 2889 11
1175 2868 1209 2899 p.
1238 2857 1324 2889 1745
1348 2857 1388 2889 P.
1414 2867 1449 2899 p.
1477 2856 1515 2888 11
1541 2858 1582 2889 L.
1614 2867 1719 2900 saepe

202 2909 306 2938 minus
332 2917 352 2938 a
372 2908 518 2948 positivo
534 2907 720 2949 significat,
746 2906 892 2948 quamvis
908 2905 1052 2946 recipiat
1069 2904 1360 2945 comparationem,
1385 2905 1441 2933 ut:
1466 2911 1565 2934 mare
1589 2919 1635 2926 -—
1659 2911 1717 2935 ce-
