1846 3282
833 253 966 279 mnssx
1577 237 1659 278 339

129 352 283 393 tamen).
316 351 358 384 21
385 352 511 395 (quem
528 351 678 395 ipsum).
704 351 758 384 71.
784 352 835 383 IV
851 352 895 383 52
914 351 1021 394 (quae
1040 350 1191 389 tamen).
1217 349 1279 390 61,
1298 350 1331 383 5.
1349 349 1405 383 23.
1439 349 1494 383 40.
1519 349 1574 382 26.
1601 349 1657 382 66.

130 397 175 430 43
192 409 286 430 conr.
305 398 338 428 V
360 397 408 430 13.
435 399 447 429 i
464 397 520 429 58.
545 396 600 430 90.
625 398 642 429 1
658 397 713 429 57.
750 397 831 437 Qua
849 407 888 428 re
907 397 934 429 C
952 397 1007 436 52,
1023 396 1072 429 16.
1088 395 1204 429 17.36.
1222 395 1374 436 J31,25.
1395 395 1472 435 103,
1483 395 1515 428 5.
1539 395 1613 435 107,
1623 395 1657 428 5.

130 443 166 474 Η
183 443 198 474 1
216 443 272 482 48,
291 443 345 475 22.
387 443 505 483 Quam
522 442 568 474 ob
586 453 660 474 rem
680 442 706 474 C
725 441 780 481 35,
799 442 831 472 2.
857 442 880 473 J
898 442 951 482 42,
972 442 1004 473 5.
1031 441 1091 482 85,
1111 442 1166 473 47.
1198 441 1272 481 112,
1294 441 1323 473 1.
1366 441 1500 483 quippe
1515 441 1576 483 qui
1591 441 1658 473 vid.

132 490 279 530 quippe.
321 488 382 529 qui
408 488 513 520 modo
538 487 566 519 O
591 485 654 527 39,
674 485 705 519 6.
738 487 763 518 J
785 485 847 527 64,
867 487 900 519 5.
942 491 1067 529 utpote
1096 487 1156 529 qui
1173 489 1389 528 sequeretur
1406 486 1433 518 C
1451 487 1507 526 57,
1525 487 1558 520 4.
1599 485 1660 528 qui

131 533 218 564 mihi
233 533 368 564 nullius
380 543 551 574 umquam
567 532 693 563 delicti
711 532 869 573 gratIam
882 532 1064 571 fecissem,
1082 532 1172 563 haut
1188 531 1349 563 facile-
1363 531 1615 564 condonabam‘
1631 531 1658 563 C

130 578 185 618 52,
205 577 239 609 8.
279 581 401 620 potest
426 578 499 609 alio
524 577 691 616 consule,
718 577 777 608 cui
795 577 881 608 item
902 578 1086 609 exercitus
1103 578 1141 608 in
1159 587 1267 608 manu
1285 578 1348 615 sit,
1371 576 1509 618 aliquid
1526 575 1660 608 falsum

132 641 173 646 —-
193 623 293 654 credi
311 623 339 654 C
356 621 479 662 51‚36.
514 622 702 663 praesidia
721 622 825 663 regni
844 627 927 653 sunt
945 640 985 644 ——
1007 622 1129 661 amici,
1149 632 1238 664 quos
1255 631 1375 663 neque
1396 622 1507 653 armis
1525 631 1658 663 cogere

130 678 248 710 neque
269 678 355 699 auro
377 677 508 709 parare
535 677 648 708 queas
664 667 687 698 J
710 666 766 705 10,
786 668 806 697 4
825 665 885 708 [an
905 667 1094 709 quisquam
1112 667 1226 698 nostri
1243 667 1410 698 misereri
1428 669 1569 708 potest,
1598 666 1660 708 qui

131 713 329 754 aliquando
346 712 452 745 vobis
470 712 587 743 hostis
606 712 675 743 fuit
691 712 714 743 J
735 711 786 750 14,
810 710 875 754 17].
910 713 948 743 111
967 713 1126 743 animum
1143 711 1337 743 induxerat
1353 711 1444 742 nihil
1461 712 1659 753 denegare,

129 757 224 800 quod
242 757 335 789 dono
354 757 503 799 dignum
522 760 620 789 essct
638 757 665 788 C
684 757 738 796 54,
758 749 789 788 21.
832 756 922 788 nihil
949 760 1024 788 tam
1044 767 1211 799 asperum
1231 767 1330 795 esse,
1358 757 1451 799 quod
1467 767 1540 788 11011
1558 756 1660 798 cupi—

130 804 291 834 dissume
310 802 446 834 facturi
465 805 587 833 essent
606 801 633 833 C
650 801 706 841 40,
724 802 758 833 4.
792 802 870 843 quis
887 802 1005 834 hostis
1022 803 1142 834 nullus
1161 805 1251 841 erat,
1270 802 1342 833 nisi
1359 802 1453 833 forte
1472 812 1578 844 quem
1595 811 1661 833 vos

131 847 333 880 iussissetis
349 847 373 879 J
396 847 446 887 14,
469 846 510 878 10
526 849 612 879 conl.
631 847 666 878 H
683 847 738 878 111
755 846 809 879 64.
845 847 948 878 fuere
968 848 1028 889 qui
1047 847 1240 879 crederent
1257 847 1284 878 C
1307 846 1357 886 17,
1376 847 1408 878 7.
1441 846 1535 886 19,4.
1560 845 1658 885 22,1.

129 892 184 932 48,
205 893 236 924 7.
262 891 301 924 61
316 918 324 933 ,
343 891 375 923 8.
407 893 431 924 J
447 892 509 932 25,
533 892 560 923 l.
594 890 656 931 32,
675 891 708 923 3.
735 890 796 931 36,
817 891 848 923 3.
879 891 959 931 106,
979 892 1011 925 3.
1053 892 1115 924 ubi
1133 891 1268 934 reperti
1285 895 1388 932 sunt,
1415 887 1538 933 (1111-
1556 894 1658 923 ante-

130 940 309 980 ponerent
325 938 348 969 J
366 937 429 977 41,
453 936 502 969 10.
531 937 655 970 ,credo
681 938 757 968 fore
783 937 844 978 qui
870 954 907 959 —
935 937 1115 979 inponant
1135 937 1160 969 J
1182 937 1221 977 4,
1240 935 1271 969 3.
1314 947 1382 978 ego
1407 937 1504 976 scio,
1530 937 1591 978 qui
1618 952 1655 958 —

130 983 255 1025 legere
275 983 464 1024 coeperint
481 982 504 1014 J
521 980 584 1021 85,
607 981 657 1013 12.
700 982 813 1014 fuisse
832 982 1041 1019 nonnullos,
1067 982 1127 1024 qui
1151 983 1204 1014 ita
1223 983 1488 1014 existumarent
1505 981 1532 1013 C
1554 980 1605 1020 14,
1624 981 1657 1012 7.

130 1028 233 1060 fuere
253 1027 366 1067 cives,
387 1027 447 1069 qui
464 1044 500 1049 —
524 1027 706 1069 perditum
723 1027 820 1059 irent
838 1026 865 1058 C
883 1026 937 1066 36,
957 1027 990 1058 4.
1024 1037 1141 1069 neque
1159 1027 1292 1058 flumen
1310 1037 1427 1068 neque
1445 1036 1547 1058 mons
1565 1029 1656 1066 erat,

131 1073 192 1114 qui
210 1072 292 1104 finis
310 1082 435 1110 eorum
461 1072 687 1103 discerneret
709 1072 733 1103 J
750 1071 811 1111 79,
831 1071 852 1104 3
878 1070 928 1114 [111
945 1076 1045 1108 sunt,
1072 1073 1134 1114 qui
1152 1075 1362 1104 mercantur
1379 1072 1414 1103 H
1429 1072 1442 1103 i
1458 1071 1514 1103 88.
1556 1071 1658 1103 fuere

131 1121 234 1149 extra
259 1117 546 1149 coniurationem
573 1117 785 1159 conplures,
812 1117 874 1159 qui
899 1134 943 1139 —-
966 1117 1126 1159 profecti
1150 1121 1234 1149 sunt
1252 1117 1279 1148 C
1298 1116 1352 1156 39,
1372 1116 1403 1148 5.
1447 1116 1523 1148 alia
1539 1116 1658 1155 fuere,

131 1173 223 1204 quae
242 1162 325 1194 illos
343 1172 496 1204 magnos
514 1162 656 1202 fecere,
683 1172 777 1204 quae
795 1162 900 1194 nobis
919 1162 1020 1194 nulla
1038 1165 1122 1194 sunt
1140 1161 1167 1193 C
1186 1162 1247 1202 52,
1267 1160 1337 1204 2l].
1378 1162 1567 1204 postulant
1584 1162 1659 1193 ius-

130 1208 334 1248 iurandum,
355 1207 449 1249 quod
466 1218 509 1229 -1-
526 1207 716 1249 perferant
734 1206 761 1238 C
779 1207 835 1245 44,
858 1206 886 1238 1.
929 1208 1130 1239 constituta
1146 1210 1272 1245 noete,
1294 1216 1363 1248 qua
1381 1206 1658 1249 proficisceren—

129 1257 189 1284 tur
206 1252 233 1284 C
252 1253 314 1291 45,
333 1253 366 1284 2.
409 1262 448 1284 se
471 1252 637 1291 missum,
658 1252 719 1294 (1111
735 1252 925 1283 nuntiaret
947 1252 974 1284 C
993 1251 1053 1292 48,
1073 1253 1095 1283 4
1118 1255 1203 1284 conl.
1222 1252 1246 1284 J
1265 1251 1324 1291 13,
1343 1250 1375 1283 3.
1401 1250 1465 1291 46,
1483 1252 1516 1283 2.
1543 1250 1605 1290 62,
1624 1249 1656 1284 3.

133 1298 208 1337 105,
229 1297 258 1330 l.
284 1298 319 1328 H
337 1298 389 1329 III
405 1296 465 1337 67,
484 1297 516 1328 2.
558 1297 712 1339 triginta
737 1298 834 1329 viros
857 1297 1069 1339 inposuere,
1096 1298 1157 1338 qui
1178 1315 1223 1319 —
1245 1300 1452 1328 tractarent
1473 1296 1500 1328 C
1519 1296 1581 1328 51.
1599 1295 1656 1328 28.

132 1354 212 1375 011111
229 1342 364 1374 litteris
383 1353 462 1374 eum
481 1342 630 1381 dimisit,
650 1352 741 1384 quas
758 1342 940 1384 Micipsae
958 1342 1129 1374 redderet
1144 1342 1167 1374 J
1184 1341 1216 1381 9,
1240 1342 1266 1374 1.
1307 1347 1382 1373 tres
1400 1341 1659 1373 adulescentes

130 1389 168 1419 in
186 1388 348 1419 Africam
365 1387 554 1429 legantur,
580 1387 641 1428 qui
660 1387 796 1418 adeant
811 1387 834 1418 J
851 1386 906 1427 21,
925 1388 957 1418 4.
1001 1387 1202 1426 exercitus,
1222 1387 1284 1428 qui
1302 1388 1339 1418 in
1356 1387 1517 1418 Africam
1534 1390 1657 1428 porta—

130 1436 240 1472 retur,
259 1433 432 1464 scribitur
449 1431 561 1474 aliaq.
581 1442 675 1473 quae
693 1431 791 1464 bello
809 1432 889 1464 usui
908 1433 1037 1472 forent,
1057 1432 1304 1474 decernuntur
1318 1431 1438 1472 J27,5
1455 1434 1541 1464 conl.
1559 1431 1615 1470 36,
1630 1431 1656 1463 1.

130 1477 189 1518 37,
209 1478 242 1509 4.
267 1477 329 1516 47,
348 1477 380 1508 2.
407 1477 469 1517 54,
487 1475 520 1508 6.
547 1475 609 1516 91,
632 1476 661 1508 1.
702 1477 880 1509 Baebium
906 1480 1032 1519 parat,
1060 1479 1165 1509 euius
1189 1477 1406 1518 inpudentia
1429 1493 1475 1498 —
1497 1477 1658 1508 munitus

130 1522 228 1555 101-01
244 1523 268 1554 J
285 1522 339 1560 33,
359 1522 391 1553 2.
427 1532 508 1553 011111
527 1521 655 1554 edocet
673 1532 767 1564 quae
787 1526 916 1564 ageret
931 1523 955 1554 J
972 1522 1028 1562 49,
1052 1522 1063 1553 1
1086 1525 1172 1554 conl.
1193 1521 1275 1561 109,
1299 1521 1326 1553 1.
1363 1521 1504 1564 delegit
1520 1526 1558 1554 et
1576 1532 1657 1554 cum

132 1569 198 1606 eis,
216 1567 402 1610 praesidio
421 1567 480 1609 qui
499 1567 631 1605 forent,
652 1570 824 1610 quattuor
841 1568 1074 1599 centuriones
1092 1568 1116 1599 J
1132 1566 1194 1606 93,
1213 1567 1246 1598 8.
1286 1567 1431 1609 laqueis
1455 1567 1656 1605 vinciebat,

132 1613 260 1655 quibus
279 1612 442 1644 adlevati
460 1612 596 1643 milites
614 1612 763 1643 facilius
783 1613 1026 1645 escenderent
1043 1613 1066 1644 J
1083 1612 1139 1652 94,
1157 1613 1190 1644 2.
1232 1612 1399 1655 triplices
1417 1612 1576 1644 insidiae
1594 1623 1657 1655 po-

132 1659 228 1690 sitae
253 1660 374 1695 erant,
401 1657 535 1699 prima,
564 1657 624 1698 qui
640 1674 684 1680 -—
703 1657 915 1699 exciperent
931 1658 965 1688 H
979 1658 1013 1689 II
1034 1657 1084 1689 15.
1108 1670 1155 1685 =
1176 1657 1320 1689 litteras
1343 1658 1536 1698 recitavit,
1568 1667 1659 1700 quas

131 1703 203 1734 sibi
220 1701 388 1734 Faesulis
407 1701 552 1734 adlatas
570 1702 720 1733 dicebat
738 1701 764 1733 C
784 1701 838 1741 30,
862 1701 889 1733 1.
918 1701 978 1742 48,
996 1701 1027 1734 3.
1051 1703 1074 1734 J
1092 1701 1145 1742 28,
1164 1703 1196 1733 4.
1240 1703 1484 1742 ementiundo,
1506 1713 1599 1744 quae
1617 1713 1657 1734 se

132 1748 280 1779 audisse
297 1747 462 1779 dicerent
479 1746 506 1778 O
525 1746 579 1786 49,
598 1747 631 1777 4.
674 1746 747 1778 illis
771 1747 920 1779 divitias
938 1757 1124 1789 superare,
1145 1758 1236 1789 quas
1252 1765 1297 1769 --
1313 1748 1536 1790 profundant
1554 1747 1582 1778 C
1599 1746 1655 1785 20,

134 1793 149 1824 1
169 1795 255 1825 conl.
273 1791 335 1831 21,
355 1791 388 1824 3.
430 1791 569 1834 fingere
592 1802 649 1823 me
673 1791 806 1830 verba,
833 1792 893 1823 eui
918 1810 959 1813 -—
978 1791 1127 1823 licuerit
1144 1792 1166 1823 J
1189 1792 1239 1832 14,
1258 1791 1314 1823 20.
1357 1792 1548 1824 Ciceronis
1566 1793 1657 1823 invi—

131 1838 240 1877 diam,
262 1847 355 1879 quae
374 1840 505 1879 postea
523 1840 603 1868 orta
623 1839 688 1876 est,
708 1836 816 1868 leniri
834 1837 1035 1869 credebant
1053 1836 1080 1868 C
1098 1837 1153 1873 22,
1165 1836 1186 1869 3
1203 1839 1290 1869 conl.
1309 1837 1406 1874 2432.
1433 1838 1487 1876 27,
1499 1837 1532 1868 4.
1557 1836 1614 1877 50,
1624 1835 1657 1869 3.

131 1882 193 1923 30,
212 1881 244 1914 6.
277 1881 337 1922 51,
357 1881 413 1914 32.
444 1882 468 1913 J
490 1881 547 1921 16,
565 1882 596 1912 2.
629 1882 690 1919 25,
714 1880 764 1914 10.
801 1880 881 1921 108,
901 1881 933 1914 3.
970 1881 1051 1920 111,
1071 1881 1103 1912 2.
1145 1881 1313 1914 hortatur
1329 1882 1374 1914 ad
1393 1885 1536 1921 cetera,
1564 1892 1658 1924 quae

131 1928 230 1960 levia
248 1927 321 1958 sint
340 1926 399 1967 (al.
417 1926 526 1967 sunt),
547 1937 671 1969 parem
697 1927 857 1958 animum
882 1929 1012 1969 gerant
1026 1927 1050 1958 J
1067 1927 1128 1966 54,
1152 1926 1180 1958 1.
1222 1927 1391 1969 proinde,
1418 1938 1511 1969 quae
1537 1928 1659 1959 animo

132 1973 314 2016 agitabat,
333 1972 450 2004 fretus
468 1971 546 2004 deis
565 1975 694 2014 ageret
709 1972 732 2004 J
749 1970 803 2011 63,
827 1972 854 2003 1.

177 2018 262 2058 quia.
301 2017 366 2049 Set
389 2017 475 2059 quia
498 2027 699 2059 provenere
716 2017 769 2048 ibi
786 2027 921 2059 magna
943 2018 1158 2059 scriptorum
1184 2017 1354 2060 ingenia,
1381 2017 1660 2052 Atheniensium

132 2073 190 2095 res
216 2065 344 2105 gestae
369 2073 434 2104 pro
459 2062 638 2094 maxumis
664 2061 899 2093 celebrantur
925 2061 952 2093 C
975 2061 1014 2103 8,
1039 2061 1060 2094 3
1084 2065 1170 2095 conl.
1193 2062 1250 2102 11,
1269 2063 1302 2094 2.
1331 2062 1389 2103 17,
1409 2063 1429 2094 7
1454 2062 1564 2105 (quia
1589 2062 1657 2104 Gn.

132 2109 259 2150 Pomp.
269 2107 470 2140 exercitum
484 2107 672 2147 ductabat,
687 2106 872 2147 voluisse).
903 2106 986 2146 18,8
1003 2107 1103 2149 (quia
1123 2124 1160 2130 —
1178 2111 1436 2148 convenerant,
1457 2119 1502 2140 ea
1516 2118 1574 2140 res
1593 2108 1657 2140 —l.

132 2152 187 2193 20,
207 2151 229 2184 3
245 2151 346 2194 (quia
362 2170 407 2175 —
425 2163 468 2184 eo
487 2162 597 2184 ausus
615 2155 671 2183 est
687 2155 773 2184 conl.
792 2152 847 2191 52,
874 2151 937 2191 11).
963 2151 1018 2191 23,
1037 2152 1068 2185 3.
1095 2151 1150 2191 48,
1170 2153 1201 2184 5.
1228 2152 1290 2190 58,
1312 2152 1364 2184 14.
1390 2154 1413 2186 J
1432 2153 1470 2193 4,
1490 2154 1523 2187 2.
1542 2153 1575 2185 3.
1604 2151 1658 2193 10,

133 2198 152 2229 7
171 2197 236 2238 (αι.
256 2197 436 2239 qui).11,
456 2196 487 2229 3.
524 2196 584 2236 18,
604 2197 637 2228 7.
669 2196 729 2236 21,
747 2197 781 2228 2.
816 2195 878 2236 26,
897 2198 930 2228 2.
963 2196 1076 2237 35,1.
1103 2197 1243 2237 38,10.
1269 2197 1381 2239 56,2.
1407 2197 1519 2237 67,3.
1543 2197 1606 2239 98,
1626 2197 1658 2230 6.

137 2242 218 2283 101,
237 2243 270 2274 2.
299 2242 379 2282 107,
399 2241 430 2273 6.
458 2242 493 2273 Η
509 2242 526 2274 Ι
547 2241 598 2273 10.
625 2241 687 2281 48,
707 2242 738 2273 2.
764 2243 817 2273 III
833 2241 888 2274 60.
916 2243 964 2274 IV
981 2241 1042 2281 61,
1061 2243 1093 2274 7.
1111 2242 1143 2274 9.
1167 2242 1219 2275 10.
1242 2243 1293 2275 15.
1343 2243 1493 2275 arduum
1517 2243 1662 2276 videtur

133 2305 175 2310 -—
193 2288 344 2329 primum
363 2287 457 2329 quod
477 2305 514 2309 —
535 2287 666 2319 dehinc
685 2287 771 2328 quia
787 2305 833 2310 —
849 2287 876 2319 C
895 2286 926 2328 3,
945 2287 979 2319 2.
1018 2287 1151 2330 populo
1175 2288 1240 2320 Ro.
1266 2299 1464 2331 numquam
1483 2299 1528 2321 ea
1552 2289 1661 2331 copia

133 2333 221 2371 fuit,
249 2333 336 2374 quia
362 2332 677 2374 prudentissumus
702 2332 817 2374 quisq.
841 2343 1008 2364 maxume
1032 2333 1246 2375 negotiosus
1270 2337 1352 2371 erat
1377 2333 1404 2365 O
1422 2332 1462 2373 8,
1480 2334 1512 2366 5.
1546 2335 1571 2366 J
1586 2334 1619 2373 5,
1643 2333 1659 2374 l

134 2378 302 2419 (primum
328 2378 414 2419 quia
438 2395 479 2399 —-
505 2377 589 2408 dein
615 2376 728 2419 quia).
765 2377 824 2415 16,
842 2378 874 2410 2.
910 2376 968 2418 18,
987 2378 1019 2409 5.
1043 2378 1094 2409 12.
1128 2378 1190 2419 20,
1210 2379 1243 2410 5.
1270 2379 1331 2416 75,
1349 2378 1381 2411 8.
1407 2378 1469 2419 80,
1488 2378 1520 2410 6.
1546 2378 1608 2419 84,
1628 2378 1661 2411 3.

134 2422 196 2455 85.
212 2422 258 2472 225
276 2422 435 2463 (scilicet
459 2422 544 2463 quia
571 2439 608 2444 —-
635 2425 721 2454 conl.
747 2423 783 2453 H
799 2423 816 2454 Ι
832 2422 892 2462 41,
913 2422 959 2463 7).
979 2421 1034 2455 39.
1059 2422 1123 2464 89,
1141 2424 1173 2455 7.
1199 2423 1261 2460 90,
1285 2423 1313 2455 1.
1346 2423 1409 2463 97,
1430 2423 1462 2456 3.
1480 2424 1513 2455 5.
1546 2422 1609 2463 98,
1628 2422 1659 2456 3.

138 2467 219 2506 102,
247 2467 278 2498 7.
311 2467 347 2499 H
371 2467 388 2498 I
411 2466 475 2506 41,
500 2467 555 2498 24.
588 2467 624 2498 11
646 2466 687 2499 31
707 2467 764 2508 (5³),
814 2477 920 2510 quam
945 2468 990 2500 ob
1016 2479 1090 2507 rem
1115 2478 1187 2500 non
1212 2468 1410 2500 addidisti?
1434 2476 1481 2499 an
1506 2470 1594 2510 quia
1619 2486 1662 2490 ——

137 2523 184 2544 an
202 2512 290 2553 quia
306 2530 343 2534 —
367 2512 424 2543 sin
442 2512 527 2553 quia
545 2511 573 2543 C
591 2511 646 2551 51,
664 2512 810 2545 22—24.
844 2513 978 2556 quippe
997 2531 1039 2536 --
1058 2513 1164 2545 simul
1183 2513 1269 2554 quia
1287 2512 1315 2544 C
1339 2512 1389 2551 19,
1407 2513 1440 2544 2.
1477 2523 1520 2544 eo
1537 2513 1660 2546 dolore

133 2557 318 2599 inpeditus
342 2560 379 2588 et
401 2557 488 2598 quia
512 2557 694 2588 stultitiae
719 2557 915 2590 videbatur
937 2558 960 2590 J
984 2557 1045 2596 83,
1069 2557 1097 2589 l.
1147 2568 1227 2589 cum
1259 2561 1408 2599 propter
1430 2567 1531 2589 usum
1556 2557 1660 2599 belli,

133 2605 209 2634 tum
227 2602 313 2643 quia
331 2612 389 2633 res
407 2612 539 2644 aspera
556 2606 636 2633 erat
651 2602 676 2633 J
691 2601 746 2642 89,
759 2601 791 2635 6.
825 2613 896 2635 non
916 2603 1074 2636 avaritia
1093 2602 1253 2634 consulis
1273 2602 1482 2639 admissum,
1501 2606 1558 2634 set
1575 2604 1661 2644 quia

137 2665 179 2669 ——
194 2647 218 2678 J
234 2645 290 2688 91,
309 2647 340 2678 7.
381 2657 454 2678 non
473 2647 559 2688 quia
577 2665 617 2670 -—-
637 2657 710 2679 non
726 2658 889 2689 possem,
917 2652 974 2680 set
999 2647 1093 2689 quod
1111 2665 1151 2669 -
1171 2647 1198 2678 C
1217 2646 1277 2685 35,
1298 2645 1319 2679 3
1337 2647 1395 2686 (al.
1416 2647 1502 2688 quin
1519 2665 1562 2669 —
1579 2658 1660 2690 pos-

135 2691 237 2732 sem).
279 2691 423 2723 abunde
448 2691 660 2724 libertatem
685 2693 758 2724 rati
782 2693 868 2734 quia
892 2692 1007 2734 tergis
1035 2692 1243 2723 abstinetur
1266 2691 1302 2722 H
1325 2691 1379 2724 111
1401 2690 1464 2731 61,
1482 2691 1538 2724 26.
1581 2703 1661 2724 011111

136 2736 280 2768 interim
298 2746 362 2768 vos
380 2754 423 2758 —
438 2736 628 2769 habendos
644 2737 842 2779 praebetis,
865 2738 962 2768 exuti
976 2736 1141 2768 omnibus
1158 2753 1210 2777 -,
1229 2736 1300 2768 nisi
1320 2737 1405 2778 quia
1422 2737 1603 2770 vobismet
1619 2755 1662 2760 ——

135 2791 230 2813 nunc
249 2781 413 2813 dominos
430 2782 626 2814 destinatis
643 2782 677 2813 H
694 2783 749 2814 III
765 2781 820 2821 61,
836 2781 868 2813 6.

131 2840 134 2841 ⁷
181 2827 374 2866 quicunque
391 2826 582 2868 inpudicus
601 2826 744 2858 adulter
761 2837 879 2868 ganeo
899 2844 938 2848 —
956 2825 1202 2863 laceraverat,
1220 2828 1415 2868 praeterea
1430 2836 1555 2859 omnes
1567 2844 1603 2850 —
1616 2827 1663 2859 ad

135 2870 206 2902 hoc
225 2881 311 2912 quos
335 2889 376 2893 —
395 2874 578 2913 postremo
596 2881 739 2909 omnes,
765 2881 853 2912 quos
873 2887 925 2909 —,
947 2870 980 2901 ei
999 2888 1035 2892 -
1058 2870 1085 2901 C
1108 2870 1167 2910 14,
1186 2870 1219 2902 2.
1260 2871 1512 2913 quodcumque
1536 2875 1663 2904 natum

136 2915 269 2955 fuerat,
285 2915 390 2947 iussu
406 2916 505 2958 regis
523 2933 564 2938 —
583 2915 816 2947 contulerant
831 2915 854 2946 J
871 2913 926 2954 90,
950 2913 979 2946 1.
1021 2914 1166 2956 plebes,
1186 2915 1401 2958 quodcumq.
1420 2917 1572 2955 accidit,
1597 2928 1662 2960 pro

1270 2970 1357 3009 22*
