1826 3282
227 231 281 272 46
707 240 1005 273 ΗιετοηιᾼΒνΜ
1036 241 1119 270 Lm.
1153 241 1186 269 11
1218 236 1275 272 41.

227 355 357 382 ruere.
414 342 621 380 Praeterea
653 346 851 385 senectus,
897 352 968 391 per
1008 353 1050 380 se
1088 342 1236 391 gravis,
1276 353 1410 380 euram
1451 340 1642 392 duplicat,
1683 341 1746 381 cui

228 411 371 449 misero
396 411 478 445 acta
509 408 584 445 iam
610 411 734 445 aetate
762 419 810 446 ne
833 412 1000 447 mortem
1028 408 1183 458 quidem
1214 408 1417 448 honestam
1449 415 1608 459 sperare
1640 407 1741 448 [icet.

177 482 182 486 ’
228 477 324 515 Nam
356 475 388 512 si
418 473 589 523 paricida
615 475 733 512 vostri
768 486 854 513 sum
895 479 933 513 et
964 474 1023 513 bis
1053 476 1204 525 genitus
1238 476 1300 514 hic
1331 476 1425 514 deos
1454 476 1605 526 penatis
1635 487 1744 514 meos
1769 483 1790 516 3

228 542 469 591 patriamque
496 544 533 579 et
562 552 759 593 summum
790 542 982 593 inperium
1015 542 1097 581 vilia
1123 542 1270 587 habeo,
1304 544 1389 594 quis
1412 538 1513 581 ‘mihi
1539 543 1623 580 vivo
1654 554 1743 580 cru-

195 625 208 648 c,
229 610 352 646 clatus
389 608 480 646 satis
516 612 573 646 est
610 613 676 647 aut
709 621 811 660 quae
848 621 973 659 poena
1009 610 1189 649 mortuo?
1233 611 1327 661 quin
1371 611 1497 649 omnia
1528 613 1743 648 memorata

228 675 329 726 apud
365 675 510 713 inferos
540 675 729 725 subplicia
756 675 905 715 scelere
929 688 1017 715 meo
1060 678 1142 716 vici.
1200 677 1230 715 A
1257 678 1382 727 prima
1414 670 1675 716 adulescentia
1707 677 1745 715 in
1770 682 1791 714 4

229 754 297 780 ore
325 746 456 780 vostro
481 743 653 792 privatus
685 747 723 781 et
752 744 788 781 in
819 743 1111 793 magistratibus
1142 745 1222 794 egi:
1263 745 1328 795 qui
1358 744 1513 794 lingua,
1558 744 1623 794 qui
1654 755 1746 782 con-

229 803 312 848 silio
341 821 450 867 me0‚
481 810 546 860 qui
572 811 740 860 pecunia
770 809 948 855 voluere,
982 811 1040 850 usi
1071 816 1179 850 sunt:
1217 823 1345 862 neque
1382 822 1454 861 ego
1485 810 1662 850 callidam
1693 810 1747 849 sa-

201 887 203 889 ·
230 876 411 915 cundiam
442 888 569 927 neque
600 877 796 926 ingenium
832 878 879 916 ad
909 878 1010 917 male
1033 879 1256 917 faciundum
1286 879 1464 917 exercui:
1492 878 1748 918 avidissumus

187 961 217 986 ιιι
230 945 401 994 privatae
429 944 574 994 gratiae
603 956 804 983 maxumas
832 945 1051 984 inimicitias
1081 958 1154 997 pro
1186 958 1229 984 re
1264 945 1419 996 publica
1448 945 1620 995 suscepi:
1663 944 1749 995 quis

229 1012 352 1050 victus
383 1022 470 1049 cnm
499 1010 561 1049 illa
593 1010 707 1049 simul
738 1024 826 1049 eum
859 1022 978 1060 egens
1009 1011 1156 1051 alienae
1184 1013 1268 1063 opis
1297 1011 1410 1062 plura
1440 1011 1540 1051 mala
1569 1015 1748 1063 expecta-

230 1090 335 1123 rem,
362 1089 449 1123 vos,
483 1078 664 1124 Quirites,
699 1090 837 1117 rursus
868 1079 961 1117 mihi
991 1080 1156 1129 patriam
1193 1080 1364 1130 deosque
1394 1080 1544 1130 penatis
1571 1090 1660 1117 cum
1690 1079 1748 1116 in-

230 1147 336 1195 genti
364 1145 548 1195 dignitate
577 1145 747 1184 dedistis.
793 1145 879 1184 ,Pro
919 1145 1060 1197 quibus
1098 1146 1287 1185 benificiis
1326 1147 1385 1185 vix
1412 1147 1503 1185 satis
1530 1150 1666 1195 gratus
1694 1146 1748 1183 vi-
1774 1151 1796 1184 5

231 1213 337 1257 dear,
370 1213 401 1251 si
426 1212 586 1262 singulis
617 1213 797 1257 animam,
832 1225 949 1263 quam
981 1225 1147 1264 nequeo,
1177 1214 1452 1258 concesserim.
1498 1213 1596 1251 Nam
1619 1213 1690 1251 vita
1713 1216 1752 1251 et
1803 1211 1808 1216 ’

204 1292 338 1320 sinors
374 1281 459 1318 iura
498 1284 660 1318 naturae
701 1284 811 1318 sunt:
850 1284 894 1318 ut
924 1281 1006 1319 sine
1046 1280 1239 1320 dedecore
1278 1293 1366 1319 eum
1406 1279 1552 1319 civibus
1582 1281 1683 1319 fama
1714 1283 1752 1318 et

232 1347 397 1386 fortunis
427 1348 576 1397 integer
607 1359 710 1398 agas,
740 1347 778 1385 id
809 1347 912 1385 dono
944 1347 1056 1386 datur
1088 1352 1202 1398 atque
1235 1348 1436 1398 accipitur.

346 1413 534 1453 Consules
564 1426 635 1452 nos
675 1414 838 1459 fecistis,
879 1414 1067 1460 Quirites,
1111 1415 1214 1453 domi
1251 1414 1420 1465 bellique
1458 1414 1750 1464 inpeditissuma
1775 1418 1798 1452 6

232 1494 275 1522 re
300 1481 467 1532 publica.
516 1481 693 1532 Namque
714 1482 958 1532 inperatores
983 1482 1189 1532 Hispaniae
1212 1469 1446 1532 stipendium
1468 1481 1620 1525 milites,
1643 1492 1752 1519 arma

233 1550 473 1588 frumentum
506 1553 695 1599 poscunt:
729 1552 766 1587 et
793 1549 829 1587 id
862 1560 926 1587 res
949 1550 1063 1599 cogit,
1095 1549 1278 1599 quoniam
1305 1548 1523 1587 defectione
1555 1548 1751 1586 sociorum

186 1632 220 1657 ρο
235 1621 273 1655 et
304 1616 463 1659 Sertori,
478 1627 549 1666 per
578 1616 719 1654 montis
741 1616 830 1665 suga
853 1628 980 1666 neque
1001 1627 1119 1654 manu
1143 1619 1294 1654 certare
1315 1619 1478 1665 possunt
1498 1627 1625 1666 neque
1645 1614 1752 1653 utilia

232 1695 383 1735 parare.
446 1682 651 1721 Exercitus
687 1682 726 1720 in
755 1682 841 1721 Asia
883 1682 1090 1734 Ciliciaque
1126 1682 1176 1720 oh
1217 1683 1354 1721 nimias
1394 1694 1487 1733 opes
1523 1681 1752 1720 Mithridatis
1776 1687 1796 1719 7

233 1751 402 1794 aluntur,
433 1749 656 1788 Macedonia
688 1748 802 1800 plena
832 1750 1001 1788 hostium
1034 1754 1102 1794 est,
1134 1762 1207 1788 nee
1237 1750 1365 1788 minus
1389 1748 1519 1788 ltaliae
1545 1750 1750 1788 marituma

234 1823 271 1857 et
301 1818 604 1868 provinciarum,
638 1828 727 1855 enm
756 1818 912 1856 interim
944 1816 1284 1867 vectigaliaparva
1312 1821 1348 1855 et
1378 1815 1489 1855 bellis
1512 1817 1660 1855 incerta
1692 1817 1752 1854 vix

232 1889 383 1936 partem
414 1887 640 1934 sumptuum
668 1885 876 1923 sustinent:
917 1885 967 1923 ita
998 1884 1132 1929 classe,
1170 1896 1269 1935 quae
1298 1882 1524 1923 conmeatus
1553 1882 1750 1928 tuebatur,

187 1967 220 1992 25
235 1944 385 1991 minore
416 1964 532 2002 quam
563 1956 674 1990 antea
702 1952 938 2001 navigamus.
994 1952 1099 1990 Haec
1135 1951 1166 1989 si
1195 1950 1284 1989 dolo
1314 1955 1379 1989 aut
1409 1951 1587 1989 socordia
1618 1955 1750 1989 nostra
1775 1955 1797 1987 8

234 2023 432 2058 contracta
463 2023 564 2063 sunt,
596 2019 696 2069 agite
725 2022 767 2057 ut
797 2022 930 2057 monet
958 2019 1027 2062 ira,
1059 2017 1292 2070 subplicium
1314 2018 1475 2062 sumite;
1506 2018 1566 2056 sin
1595 2017 1751 2056 fortuna

239 2087 457 2126 eommunis
486 2087 661 2136 asperior
690 2089 758 2129 est,
791 2097 867 2136 qua
884 2097 927 2124 re
951 2084 1106 2134 indigna
1130 2084 1236 2123 vobis
1257 2084 1447 2136 nobisque
1472 2089 1510 2123 et
1529 2097 1573 2123 re
1596 2084 1751 2135 publica

231 2153 421 2204 incipitis?
1559 2160 1579 2168 ·

346 2254 458 2285 TEs'r.
487 2262 564 2285 sen.
618 2252 667 2284 11.
696 2252 835 2284 Charis.
863 2253 952 2290 Exe.
979 2263 1013 2295 p.
1040 2252 1106 2284 549
1131 2252 1321 2287 ed.‚Keil.:
1348 2257 1380 2284 et
1404 2253 1499 2284 huius
1522 2254 1597 2294 opis
1626 2252 1752 2284 Teren-

234 2300 298 2330 llus
324 2298 486 2339 (Phorm.
513 2298 566 2329 ΙΙΙ
591 2297 629 2338 3,
655 2296 719 2338 20)
752 2302 785 2329 el
817 2297 858 2329 ab
882 2299 945 2330 hae
969 2308 1033 2339 ope
1058 2298 1236 2330 Sallustius
1260 2298 1310 2329 11:
1346 2308 1425 2329 cum
1460 2307 1572 2339 egens
1606 2297 1750 2330 alienae

234 2344 313 2386 opis
337 2343 442 2385 plura
466 2342 564 2374 mala
588 2345 849 2384 exspectarem.

234 2457 266 2488 2.
303 2458 387 2488 aeta
417 2455 490 2487 iam
524 2457 646 2486 aetate
672 2453 715 2488 Q.
765 2457 916 2486 senecta
947 2454 1019 2485 iam
1052 2457 1174 2486 aetate
1203 2455 1342 2492 Carrio,
1376 2455 1541 2486 adductus
1572 2465 1629 2492 eo,
1663 2454 1760 2496 quod,

234 2502 330 2534 Serv.
357 2501 404 2532 ad
431 2501 535 2541 Ver-9.
561 2500 648 2531 Aen.
680 2499 732 2530 XI
766 2498 827 2530 165
859 2502 1009 2531 senecta
1041 2499 1113 2530 iam
1148 2503 1270 2531 aetate
1304 2509 1350 2530 eae
1375 2498 1458 2531 Sall.
1484 2500 1642 2531 laudavit.
1693 2498 1751 2530 cui

235 2546 384 2586 misero⁷
411 2545 506 2585 seni,
541 2547 625 2576 aeta
649 2544 721 2575 iam
749 2546 870 2575 aetate
895 2544 1037 2575 Do'derl.
1065 2544 1147 2585 Syn.
1172 2544 1222 2575 IV
1244 2555 1279 2585 p.
1304 2542 1360 2575 94.
1386 2561 1430 2566 —
1461 2543 1493 2575 5.
1522 2544 1606 2585 quin
1631 2543 1751 2575 omnia

235 2590 278 2624 ΞΒ.
329 2601 409 2622 eum
434 2589 554 2622 omnia
582 2589 672 2621 Cort.
699 2605 742 2610 ——
767 2587 798 2619 6.
826 2588 981 2630 suplicia
1005 2587 1048 2622 Q.
1114 2587 1365 2620 adnleseentia
1382 2587 1426 2622 23.
1452 2605 1494 2610 --
1519 2587 1551 2619 8.
1579 2588 1751 2620 callidam

236 2635 445 2667 facundiam
469 2644 580 2666 omnes
602 2633 690 2665 libri.
739 2633 909 2664 caninam
934 2632 1143 2664 facundiam
1169 2631 1248 2673 (cfr.
1270 2633 1320 2672 fr.
1340 2633 1376 2663 II
1393 2631 1453 2674 36)
1483 2633 1614 2664 Carrio.
1632 2650 1678 2655 —-
1697 2631 1749 2664 10.

236 2680 314 2722 quis
339 2680 457 2712 vietus
482 2677 525 2713 23.
581 2678 640 2720 qui
664 2678 782 2711 victus
809 2678 899 2709 Cort.
934 2695 978 2698 —
1011 2676 1063 2708 11.
1098 2681 1329 2718 expectarem
1354 2675 1397 2710 23.
1431 2694 1473 2698 —·
1509 2677 1560 2708 12.
1594 2677 1750 2719 deosque

235 2725 380 2767 penatis
405 2724 459 2765 Q..
498 2724 584 2756 deos
615 2725 769 2766 penates
797 2722 887 2754 Cart.
913 2739 956 2744 -—-
983 2721 1034 2753 15.
1061 2722 1142 2753 iura
1164 2721 1207 2755 ἓξ.
1257 2722 1334 2753 iure
1365 2722 1444 2753 Val.
1470 2722 1491 2752 2
1521 2726 1554 2753 et
1584 2723 1669 2754 Veri.
1695 2723 1748 2753 ed.

235 2773 274 2801 ut
298 2769 386 2801 libri.
434 2769 497 2801 ubi
517 2769 608 2801 Cort.
655 2767 708 2799 uti
726 2768 816 2799 Ger-l.
844 2785 884 2790 —-
909 2765 964 2798 20.
990 2766 1121 2797 montis
1145 2765 1188 2800 23.
1217 2784 1259 2787 —
1283 2766 1338 2797 24.
1366 2770 1546 2807 sumptum
1564 2765 1607 2800 Q.
1658 2776 1750 2808 quae

236 2818 459 2846 commeatus
485 2813 655 2845 tuebatur
679 2811 722 2847 Q.
773 2822 844 2853 qua
868 2814 1089 2843 commeatus
1106 2810 1308 2843 vehebatur
1324 2811 1401 2842 edd.
1429 2828 1472 2832 —
1495 2811 1550 2842 25.
1578 2814 1688 2843 antea
1705 2809 1749 2844 58.

237 2862 319 2890 ante
353 2860 405 2890 ed.
433 2859 499 2891 Kr.
534 2877 576 2882 -—
617 2856 671 2889 26.
705 2860 789 2888 sunt
820 2856 919 2899 agite
951 2858 1113 2888 utmonet
1142 2855 1198 2887 ira
1229 2854 1272 2889 Q.
1322 2858 1404 2886 sunt
1435 2855 1487 2886 uti
1513 2859 1634 2887 monet
1660 2856 1751 2887 Cort-

237 2904 334 2945 agite
362 2904 413 2934 uti
438 2903 527 2935 libet
551 2906 587 2934 et
611 2902 663 2934 ita
685 2902 816 2934 Carrio.
858 2901 955 2943 agite
981 2904 1018 2932 et
1041 2901 1095 2932 uti
1118 2899 1208 2932 libet
1232 2900 1285 2932 ita
1317 2900 1422 2932 Wete.
1494 2900 1640 2932 fortuna
1657 2910 1752 2932 com-
