1826 3282
519 235 817 264 ntsronumvu
842 237 923 264 Lm.
954 238 986 264 11
1016 231 1192 268 59--61,
1571 228 1624 269 53

93 333 396 368 interlinearibus
422 336 487 369 illa
510 336 701 369 incondita
726 339 956 371 concoxisse.
997 339 1091 370 Tum
1115 349 1187 371 non
1205 342 1306 372 recte
1323 350 1481 382 negasse
1505 341 1622 374 virum

94 379 370 413 doctissumum:
395 386 486 414 vires
510 383 657 414 aderant
681 382 796 414 latine
821 383 906 422 dici,
933 384 1093 416 ostendit
1116 384 1218 416 locus
1244 384 1338 418 Vell.
1365 386 1402 418 II
1426 384 1481 425 61,
1510 385 1546 418 l:
1571 391 1621 419 vis

93 426 143 456 ad
162 427 385 458 resistendum
409 428 491 459 nulli
512 428 646 464 aderat,
673 430 713 459 ut
738 427 832 460 alias
857 428 994 460 similes
1019 429 1241 467 locutiones,
1275 440 1366 473 quas
1390 430 1510 463 lexica
1534 432 1619 464 sub-

92 469 270 512 peditam,
297 471 473 504 omittam.
523 472 627 512 Quod
653 473 684 504 si
707 473 823 504 verba
839 474 889 505 illi
912 473 1029 516 quibus
1043 476 1134 506 vires
1150 477 1305 512 aderant,
1330 486 1432 508 ruere
1447 479 1559 513 cuncti
1573 479 1622 510 ad

87 519 215 556 portas
239 516 468 549 dubitatione
495 520 663 559 exempta
686 520 790 556 sunt,
824 528 943 559 paene
976 519 1151 559 admiror,
1185 521 1278 562 qnod
1310 521 1471 554 Kritzius
1501 522 1547 554 ad
1573 533 1618 554 ea

91 570 162 592 non
187 560 356 593 adhibuit
379 561 497 595 locum
522 562 702 604 Appiani,
729 572 834 604 quem
859 573 903 594 ex
928 563 973 595 fr.
999 564 1043 595 52
1069 575 1280 606 expressum
1305 577 1385 598 esse
1410 567 1618 609 suspicatus

91 608 183 637 erat.
233 605 329 645 Quid
354 606 448 638 enim
474 607 553 639 veri
578 606 744 646 similius,
773 618 879 655 quam
903 607 968 640 illa
994 608 1094 641 dicta
1113 610 1226 642 fuisse
1245 611 1289 642 de
1308 611 1484 644 militibus
1500 611 1617 654 pulsis

91 659 136 681 ac
161 650 313 692 fugatis,
341 661 489 692 quorum
514 661 602 693 quos
628 652 726 684 vires
750 662 819 684 non
846 653 1081 693 defecissent,
1110 655 1157 686 ad
1173 655 1275 687 urbis
1291 656 1518 698 propinquae
1534 668 1615 699 por-

89 697 148 727 tas
173 695 476 728 adcelerassent?
519 697 622 736 Quae
655 697 688 728 si
714 707 785 729 non
809 708 956 739 prorsus
983 699 1028 731 ab
1054 700 1133 731 veri
1166 701 1289 742 specie
1323 701 1536 741 abhorrent,
1570 702 1616 734 de

89 740 260 772 extremis
285 740 434 773 facilius
458 741 624 774 iudicare
642 742 854 784 poterimus.
904 743 1088 775 Incondita
1104 749 1221 777 tenere
1239 746 1435 778 absurdum
1452 749 1519 785 est,
1545 757 1615 779 nec
1645 739 1658 749 ”

22 778 26 782 ”
87 785 205 816 minus
229 787 395 818 inconditi
415 790 553 823 tenere,-
583 787 748 819 inconditi
781 792 906 820 temere
930 798 1002 820 non
1027 789 1074 820 ab
1100 791 1286 822 sententia
1310 801 1519 833 pervorsum
1545 795 1613 832 est,

87 832 145 861 set
170 830 263 872 quod
287 831 471 863 vocabula
502 832 610 863 nimis
641 832 756 864 multa
782 833 968 865 cumulata
993 837 1094 873 sunt,
1129 835 1317 877 displicet,
1348 838 1514 868 inconditi
1541 841 1614 869 ten-

86 875 180 912 dere,
206 875 299 917 quod
325 875 543 908 Gerlachiiis
568 877 730 915 retinuit,
757 881 858 910 recte
885 878 1033 910 defendi
1057 882 1194 921 potest:
1226 881 1286 922 qui
1312 881 1358 913 ad
1381 884 1506 923 portas
1531 892 1611 914 rue-

85 919 187 959 bant,
214 920 332 953 eidem
358 921 534 953 inconditi
560 922 779 960 tendebant,
814 924 1031 965 praesertim
1063 924 1094 956 si
1126 926 1328 966 cogitemus
1353 926 1458 968 plura
1482 930 1612 959 secuta

85 961 166 997 csse
189 976 292 998 ruere
317 969 354 998 et
377 968 518 998 tendere
542 966 743 999 infinitivos
766 967 971 1009 historicos.
1022 967 1126 1008 Quod
1149 970 1275 1011 Mahly
1298 970 1322 1002 l.
1350 982 1381 1002 e.
1408 982 1443 1013 p.
1461 971 1505 1003 79
1529 982 1608 1018 pro-

83 1010 220 1051 posuit,
245 1012 416 1044 incondito
441 1013 571 1049 itinere,
599 1012 786 1053 ingeniose
804 1013 991 1046 inventum
1009 1017 1076 1054 est,
1102 1017 1159 1046 set
1183 1014 1321 1055 dubito,
1342 1013 1394 1047 'an
1419 1019 1487 1049 iter
1509 1019 1610 1050 recte

83 1054 227 1088 dicatur
251 1055 296 1088 de
320 1066 391 1091 non
415 1057 707 1098 ingredientibus
732 1061 789 1089 set
813 1058 1015 1090 ruentibus.

194 1146 248 1186 59
281 1145 360 1198 [Kr.
384 1150 440 1184 68.
473 1148 512 1184 G.
536 1146 632 1199 100]
691 1146 760 1195 Ille
786 1147 942 1187 festinat
967 1148 1150 1188 subsidiis
1177 1161 1323 1200 augere
1347 1152 1545 1203 principes
1569 1156 1608 1192 et

79 1212 245 1252 densere
269 1212 450 1253 frontem.

191 1292 348 1334 Eutych.
374 1303 408 1335 p.
437 1291 517 1324 192:
546 1294 682 1331 ‘denso’‚
708 1295 800 1336 quod
822 1298 855 1326 et
881 1294 1026 1326 ‘denseo‘
1051 1294 1235 1327 secundae
1259 1295 1540 1337 coniugationis,
1566 1301 1605 1328 ut

78 1337 112 1368 in
138 1339 198 1369 ‘eo'
221 1338 442 1376 ter-minatum,
469 1339 547 1370 licet
569 1349 653 1371 raro
678 1341 806 1376 tectum,
832 1340 1007 1376 invenitur,
1036 1343 1072 1371 ut
1095 1342 1218 1372 eaetulit
1242 1358 1284 1362 —
1314 1340 1350 1373 V
1347 1341 1477 1382 iryilizes
1501 1341 1559 1382 (G.
1586 1343 1604 1373 I

53 1416 56 1418 ,
76 1381 154 1414 419.
180 1381 271 1414 Aen.
297 1383 369 1415 XII
392 1381 473 1425 264)
499 1401 553 1416 ——.
583 1383 680 1416 Cuius
704 1385 896 1425 infinitivum
913 1382 1082 1417 Salustius
1105 1385 1320 1417 historiarum
1337 1385 1392 1417 lib.
1412 1386 1447 1418 H
1472 1387 1602 1427 refert:

76 1426 143 1459 Illc
168 1445 213 1450 —
238 1428 406 1460 frontem.

190 1517 243 1557 60
277 1518 357 1571 [Kr.
384 1523 441 1557 69.
474 1521 512 1556 G.
534 1518 610 1571 41].
667 1518 816 1558 Terror
849 1519 1026 1558 hostibus
1056 1532 1102 1559 ex
1133 1519 1274 1560 fiducia
1311 1521 1370 1560 sui
1401 1500 1569 1561 incessit.

186 1596 290 1630 Arus.
317 1597 443 1640 p2242
468 1608 496 1630 s.
522 1609 556 1631 v.
582 1600 721 1630 incessit
744 1599 811 1630 illis
835 1599 918 1630 illud
940 1609 984 1630 ex
1007 1598 1104 1631 Hist.
1131 1599 1179 1631 II.

166 1687 235 1727 ·61
271 1687 351 1739 [Kr.
373 1683 430 1726 70.
469 1690 507 1725 G.
530 1686 607 1740 73].
668 1688 930 1728 circumventi
964 1701 985 1727 a
1023 1689 1181 1728 dextera
1222 1690 1327 1729 nuda
1366 1691 1471 1729 l'erro
1502 1703 1596 1730 saxo

66 1753 156 1793 'aliis
187 1754 272 1794 telis
302 1756 426 1806 capita
455 1754 754 1805 adfligebantur.

183 1833 288 1866 Arus.
307 1845 342 1875 p.
360 1833 443 1866 215:
470 1833 625 1875 adflictus
640 1835 728 1865 illam
743 1844 825 1866 rem.
866 1833 938 1866 Sal.
964 1834 1057 1866 Hist.
1076 1834 1129 1866 ΙΙΙ
1146 1833 1218 1875 (23)
1244 1853 1287 1857 -—
1314 1836 1408 1868 Idem
1427 1837 1518 1868 His-t.
1539 1837 1594 1869 11:

72 1878 312 1911 circumventi
338 1889 360 1911 a
383 1879 535 1911 dextera
558 1878 654 1910 unde
680 1879 815 1910 ferrum
842 1884 933 1918 erat,
958 1889 1049 1911 saxa
1075 1882 1139 1910 aut
1155 1879 1242 1921 quid
1266 1880 1353 1920 tale,
1380 1882 1506 1923 capita
1532 1882 1593 1914 ad-

23 1933 30 1938 ·
70 1923 259 1965 fligebant.
308 1924 401 1956 Maii
425 1923 506 1962 cod.
532 1925 748 1956 circumventi
770 1925 908 1961 dccciv-a,
936 1924 1003 1956 Gu.
1029 1925 1260 1956 circumventis
1284 1925 1443 1958 dextera.
1462 1943 1506 1948 —
1525 1927 1592 1958 Gu.

69 1969 161 2000 nuda
179 1968 312 2009 serrum
335 1973 422 2006 erut,
456 1968 536 2000 eod.
561 1968 655 2000 Maii
678 1970 766 2000 unde
786 1969 918 2010 ferrum
942 1974 1030 2001 erat.
1054 1987 1106 1992 -——
1144 1968 1232 2001 cod.
1257 1970 1350 2002 Maii
1373 1972 1495 2012 capiti,
1523 1971 1591 2003 Gu.

11 2023 13 2025 ’
68 2015 196 2055 capita.
223 2031 266 2035 —
290 2014 453 2045 Kritzius
477 2013 590 2056 igitur
612 2013 775 2056 retinens
799 2014 1019 2056 scripturam
1045 2014 1091 2045 ab
1115 2014 1368 2047 Lindemanno
1394 2019 1591 2058 receptam,

69 2058 113 2090 de
135 2057 313 2090 militibus
337 2059 537 2090 inermibus
561 2058 679 2090 locum
703 2058 898 2100 intellegit,
925 2059 985 2100 qui
1003 2069 1083 2091 cum
1102 2059 1230 2091 fraude
1255 2060 1310 2091 ita
1327 2064 1451 2092 essent
1473 2061 1511 2092 in
1530 2071 1591 2093 an-

68 2103 210 2145 gustias
236 2103 396 2142 adducti,
421 2107 462 2135 ut
485 2103 533 2135 ab
557 2113 631 2135 una
655 2107 760 2145 parte
785 2103 978 2145 iniquitate
1003 2103 1095 2142 loci,
1130 2104 1176 2135 ab
1209 2104 1328 2136 altera
1361 2105 1407 2137 ab
1440 2106 1592 2137 armatis

67 2148 233 2180 hostibus
257 2151 526 2190 premerentur,
560 2148 659 2180 saxis
690 2158 730 2180 se
755 2148 998 2180 defenderent
1029 2152 1065 2180 et
1090 2149 1215 2190 quovis
1239 2149 1343 2181 modo
1369 2150 1439 2182 sibi
1465 2161 1591 2182 consu-

66 2193 195 2225 lerent.
244 2193 367 2225 Verba
392 2204 478 2236 ergo
502 2195 590 2225 unde
611 2194 743 2233 ferrum
766 2198 844 2225 erat
868 2193 1132 2236 interpretatur
1156 2194 1262 2225 ‘unde
1288 2196 1421 2234 armati
1445 2195 1590 2237 ingrue-

66 2238 186 2277 bant',
220 2248 327 2280 quam
359 2238 579 2270 locutionem
611 2238 826 2270 insolentem
858 2248 939 2270 esse
969 2238 1048 2280 ipse
1081 2239 1261 2271 concedit.
1317 2239 1505 2272 Casselius
1531 2251 1588 2282 ap.

66 2283 130 2315 Kr.
157 2283 417 2326 conrigundum
443 2284 603 2315 censuitr
636 2285 852 2315 circumventi
872 2284 1022 2316 dea-tera
1046 2282 1157 2323 (nuda
1176 2284 1283 2324 femo-
1302 2284 1393 2324 erat)
1417 2296 1509 2317 saxa
1533 2290 1591 2317 aut

66 2329 148 2371 quid
169 2330 238 2360 tale
261 2329 378 2370 capita
402 2328 612 2370 afsliqebant.
660 2329 821 2370 Uterque
847 2328 960 2370 igitur
990 2328 1147 2370 affligere
1179 2330 1337 2371 aliquem
1353 2331 1497 2372 aliquam
1520 2341 1590 2362 rem

67 2373 113 2405 ab
146 2373 320 2405 Sallustio
351 2373 487 2404 dictum
519 2373 632 2405 fuisse
663 2376 839 2405 statuere.
895 2373 1001 2413 Quod
1030 2373 1121 2404 mihi
1151 2383 1257 2406 secus
1289 2374 1443 2406 videtur.
1496 2376 1589 2406 Nam

65 2419 146 2450 cuni
170 2418 370 2450 Arusianus
395 2418 702 2451 constructionem
727 2418 868 2460 passivi
891 2418 1011 2460 adfligi
1032 2428 1113 2450 cum
1138 2419 1350 2456 accusativo
1376 2420 1453 2451 eius
1478 2430 1588 2462 gene-

64 2463 126 2502 ris,
153 2473 258 2505 quem
283 2472 456 2505 graecum
480 2462 646 2495 nonnulli
670 2463 903 2505 grammatici
921 2462 1122 2505 adpellant,
1148 2463 1325 2505 exemplis
1341 2464 1512 2506 inlustret
1530 2475 1587 2496 eo-

64 2518 132 2550 que
158 2508 344 2550 pertineat
366 2507 468 2540 locus
500 2518 544 2540 ex
575 2507 637 2539 lib.
664 2507 719 2539 111
743 2507 925 2550 prolatus,
957 2508 1031 2540 nisi
1060 2518 1192 2543 novum
1222 2508 1354 2540 lemma
1385 2509 1521 2540 excidit
1546 2526 1586 2531 -—

63 2553 102 2584 id
126 2553 220 2595 quod
245 2553 324 2585 veri
348 2552 466 2585 simile
491 2563 564 2585 non
589 2555 646 2585 est
668 2569 715 2576 —
737 2553 903 2594 sequitur
919 2553 1016 2584 enim
1034 2553 1190 2594 adflictus
1207 2564 1249 2585 ea
1264 2564 1304 2585 re
1323 2571 1374 2590 —‚
1400 2553 1491 2584 nihil
1510 2564 1585 2584 cer-

63 2598 137 2630 tius
149 2597 307 2637 videtur,
326 2608 434 2639 quam
446 2597 696 2639 adfliyebmtur
712 2597 955 2635 scribendum,
975 2607 1056 2629 cum
1074 2607 1189 2639 eoque
1208 2608 1287 2629 aec.
1302 2597 1428 2638 capita,
1443 2601 1586 2639 partem

63 2643 199 2675 camin
218 2652 290 2684 qna
314 2642 453 2674 adflicti
475 2643 550 2675 sint
574 2641 863 2684 significantem,
890 2642 1182 2684 coniungendam
1208 2652 1300 2673 esse.
1350 2641 1454 2680 Quod
1477 2642 1509 2673 si
1532 2642 1586 2673 ita

62 2691 130 2725 est,
156 2687 419 2729 praecedentia
443 2687 558 2719 verba
582 2687 674 2719 nihil
700 2687 799 2719 aliud
824 2687 1014 2719 continere
1038 2690 1206 2728 possunt,
1233 2686 1303 2717 nisi
1327 2685 1591 2725 instrumenta,-

63 2732 194 2774 quibus
219 2732 358 2764 adflicti
382 2731 466 2764 sint.
514 2732 594 2764 Iam
625 2735 664 2763 ut
693 2733 908 2771 circumventi
937 2743 959 2763 a
982 2733 1132 2763 deoetera
1161 2733 1260 2762 recte
1292 2730 1585 2762 Lindemannum

63 2777 277 2809 emendasse
302 2777 465 2810 breviter
488 2787 673 2815 moneam,
706 2778 798 2809 nuda
821 2777 996 2809 maiorem
1021 2775 1181 2817 speciem
1205 2774 1283 2806 veri
1308 2784 1397 2815 prae
1422 2785 1461 2806 se
1486 2774 1583 2807 ferre

63 2831 171 2864 quam
195 2823 298 2859 unde,
333 2822 466 2863 quivis
482 2822 595 2854 facile
621 2818 813 2854 concedet]
857 2820 1055 2853 Probanda
1082 2819 1195 2861 igitur
1218 2818 1404 2865 videretur
1427 2818 1585 2851 Casselii

63 2866 276 2899 coniectura
300 2867 332 2898 si
359 2867 490 2907 ferrum
521 2866 690 2908 clupeum
721 2865 959 2907 significaret.
1007 2863 1154 2895 Etenim
1185 2863 1313 2895 dextra
1336 2863 1462 2896 militis
1486 2864 1583 2896 nuda

61 2914 129 2949 est,
156 2911 325 2952 quoniam
351 2911 501 2953 clupeus
526 2911 675 2951 sinistra
700 2911 849 2952 geritur.
898 2908 962 2940 Set
987 2918 1067 2940 cum
1091 2908 1183 2940 nuda
1205 2908 1243 2939 in
1258 2909 1346 2940 unde
1371 2912 1584 2952 conruptum
