<?xml version="1.0" encoding="UTF-8"?>
<!DOCTYPE html PUBLIC "-//W3C//DTD XHTML 1.0 Transitional//EN"
    "http://www.w3.org/TR/xhtml1/DTD/xhtml1-transitional.dtd">
<html xmlns="http://www.w3.org/1999/xhtml" xml:lang="en" lang="en">
 <head>
  <title>
</title>
<meta http-equiv="Content-Type" content="text/html;charset=utf-8" />
  <meta name='ocr-system' content='tesseract 3.04.00' />
  <meta name='ocr-capabilities' content='ocr_page ocr_carea ocr_par ocr_line ocrx_word'/>
</head>
<body>
  <div class='ocr_page' id='page_1' title='image "./quaesupersunt02salluoft_0370.png"; bbox 0 0 1812 3268; ppageno 0'>
   <div class='ocr_carea' id='block_1_1' title="bbox 185 215 1009 259">
    <p class='ocr_par' dir='ltr' id='par_1_1' title="bbox 185 215 1009 259">
     <span class='ocr_line' id='line_1_1' title="bbox 185 215 1009 259; baseline 0.002 -3"><span class='ocrx_word' id='word_1_1' title='bbox 185 215 267 259; x_wconf 82' lang='lat'><strong>362</strong></span> <span class='ocrx_word' id='word_1_2' title='bbox 878 233 1009 258; x_wconf 75' lang='lat' dir='ltr'><strong>mnnx</strong></span> 
     </span>
    </p>
   </div>
   <div class='ocr_carea' id='block_1_2' title="bbox 186 330 1726 1404">
    <p class='ocr_par' dir='ltr' id='par_1_2' title="bbox 186 330 1726 1404">
     <span class='ocr_line' id='line_1_2' title="bbox 188 330 1701 374; baseline -0.001 -9"><span class='ocrx_word' id='word_1_3' title='bbox 188 334 254 371; x_wconf 79' lang='lat' dir='ltr'>(or.</span> <span class='ocrx_word' id='word_1_4' title='bbox 279 332 372 373; x_wconf 57' lang='lat' dir='ltr'>obl).</span> <span class='ocrx_word' id='word_1_5' title='bbox 402 331 481 372; x_wconf 92' lang='lat'>110,</span> <span class='ocrx_word' id='word_1_6' title='bbox 500 330 532 362; x_wconf 88' lang='grc'><strong>8.</strong></span> <span class='ocrx_word' id='word_1_7' title='bbox 560 331 594 361; x_wconf 87' lang='lat' dir='ltr'>H</span> <span class='ocrx_word' id='word_1_8' title='bbox 610 331 627 362; x_wconf 99' lang='grc' dir='ltr'>Ι</span> <span class='ocrx_word' id='word_1_9' title='bbox 644 330 706 371; x_wconf 92' lang='lat'><strong>41,</strong></span> <span class='ocrx_word' id='word_1_10' title='bbox 728 330 742 362; x_wconf 94' lang='lat' dir='ltr'><strong>l</strong></span> <span class='ocrx_word' id='word_1_11' title='bbox 771 331 837 372; x_wconf 80' lang='lat' dir='ltr'>(or.</span> <span class='ocrx_word' id='word_1_12' title='bbox 856 331 939 373; x_wconf 83' lang='lat' dir='ltr'>obl.)</span> <span class='ocrx_word' id='word_1_13' title='bbox 957 332 1017 363; x_wconf 77' lang='lat' dir='ltr'><strong>bis.</strong></span> <span class='ocrx_word' id='word_1_14' title='bbox 1051 332 1104 364; x_wconf 93' lang='lat' dir='ltr'><strong>III</strong></span> <span class='ocrx_word' id='word_1_15' title='bbox 1126 331 1188 373; x_wconf 91' lang='lat'><strong>61,</strong></span> <span class='ocrx_word' id='word_1_16' title='bbox 1208 332 1239 364; x_wconf 91' lang='grc'><strong>7.</strong></span> <span class='ocrx_word' id='word_1_17' title='bbox 1264 331 1313 364; x_wconf 89' lang='lat'><strong>13.</strong></span> <span class='ocrx_word' id='word_1_18' title='bbox 1332 331 1374 364; x_wconf 84' lang='lat'><strong>28</strong></span> <span class='ocrx_word' id='word_1_19' title='bbox 1392 331 1440 374; x_wconf 59' lang='lat' dir='ltr'><strong>(si‘</strong></span> <span class='ocrx_word' id='word_1_20' title='bbox 1453 330 1622 374; x_wconf 89' lang='lat' dir='ltr'><strong>quidem).</strong></span> <span class='ocrx_word' id='word_1_21' title='bbox 1650 332 1701 364; x_wconf 93' lang='lat' dir='ltr'><strong>IV</strong></span> 
     </span>
     <span class='ocr_line' id='line_1_3' title="bbox 186 376 1698 418; baseline 0 -10"><span class='ocrx_word' id='word_1_22' title='bbox 186 378 222 408; x_wconf 87' lang='lat'><strong>61</strong></span> <span class='ocrx_word' id='word_1_23' title='bbox 239 402 246 417; x_wconf 97' lang='lat'><strong>,</strong></span> <span class='ocrx_word' id='word_1_24' title='bbox 267 379 297 410; x_wconf 88' lang='lat'><strong>2.</strong></span> <span class='ocrx_word' id='word_1_25' title='bbox 339 378 369 409; x_wconf 82' lang='lat' dir='ltr'><strong>si</strong></span> <span class='ocrx_word' id='word_1_26' title='bbox 388 394 423 398; x_wconf 77' lang='lat'>—</span> <span class='ocrx_word' id='word_1_27' title='bbox 447 386 569 418; x_wconf 85' lang='lat' dir='ltr'><strong>parem</strong></span> <span class='ocrx_word' id='word_1_28' title='bbox 587 376 783 417; x_wconf 81' lang='lat' dir='ltr'><strong>disserere,</strong></span> <span class='ocrx_word' id='word_1_29' title='bbox 803 379 946 418; x_wconf 86' lang='lat' dir='ltr'><strong>tempus</strong></span> <span class='ocrx_word' id='word_1_30' title='bbox 967 394 1003 398; x_wconf 93' lang='lat'><strong>—</strong></span> <span class='ocrx_word' id='word_1_31' title='bbox 1025 378 1200 408; x_wconf 87' lang='lat' dir='ltr'><strong>maturius</strong></span> <span class='ocrx_word' id='word_1_32' title='bbox 1217 387 1273 409; x_wconf 87' lang='lat' dir='ltr'><strong>me</strong></span> <span class='ocrx_word' id='word_1_33' title='bbox 1292 377 1439 409; x_wconf 84' lang='lat' dir='ltr'><strong>deserat</strong></span> <span class='ocrx_word' id='word_1_34' title='bbox 1454 378 1476 409; x_wconf 99' lang='lat' dir='ltr'><strong>J</strong></span> <span class='ocrx_word' id='word_1_35' title='bbox 1494 377 1555 418; x_wconf 98' lang='lat'><strong>42,</strong></span> <span class='ocrx_word' id='word_1_36' title='bbox 1574 377 1595 408; x_wconf 93' lang='lat'>5</span> <span class='ocrx_word' id='word_1_37' title='bbox 1612 379 1698 409; x_wconf 79' lang='lat' dir='ltr'><strong>conl.</strong></span> 
     </span>
     <span class='ocr_line' id='line_1_4' title="bbox 187 420 1700 463; baseline 0 -10"><span class='ocrx_word' id='word_1_38' title='bbox 187 423 239 462; x_wconf 86' lang='grc'><strong>31,</strong></span> <span class='ocrx_word' id='word_1_39' title='bbox 260 422 303 453; x_wconf 86' lang='grc'><strong>29</strong></span> <span class='ocrx_word' id='word_1_40' title='bbox 321 422 365 461; x_wconf 83' lang='lat' dir='ltr'><strong>(si</strong></span> <span class='ocrx_word' id='word_1_41' title='bbox 386 438 420 442; x_wconf 77' lang='lat'><strong>—-</strong></span> <span class='ocrx_word' id='word_1_42' title='bbox 444 431 524 457; x_wconf 86' lang='lat' dir='ltr'><strong>non,</strong></span> <span class='ocrx_word' id='word_1_43' title='bbox 545 420 635 452; x_wconf 87' lang='lat' dir='ltr'><strong>haut</strong></span> <span class='ocrx_word' id='word_1_44' title='bbox 653 430 765 463; x_wconf 90' lang='lat' dir='ltr'><strong>saepe</strong></span> <span class='ocrx_word' id='word_1_45' title='bbox 786 420 850 461; x_wconf 77' lang='lat'>—-).</span> <span class='ocrx_word' id='word_1_46' title='bbox 893 421 1028 453; x_wconf 85' lang='lat' dir='ltr'><strong>diutius</strong></span> <span class='ocrx_word' id='word_1_47' title='bbox 1046 422 1084 453; x_wconf 91' lang='lat' dir='ltr'><strong>in</strong></span> <span class='ocrx_word' id='word_1_48' title='bbox 1099 422 1156 453; x_wconf 81' lang='lat' dir='ltr'><strong>his</strong></span> <span class='ocrx_word' id='word_1_49' title='bbox 1174 422 1266 454; x_wconf 89' lang='lat' dir='ltr'><strong>locis</strong></span> <span class='ocrx_word' id='word_1_50' title='bbox 1282 432 1373 462; x_wconf 84' lang='lat' dir='ltr'><strong>esse,</strong></span> <span class='ocrx_word' id='word_1_51' title='bbox 1393 423 1423 453; x_wconf 90' lang='lat' dir='ltr'><strong>si</strong></span> <span class='ocrx_word' id='word_1_52' title='bbox 1440 432 1604 454; x_wconf 83' lang='lat' dir='ltr'><strong>maxume</strong></span> <span class='ocrx_word' id='word_1_53' title='bbox 1624 422 1700 454; x_wconf 86' lang='lat' dir='ltr'><strong>ani-</strong></span> 
     </span>
     <span class='ocr_line' id='line_1_5' title="bbox 188 463 1703 509; baseline 0.001 -12"><span class='ocrx_word' id='word_1_54' title='bbox 188 477 264 498; x_wconf 81' lang='lat' dir='ltr'><strong>mus</strong></span> <span class='ocrx_word' id='word_1_55' title='bbox 283 467 388 504; x_wconf 85' lang='lat' dir='ltr'><strong>ferat,</strong></span> <span class='ocrx_word' id='word_1_56' title='bbox 408 465 576 507; x_wconf 86' lang='lat' dir='ltr'><strong>prohibet</strong></span> <span class='ocrx_word' id='word_1_57' title='bbox 592 482 636 487; x_wconf 90' lang='lat'><strong>—-</strong></span> <span class='ocrx_word' id='word_1_58' title='bbox 655 468 800 507; x_wconf 83' lang='lat' dir='ltr'><strong>egestas</strong></span> <span class='ocrx_word' id='word_1_59' title='bbox 819 466 845 498; x_wconf 83' lang='lat' dir='ltr'>C</span> <span class='ocrx_word' id='word_1_60' title='bbox 859 465 958 506; x_wconf 90' lang='lat'>58,7.</span> <span class='ocrx_word' id='word_1_61' title='bbox 990 467 1070 499; x_wconf 90' lang='lat' dir='ltr'><strong>Non</strong></span> <span class='ocrx_word' id='word_1_62' title='bbox 1091 484 1127 489; x_wconf 83' lang='lat'><strong>—</strong></span> <span class='ocrx_word' id='word_1_63' title='bbox 1148 463 1364 509; x_wconf 51' lang='lat' dir='ltr'><strong>possum‘-—,</strong></span> <span class='ocrx_word' id='word_1_64' title='bbox 1384 469 1441 499; x_wconf 89' lang='lat' dir='ltr'><strong>set</strong></span> <span class='ocrx_word' id='word_1_65' title='bbox 1456 467 1488 499; x_wconf 86' lang='lat' dir='ltr'><strong>si</strong></span> <span class='ocrx_word' id='word_1_66' title='bbox 1505 477 1563 499; x_wconf 88' lang='lat' dir='ltr'><strong>res</strong></span> <span class='ocrx_word' id='word_1_67' title='bbox 1579 469 1703 508; x_wconf 71' lang='lat' dir='ltr'><strong>postu-</strong></span> 
     </span>
     <span class='ocr_line' id='line_1_6' title="bbox 186 509 1702 553; baseline 0 -11"><span class='ocrx_word' id='word_1_68' title='bbox 186 511 254 550; x_wconf 88' lang='lat' dir='ltr'><strong>let,</strong></span> <span class='ocrx_word' id='word_1_69' title='bbox 283 528 319 532; x_wconf 92' lang='lat'><strong>—</strong></span> <span class='ocrx_word' id='word_1_70' title='bbox 347 512 369 542; x_wconf 92' lang='lat' dir='ltr'><strong>J</strong></span> <span class='ocrx_word' id='word_1_71' title='bbox 387 510 447 550; x_wconf 89' lang='lat'><strong>85,</strong></span> <span class='ocrx_word' id='word_1_72' title='bbox 467 509 521 542; x_wconf 89' lang='lat'><strong>29.</strong></span> <span class='ocrx_word' id='word_1_73' title='bbox 564 511 594 541; x_wconf 89' lang='lat' dir='ltr'><strong>si</strong></span> <span class='ocrx_word' id='word_1_74' title='bbox 620 527 656 532; x_wconf 85' lang='lat'><strong>—</strong></span> <span class='ocrx_word' id='word_1_75' title='bbox 684 511 810 553; x_wconf 88' lang='lat' dir='ltr'><strong>quaeri</strong></span> <span class='ocrx_word' id='word_1_76' title='bbox 833 512 964 553; x_wconf 84' lang='lat' dir='ltr'><strong>possit,</strong></span> <span class='ocrx_word' id='word_1_77' title='bbox 992 511 1077 553; x_wconf 87' lang='lat' dir='ltr'><strong>quid</strong></span> <span class='ocrx_word' id='word_1_78' title='bbox 1101 522 1336 553; x_wconf 79' lang='lat' dir='ltr'>responsuros</span> <span class='ocrx_word' id='word_1_79' title='bbox 1361 512 1508 544; x_wconf 85' lang='lat' dir='ltr'><strong>creditis</strong></span> <span class='ocrx_word' id='word_1_80' title='bbox 1530 512 1555 543; x_wconf 89' lang='lat' dir='ltr'>J</span> <span class='ocrx_word' id='word_1_81' title='bbox 1576 510 1638 551; x_wconf 89' lang='lat'><strong>85,</strong></span> <span class='ocrx_word' id='word_1_82' title='bbox 1661 510 1702 542; x_wconf 89' lang='lat'><strong>16</strong></span> 
     </span>
     <span class='ocr_line' id='line_1_7' title="bbox 186 555 1701 599; baseline 0.001 -12"><span class='ocrx_word' id='word_1_83' title='bbox 186 559 270 587; x_wconf 71' lang='lat' dir='ltr'><strong>conl.</strong></span> <span class='ocrx_word' id='word_1_84' title='bbox 290 555 344 587; x_wconf 89' lang='lat'><strong>26.</strong></span> <span class='ocrx_word' id='word_1_85' title='bbox 387 558 566 597; x_wconf 84' lang='lat' dir='ltr'><strong>reputate,</strong></span> <span class='ocrx_word' id='word_1_86' title='bbox 586 566 669 586; x_wconf 91' lang='lat' dir='ltr'><strong>num</strong></span> <span class='ocrx_word' id='word_1_87' title='bbox 688 555 724 586; x_wconf 89' lang='lat' dir='ltr'><strong>id</strong></span> <span class='ocrx_word' id='word_1_88' title='bbox 743 557 876 588; x_wconf 85' lang='lat' dir='ltr'><strong>mutari</strong></span> <span class='ocrx_word' id='word_1_89' title='bbox 893 556 1020 588; x_wconf 89' lang='lat' dir='ltr'><strong>melius</strong></span> <span class='ocrx_word' id='word_1_90' title='bbox 1039 557 1102 596; x_wconf 88' lang='lat' dir='ltr'><strong>sit,</strong></span> <span class='ocrx_word' id='word_1_91' title='bbox 1130 557 1161 588; x_wconf 89' lang='lat' dir='ltr'><strong>si</strong></span> <span class='ocrx_word' id='word_1_92' title='bbox 1179 567 1282 599; x_wconf 88' lang='lat' dir='ltr'><strong>quem</strong></span> <span class='ocrx_word' id='word_1_93' title='bbox 1303 574 1339 579; x_wconf 88' lang='lat'><em>-</em></span> <span class='ocrx_word' id='word_1_94' title='bbox 1360 556 1514 588; x_wconf 86' lang='lat' dir='ltr'><strong>mittatis</strong></span> <span class='ocrx_word' id='word_1_95' title='bbox 1531 557 1555 589; x_wconf 88' lang='lat' dir='ltr'><strong>J</strong></span> <span class='ocrx_word' id='word_1_96' title='bbox 1571 556 1625 596; x_wconf 87' lang='grc'><strong>85,</strong></span> <span class='ocrx_word' id='word_1_97' title='bbox 1649 555 1701 588; x_wconf 89' lang='grc'><strong>10.</strong></span> 
     </span>
     <span class='ocr_line' id='line_1_8' title="bbox 187 597 1700 642; baseline 0.001 -11"><span class='ocrx_word' id='word_1_98' title='bbox 187 601 397 642; x_wconf 74' lang='lat' dir='ltr'><strong>respondet:</strong></span> <span class='ocrx_word' id='word_1_99' title='bbox 425 600 455 631; x_wconf 76' lang='lat' dir='ltr'><strong>si</strong></span> <span class='ocrx_word' id='word_1_100' title='bbox 480 600 563 641; x_wconf 89' lang='lat' dir='ltr'><strong>quid</strong></span> <span class='ocrx_word' id='word_1_101' title='bbox 581 603 705 642; x_wconf 88' lang='lat' dir='ltr'><strong>petere</strong></span> <span class='ocrx_word' id='word_1_102' title='bbox 723 600 855 641; x_wconf 88' lang='lat' dir='ltr'><strong>velint,</strong></span> <span class='ocrx_word' id='word_1_103' title='bbox 875 597 1068 633; x_wconf 81' lang='lat' dir='ltr'><strong>discedant</strong></span> <span class='ocrx_word' id='word_1_104' title='bbox 1085 601 1112 633; x_wconf 83' lang='lat' dir='ltr'>C</span> <span class='ocrx_word' id='word_1_105' title='bbox 1130 601 1191 642; x_wconf 88' lang='lat'><strong>34,</strong></span> <span class='ocrx_word' id='word_1_106' title='bbox 1214 601 1242 633; x_wconf 96' lang='lat'><strong>1.</strong></span> <span class='ocrx_word' id='word_1_107' title='bbox 1268 601 1322 642; x_wconf 89' lang='lat'><strong>40,</strong></span> <span class='ocrx_word' id='word_1_108' title='bbox 1345 601 1372 634; x_wconf 91' lang='lat'><strong>1.</strong></span> <span class='ocrx_word' id='word_1_109' title='bbox 1399 601 1452 641; x_wconf 87' lang='lat'><strong>52,</strong></span> <span class='ocrx_word' id='word_1_110' title='bbox 1476 601 1527 632; x_wconf 89' lang='lat'><strong>14.</strong></span> <span class='ocrx_word' id='word_1_111' title='bbox 1553 600 1648 642; x_wconf 72' lang='grc' dir='ltr'><strong>ι133,</strong></span> <span class='ocrx_word' id='word_1_112' title='bbox 1667 601 1700 632; x_wconf 88' lang='lat'><strong>4.</strong></span> 
     </span>
     <span class='ocr_line' id='line_1_9' title="bbox 191 638 1700 687; baseline 0.001 -11"><span class='ocrx_word' id='word_1_113' title='bbox 191 645 267 684; x_wconf 78' lang='lat'>103,</span> <span class='ocrx_word' id='word_1_114' title='bbox 288 645 318 678; x_wconf 89' lang='lat'><strong>3.</strong></span> <span class='ocrx_word' id='word_1_115' title='bbox 347 646 381 677; x_wconf 86' lang='lat' dir='ltr'>H</span> <span class='ocrx_word' id='word_1_116' title='bbox 398 646 414 676; x_wconf 93' lang='lat' dir='ltr'>I</span> <span class='ocrx_word' id='word_1_117' title='bbox 431 638 490 685; x_wconf 72' lang='lat'>41‘,</span> <span class='ocrx_word' id='word_1_118' title='bbox 515 643 564 676; x_wconf 89' lang='lat'><strong>19.</strong></span> <span class='ocrx_word' id='word_1_119' title='bbox 606 645 667 676; x_wconf 83' lang='lat' dir='ltr'><strong>vix</strong></span> <span class='ocrx_word' id='word_1_120' title='bbox 692 645 781 677; x_wconf 86' lang='lat' dir='ltr'><strong>satis</strong></span> <span class='ocrx_word' id='word_1_121' title='bbox 805 649 929 687; x_wconf 78' lang='lat' dir='ltr'><strong>gratus</strong></span> <span class='ocrx_word' id='word_1_122' title='bbox 947 646 1094 686; x_wconf 87' lang='lat' dir='ltr'><strong>videar,</strong></span> <span class='ocrx_word' id='word_1_123' title='bbox 1119 647 1149 678; x_wconf 86' lang='lat' dir='ltr'><strong>si</strong></span> <span class='ocrx_word' id='word_1_124' title='bbox 1166 664 1210 669; x_wconf 88' lang='lat'><strong>—-</strong></span> <span class='ocrx_word' id='word_1_125' title='bbox 1229 647 1474 679; x_wconf 81' lang='lat' dir='ltr'><strong>concesserim</strong></span> <span class='ocrx_word' id='word_1_126' title='bbox 1491 646 1526 677; x_wconf 88' lang='lat' dir='ltr'>H</span> <span class='ocrx_word' id='word_1_127' title='bbox 1542 646 1578 677; x_wconf 90' lang='lat'><strong>11</strong></span> <span class='ocrx_word' id='word_1_128' title='bbox 1595 645 1650 686; x_wconf 88' lang='lat'><strong>41,</strong></span> <span class='ocrx_word' id='word_1_129' title='bbox 1667 645 1700 677; x_wconf 88' lang='grc'><strong>5.</strong></span> 
     </span>
     <span class='ocr_line' id='line_1_10' title="bbox 187 689 1702 732; baseline 0.001 -11"><span class='ocrx_word' id='word_1_130' title='bbox 187 691 315 732; x_wconf 84' lang='lat' dir='ltr'><strong>quibus</strong></span> <span class='ocrx_word' id='word_1_131' title='bbox 339 691 370 722; x_wconf 88' lang='lat' dir='ltr'><strong>si</strong></span> <span class='ocrx_word' id='word_1_132' title='bbox 394 701 452 722; x_wconf 84' lang='lat' dir='ltr'><strong>res</strong></span> <span class='ocrx_word' id='word_1_133' title='bbox 475 702 510 732; x_wconf 88' lang='lat' dir='ltr'><strong>p.</strong></span> <span class='ocrx_word' id='word_1_134' title='bbox 535 689 694 730; x_wconf 86' lang='lat' dir='ltr'><strong>valeret,</strong></span> <span class='ocrx_word' id='word_1_135' title='bbox 721 691 905 722; x_wconf 86' lang='lat' dir='ltr'><strong>formidini</strong></span> <span class='ocrx_word' id='word_1_136' title='bbox 930 701 1090 723; x_wconf 80' lang='lat' dir='ltr'>essemus</span> <span class='ocrx_word' id='word_1_137' title='bbox 1107 691 1134 723; x_wconf 79' lang='lat' dir='ltr'>O</span> <span class='ocrx_word' id='word_1_138' title='bbox 1152 690 1214 731; x_wconf 89' lang='lat'><strong>20,</strong></span> <span class='ocrx_word' id='word_1_139' title='bbox 1236 692 1266 729; x_wconf 89' lang='lat'><strong>7.</strong></span> <span class='ocrx_word' id='word_1_140' title='bbox 1294 692 1353 731; x_wconf 88' lang='lat'><strong>52,</strong></span> <span class='ocrx_word' id='word_1_141' title='bbox 1374 691 1427 723; x_wconf 87' lang='lat'><strong>20.</strong></span> <span class='ocrx_word' id='word_1_142' title='bbox 1447 690 1502 723; x_wconf 87' lang='grc'><strong>35.</strong></span> <span class='ocrx_word' id='word_1_143' title='bbox 1527 691 1550 723; x_wconf 94' lang='lat' dir='ltr'><strong>J</strong></span> <span class='ocrx_word' id='word_1_144' title='bbox 1572 690 1628 731; x_wconf 90' lang='lat'><strong>14,</strong></span> <span class='ocrx_word' id='word_1_145' title='bbox 1651 689 1702 722; x_wconf 87' lang='grc'><strong>16.</strong></span> 
     </span>
     <span class='ocr_line' id='line_1_11' title="bbox 188 735 1705 776; baseline 0.001 -10"><span class='ocrx_word' id='word_1_146' title='bbox 188 736 242 774; x_wconf 81' lang='grc'><strong>85,</strong></span> <span class='ocrx_word' id='word_1_147' title='bbox 264 735 318 767; x_wconf 89' lang='lat'><strong>50.</strong></span> <span class='ocrx_word' id='word_1_148' title='bbox 359 752 405 758; x_wconf 87' lang='lat'><strong>·—-</strong></span> <span class='ocrx_word' id='word_1_149' title='bbox 423 739 546 766; x_wconf 72' lang='lat' dir='ltr'><strong>tamen</strong></span> <span class='ocrx_word' id='word_1_150' title='bbox 564 738 644 766; x_wconf 87' lang='lat' dir='ltr'><strong>erat</strong></span> <span class='ocrx_word' id='word_1_151' title='bbox 663 752 700 757; x_wconf 93' lang='lat'><strong>—</strong></span> <span class='ocrx_word' id='word_1_152' title='bbox 720 735 743 766; x_wconf 87' lang='lat' dir='ltr'><strong>J</strong></span> <span class='ocrx_word' id='word_1_153' title='bbox 764 735 814 774; x_wconf 89' lang='lat'><strong>14,</strong></span> <span class='ocrx_word' id='word_1_154' title='bbox 834 736 854 766; x_wconf 94' lang='grc'><strong>7</strong></span> <span class='ocrx_word' id='word_1_155' title='bbox 873 738 957 767; x_wconf 69' lang='lat' dir='ltr'>conl.</span> <span class='ocrx_word' id='word_1_156' title='bbox 973 735 1027 775; x_wconf 92' lang='lat'><strong>85,</strong></span> <span class='ocrx_word' id='word_1_157' title='bbox 1047 735 1102 768; x_wconf 89' lang='lat'><strong>48.</strong></span> <span class='ocrx_word' id='word_1_158' title='bbox 1129 737 1185 768; x_wconf 91' lang='lat'>111</span> <span class='ocrx_word' id='word_1_159' title='bbox 1202 735 1255 776; x_wconf 87' lang='lat'><strong>61,</strong></span> <span class='ocrx_word' id='word_1_160' title='bbox 1279 736 1307 768; x_wconf 91' lang='lat'><strong>1.</strong></span> <span class='ocrx_word' id='word_1_161' title='bbox 1349 737 1452 768; x_wconf 89' lang='lat' dir='ltr'><strong>iuxta</strong></span> <span class='ocrx_word' id='word_1_162' title='bbox 1471 746 1513 768; x_wconf 86' lang='lat' dir='ltr'><strong>ae</strong></span> <span class='ocrx_word' id='word_1_163' title='bbox 1531 736 1563 767; x_wconf 87' lang='lat' dir='ltr'><strong>si</strong></span> <span class='ocrx_word' id='word_1_164' title='bbox 1580 735 1705 767; x_wconf 78' lang='lat' dir='ltr'><strong>hostes</strong></span> 
     </span>
     <span class='ocr_line' id='line_1_12' title="bbox 189 779 1705 823; baseline 0 -11"><span class='ocrx_word' id='word_1_165' title='bbox 189 781 359 812; x_wconf 77' lang='lat' dir='ltr'><strong>adessent</strong></span> <span class='ocrx_word' id='word_1_166' title='bbox 376 781 399 812; x_wconf 89' lang='lat' dir='ltr'>J</span> <span class='ocrx_word' id='word_1_167' title='bbox 416 780 477 819; x_wconf 90' lang='lat'><strong>45,</strong></span> <span class='ocrx_word' id='word_1_168' title='bbox 496 781 516 810; x_wconf 87' lang='lat'><strong>2</strong></span> <span class='ocrx_word' id='word_1_169' title='bbox 542 782 627 812; x_wconf 82' lang='lat' dir='ltr'><strong>conl.</strong></span> <span class='ocrx_word' id='word_1_170' title='bbox 646 779 706 819; x_wconf 94' lang='lat'><strong>46,</strong></span> <span class='ocrx_word' id='word_1_171' title='bbox 726 780 758 812; x_wconf 89' lang='grc'><strong>4.</strong></span> <span class='ocrx_word' id='word_1_172' title='bbox 788 780 867 820; x_wconf 88' lang='grc'>102,</span> <span class='ocrx_word' id='word_1_173' title='bbox 887 781 917 812; x_wconf 91' lang='lat'><strong>7.</strong></span> <span class='ocrx_word' id='word_1_174' title='bbox 960 781 1180 823; x_wconf 86' lang='lat' dir='ltr'><strong>temptandi,</strong></span> <span class='ocrx_word' id='word_1_175' title='bbox 1199 782 1230 812; x_wconf 87' lang='lat' dir='ltr'><strong>si</strong></span> <span class='ocrx_word' id='word_1_176' title='bbox 1248 784 1461 823; x_wconf 88' lang='lat' dir='ltr'><strong>paterentur</strong></span> <span class='ocrx_word' id='word_1_177' title='bbox 1477 781 1501 812; x_wconf 90' lang='lat' dir='ltr'>J</span> <span class='ocrx_word' id='word_1_178' title='bbox 1517 781 1579 821; x_wconf 91' lang='grc'><strong>47,</strong></span> <span class='ocrx_word' id='word_1_179' title='bbox 1597 780 1630 812; x_wconf 97' lang='grc'><strong>2.</strong></span> <span class='ocrx_word' id='word_1_180' title='bbox 1671 779 1705 812; x_wconf 81' lang='lat' dir='ltr'><strong>si</strong></span> 
     </span>
     <span class='ocr_line' id='line_1_13' title="bbox 187 824 1703 867; baseline 0 -11"><span class='ocrx_word' id='word_1_181' title='bbox 187 826 269 867; x_wconf 89' lang='lat' dir='ltr'><strong>quid</strong></span> <span class='ocrx_word' id='word_1_182' title='bbox 290 826 497 864; x_wconf 82' lang='lat' dir='ltr'><strong>accidisset,</strong></span> <span class='ocrx_word' id='word_1_183' title='bbox 518 835 580 856; x_wconf 92' lang='lat' dir='ltr'><strong>vos</strong></span> <span class='ocrx_word' id='word_1_184' title='bbox 598 824 818 867; x_wconf 84' lang='lat' dir='ltr'><strong>inplorarem</strong></span> <span class='ocrx_word' id='word_1_185' title='bbox 835 825 860 856; x_wconf 89' lang='lat' dir='ltr'>J</span> <span class='ocrx_word' id='word_1_186' title='bbox 881 825 936 865; x_wconf 88' lang='lat'><strong>14,</strong></span> <span class='ocrx_word' id='word_1_187' title='bbox 959 825 999 857; x_wconf 90' lang='lat'><strong>16</strong></span> <span class='ocrx_word' id='word_1_188' title='bbox 1021 828 1107 857; x_wconf 77' lang='lat' dir='ltr'><strong>conl.</strong></span> <span class='ocrx_word' id='word_1_189' title='bbox 1126 826 1181 857; x_wconf 89' lang='lat'><strong>24.</strong></span> <span class='ocrx_word' id='word_1_190' title='bbox 1223 826 1351 867; x_wconf 85' lang='lat' dir='ltr'><strong>quibus</strong></span> <span class='ocrx_word' id='word_1_191' title='bbox 1369 826 1401 857; x_wconf 87' lang='lat' dir='ltr'><strong>si</strong></span> <span class='ocrx_word' id='word_1_192' title='bbox 1419 826 1611 867; x_wconf 85' lang='lat' dir='ltr'><strong>quicquam</strong></span> <span class='ocrx_word' id='word_1_193' title='bbox 1627 835 1703 856; x_wconf 93' lang='lat' dir='ltr'><strong>um-</strong></span> 
     </span>
     <span class='ocr_line' id='line_1_14' title="bbox 188 869 1700 912; baseline 0 -11"><span class='ocrx_word' id='word_1_194' title='bbox 188 881 293 912; x_wconf 83' lang='lat' dir='ltr'><strong>quam</strong></span> <span class='ocrx_word' id='word_1_195' title='bbox 309 871 412 912; x_wconf 89' lang='lat' dir='ltr'><strong>pensi</strong></span> <span class='ocrx_word' id='word_1_196' title='bbox 428 870 568 910; x_wconf 86' lang='lat' dir='ltr'><strong>fuisset,</strong></span> <span class='ocrx_word' id='word_1_197' title='bbox 587 880 657 901; x_wconf 91' lang='lat' dir='ltr'><strong>non</strong></span> <span class='ocrx_word' id='word_1_198' title='bbox 674 880 718 902; x_wconf 84' lang='lat' dir='ltr'><strong>ea</strong></span> <span class='ocrx_word' id='word_1_199' title='bbox 732 870 886 902; x_wconf 86' lang='lat' dir='ltr'><strong>consilia</strong></span> <span class='ocrx_word' id='word_1_200' title='bbox 899 870 1113 902; x_wconf 73' lang='lat' dir='ltr'><strong>habuissent</strong></span> <span class='ocrx_word' id='word_1_201' title='bbox 1127 870 1218 910; x_wconf 88' lang='lat' dir='ltr'>C52,</span> <span class='ocrx_word' id='word_1_202' title='bbox 1229 870 1273 903; x_wconf 91' lang='lat'><strong>34</strong></span> <span class='ocrx_word' id='word_1_203' title='bbox 1289 873 1375 902; x_wconf 84' lang='lat' dir='ltr'><strong>conl.</strong></span> <span class='ocrx_word' id='word_1_204' title='bbox 1385 869 1440 910; x_wconf 85' lang='lat'><strong>39,</strong></span> <span class='ocrx_word' id='word_1_205' title='bbox 1450 871 1482 902; x_wconf 90' lang='lat'><strong>4.</strong></span> <span class='ocrx_word' id='word_1_206' title='bbox 1508 870 1543 901; x_wconf 91' lang='lat' dir='ltr'><strong>H</strong></span> <span class='ocrx_word' id='word_1_207' title='bbox 1556 869 1659 909; x_wconf 80' lang='lat'>1196,</span> <span class='ocrx_word' id='word_1_208' title='bbox 1671 869 1700 901; x_wconf 90' lang='lat' dir='ltr'><strong>l.</strong></span> 
     </span>
     <span class='ocr_line' id='line_1_15' title="bbox 187 914 1702 957; baseline -0.001 -11"><span class='ocrx_word' id='word_1_209' title='bbox 187 916 241 947; x_wconf 83' lang='lat'><strong>111</strong></span> <span class='ocrx_word' id='word_1_210' title='bbox 259 915 314 954; x_wconf 89' lang='lat'><strong>61,</strong></span> <span class='ocrx_word' id='word_1_211' title='bbox 337 915 388 947; x_wconf 88' lang='lat'><strong>13.</strong></span> <span class='ocrx_word' id='word_1_212' title='bbox 430 916 461 946; x_wconf 86' lang='lat' dir='ltr'><strong>si</strong></span> <span class='ocrx_word' id='word_1_213' title='bbox 481 932 517 936; x_wconf 93' lang='lat'>—</span> <span class='ocrx_word' id='word_1_214' title='bbox 538 915 662 953; x_wconf 91' lang='lat' dir='ltr'><strong>vellet,</strong></span> <span class='ocrx_word' id='word_1_215' title='bbox 683 915 788 946; x_wconf 86' lang='lat' dir='ltr'><strong>daret</strong></span> <span class='ocrx_word' id='word_1_216' title='bbox 806 925 951 957; x_wconf 83' lang='lat' dir='ltr'><strong>operam</strong></span> <span class='ocrx_word' id='word_1_217' title='bbox 967 915 991 946; x_wconf 91' lang='lat' dir='ltr'><strong>J</strong></span> <span class='ocrx_word' id='word_1_218' title='bbox 1012 915 1083 955; x_wconf 88' lang='grc'>112,</span> <span class='ocrx_word' id='word_1_219' title='bbox 1103 914 1134 947; x_wconf 96' lang='grc'><strong>3.</strong></span> <span class='ocrx_word' id='word_1_220' title='bbox 1174 926 1240 956; x_wconf 89' lang='lat' dir='ltr'><strong>ne,</strong></span> <span class='ocrx_word' id='word_1_221' title='bbox 1260 916 1290 947; x_wconf 84' lang='lat' dir='ltr'><strong>si</strong></span> <span class='ocrx_word' id='word_1_222' title='bbox 1308 925 1379 957; x_wconf 80' lang='lat' dir='ltr'><strong>pax</strong></span> <span class='ocrx_word' id='word_1_223' title='bbox 1396 914 1513 954; x_wconf 85' lang='lat' dir='ltr'><strong>fieret,</strong></span> <span class='ocrx_word' id='word_1_224' title='bbox 1534 915 1611 956; x_wconf 88' lang='lat' dir='ltr'><strong>ipse</strong></span> <span class='ocrx_word' id='word_1_225' title='bbox 1629 917 1702 946; x_wconf 79' lang='lat' dir='ltr'><strong>tra—</strong></span> 
     </span>
     <span class='ocr_line' id='line_1_16' title="bbox 186 953 1702 1002; baseline -0.001 -11"><span class='ocrx_word' id='word_1_226' title='bbox 186 953 333 991; x_wconf 84' lang='lat' dir='ltr'><strong>deretur</strong></span> <span class='ocrx_word' id='word_1_227' title='bbox 349 960 372 992; x_wconf 90' lang='lat' dir='ltr'>J</span> <span class='ocrx_word' id='word_1_228' title='bbox 389 959 450 1000; x_wconf 90' lang='lat'><strong>61,</strong></span> <span class='ocrx_word' id='word_1_229' title='bbox 470 960 490 991; x_wconf 92' lang='lat'>5</span> <span class='ocrx_word' id='word_1_230' title='bbox 516 962 600 991; x_wconf 77' lang='lat' dir='ltr'><strong>conl.</strong></span> <span class='ocrx_word' id='word_1_231' title='bbox 617 958 679 999; x_wconf 85' lang='lat'><strong>65,</strong></span> <span class='ocrx_word' id='word_1_232' title='bbox 698 960 729 991; x_wconf 92' lang='lat'><strong>2.</strong></span> <span class='ocrx_word' id='word_1_233' title='bbox 772 970 830 998; x_wconf 85' lang='lat' dir='ltr'><strong>se,</strong></span> <span class='ocrx_word' id='word_1_234' title='bbox 857 960 887 991; x_wconf 88' lang='lat' dir='ltr'><strong>si</strong></span> <span class='ocrx_word' id='word_1_235' title='bbox 910 960 1019 1002; x_wconf 87' lang='lat' dir='ltr'><strong>pauci</strong></span> <span class='ocrx_word' id='word_1_236' title='bbox 1039 960 1272 999; x_wconf 86' lang='lat' dir='ltr'><strong>adiuvarent,</strong></span> <span class='ocrx_word' id='word_1_237' title='bbox 1296 958 1457 1002; x_wconf 86' lang='lat' dir='ltr'><strong>inpetum</strong></span> <span class='ocrx_word' id='word_1_238' title='bbox 1476 960 1656 991; x_wconf 85' lang='lat' dir='ltr'><strong>facturum</strong></span> <span class='ocrx_word' id='word_1_239' title='bbox 1673 958 1702 990; x_wconf 82' lang='lat' dir='ltr'>C</span> 
     </span>
     <span class='ocr_line' id='line_1_17' title="bbox 186 1003 1704 1046; baseline -0.001 -9"><span class='ocrx_word' id='word_1_240' title='bbox 186 1005 240 1045; x_wconf 78' lang='lat'><strong>43,</strong></span> <span class='ocrx_word' id='word_1_241' title='bbox 261 1005 292 1037; x_wconf 87' lang='grc'><strong>3.</strong></span> <span class='ocrx_word' id='word_1_242' title='bbox 317 1006 339 1037; x_wconf 88' lang='lat' dir='ltr'>J</span> <span class='ocrx_word' id='word_1_243' title='bbox 358 1004 388 1044; x_wconf 89' lang='lat'><strong>8,</strong></span> <span class='ocrx_word' id='word_1_244' title='bbox 408 1005 438 1036; x_wconf 88' lang='lat'><strong>2.</strong></span> <span class='ocrx_word' id='word_1_245' title='bbox 470 1004 520 1045; x_wconf 92' lang='lat' dir='ltr'><strong>l4,</strong></span> <span class='ocrx_word' id='word_1_246' title='bbox 538 1004 568 1036; x_wconf 84' lang='lat'><strong>8.</strong></span> <span class='ocrx_word' id='word_1_247' title='bbox 594 1003 649 1043; x_wconf 87' lang='lat'><strong>26,</strong></span> <span class='ocrx_word' id='word_1_248' title='bbox 668 1006 699 1036; x_wconf 90' lang='lat'><strong>2.</strong></span> <span class='ocrx_word' id='word_1_249' title='bbox 727 1003 782 1045; x_wconf 83' lang='lat'><strong>38,</strong></span> <span class='ocrx_word' id='word_1_250' title='bbox 800 1004 833 1036; x_wconf 90' lang='lat'><strong>9.</strong></span> <span class='ocrx_word' id='word_1_251' title='bbox 859 1004 912 1045; x_wconf 89' lang='lat'><strong>64,</strong></span> <span class='ocrx_word' id='word_1_252' title='bbox 933 1005 965 1036; x_wconf 88' lang='lat'><strong>5.</strong></span> <span class='ocrx_word' id='word_1_253' title='bbox 991 1004 1045 1044; x_wconf 87' lang='lat'><strong>83,</strong></span> <span class='ocrx_word' id='word_1_254' title='bbox 1066 1006 1097 1036; x_wconf 85' lang='lat'><strong>2.</strong></span> <span class='ocrx_word' id='word_1_255' title='bbox 1124 1004 1185 1046; x_wconf 88' lang='grc'><strong>88,</strong></span> <span class='ocrx_word' id='word_1_256' title='bbox 1205 1006 1236 1037; x_wconf 90' lang='lat'>4.</span> <span class='ocrx_word' id='word_1_257' title='bbox 1267 1004 1341 1044; x_wconf 84' lang='lat'>102,</span> <span class='ocrx_word' id='word_1_258' title='bbox 1364 1004 1414 1037; x_wconf 87' lang='lat'>14.</span> <span class='ocrx_word' id='word_1_259' title='bbox 1444 1003 1516 1044; x_wconf 87' lang='lat'>106,</span> <span class='ocrx_word' id='word_1_260' title='bbox 1537 1003 1558 1036; x_wconf 90' lang='lat'><strong>3</strong></span> <span class='ocrx_word' id='word_1_261' title='bbox 1577 1003 1704 1045; x_wconf 84' lang='lat' dir='ltr'><strong>(etiam</strong></span> 
     </span>
     <span class='ocr_line' id='line_1_18' title="bbox 187 1048 1704 1091; baseline -0.001 -10"><span class='ocrx_word' id='word_1_262' title='bbox 187 1051 217 1081; x_wconf 85' lang='lat' dir='ltr'><strong>si</strong></span> <span class='ocrx_word' id='word_1_263' title='bbox 235 1050 304 1091; x_wconf 88' lang='lat'>—-).</span> <span class='ocrx_word' id='word_1_264' title='bbox 346 1061 417 1081; x_wconf 88' lang='lat' dir='ltr'><strong>non</strong></span> <span class='ocrx_word' id='word_1_265' title='bbox 435 1060 490 1081; x_wconf 90' lang='lat' dir='ltr'><strong>me</strong></span> <span class='ocrx_word' id='word_1_266' title='bbox 513 1067 547 1071; x_wconf 81' lang='lat'>—</span> <span class='ocrx_word' id='word_1_267' title='bbox 570 1052 685 1080; x_wconf 88' lang='lat' dir='ltr'><strong>tutum</strong></span> <span class='ocrx_word' id='word_1_268' title='bbox 704 1050 830 1089; x_wconf 85' lang='lat' dir='ltr'><strong>fuisse,</strong></span> <span class='ocrx_word' id='word_1_269' title='bbox 851 1050 881 1081; x_wconf 90' lang='lat' dir='ltr'><strong>si</strong></span> <span class='ocrx_word' id='word_1_270' title='bbox 900 1053 999 1081; x_wconf 86' lang='lat' dir='ltr'><strong>recte</strong></span> <span class='ocrx_word' id='word_1_271' title='bbox 1017 1050 1223 1082; x_wconf 88' lang='lat' dir='ltr'><strong>faceremus</strong></span> <span class='ocrx_word' id='word_1_272' title='bbox 1241 1050 1274 1081; x_wconf 87' lang='lat'><strong>11</strong></span> <span class='ocrx_word' id='word_1_273' title='bbox 1292 1050 1308 1081; x_wconf 94' lang='lat' dir='ltr'>I</span> <span class='ocrx_word' id='word_1_274' title='bbox 1325 1049 1379 1089; x_wconf 87' lang='lat'><strong>41,</strong></span> <span class='ocrx_word' id='word_1_275' title='bbox 1401 1048 1452 1081; x_wconf 90' lang='lat'><strong>18.</strong></span> <span class='ocrx_word' id='word_1_276' title='bbox 1472 1084 1475 1086; x_wconf 58' lang='grc'>,</span> <span class='ocrx_word' id='word_1_277' title='bbox 1494 1059 1612 1090; x_wconf 88' lang='lat' dir='ltr'><strong>neque</strong></span> <span class='ocrx_word' id='word_1_278' title='bbox 1629 1051 1704 1080; x_wconf 84' lang='lat' dir='ltr'><strong>tam</strong></span> 
     </span>
     <span class='ocr_line' id='line_1_19' title="bbox 188 1093 1702 1136; baseline -0.001 -10"><span class='ocrx_word' id='word_1_279' title='bbox 188 1096 294 1127; x_wconf 84' lang='lat' dir='ltr'><strong>anxie</strong></span> <span class='ocrx_word' id='word_1_280' title='bbox 313 1095 469 1126; x_wconf 87' lang='lat' dir='ltr'><strong>laturum</strong></span> <span class='ocrx_word' id='word_1_281' title='bbox 489 1095 613 1134; x_wconf 86' lang='lat' dir='ltr'><strong>fuisse,</strong></span> <span class='ocrx_word' id='word_1_282' title='bbox 634 1094 664 1126; x_wconf 88' lang='lat' dir='ltr'><strong>si</strong></span> <span class='ocrx_word' id='word_1_283' title='bbox 682 1113 722 1116; x_wconf 97' lang='lat'><strong>—</strong></span> <span class='ocrx_word' id='word_1_284' title='bbox 742 1095 948 1126; x_wconf 87' lang='lat' dir='ltr'><strong>traderetur</strong></span> <span class='ocrx_word' id='word_1_285' title='bbox 965 1094 1050 1135; x_wconf 88' lang='lat' dir='ltr'>J82,</span> <span class='ocrx_word' id='word_1_286' title='bbox 1062 1094 1094 1127; x_wconf 88' lang='lat'>3.</span> <span class='ocrx_word' id='word_1_287' title='bbox 1129 1094 1200 1127; x_wconf 91' lang='lat' dir='ltr'><strong>sibi</strong></span> <span class='ocrx_word' id='word_1_288' title='bbox 1218 1095 1346 1136; x_wconf 87' lang='lat' dir='ltr'><strong>quisq.,</strong></span> <span class='ocrx_word' id='word_1_289' title='bbox 1366 1095 1395 1126; x_wconf 89' lang='lat' dir='ltr'><strong>si</strong></span> <span class='ocrx_word' id='word_1_290' title='bbox 1413 1095 1450 1125; x_wconf 88' lang='lat' dir='ltr'><strong>in</strong></span> <span class='ocrx_word' id='word_1_291' title='bbox 1468 1095 1578 1125; x_wconf 87' lang='lat' dir='ltr'><strong>armis</strong></span> <span class='ocrx_word' id='word_1_292' title='bbox 1596 1093 1702 1134; x_wconf 78' lang='lat' dir='ltr'><strong>foret,</strong></span> 
     </span>
     <span class='ocr_line' id='line_1_20' title="bbox 187 1138 1703 1181; baseline -0.001 -10"><span class='ocrx_word' id='word_1_293' title='bbox 187 1140 278 1172; x_wconf 83' lang='lat' dir='ltr'><strong>talia</strong></span> <span class='ocrx_word' id='word_1_294' title='bbox 295 1141 469 1181; x_wconf 76' lang='lat' dir='ltr'><strong>sperabat</strong></span> <span class='ocrx_word' id='word_1_295' title='bbox 488 1139 514 1171; x_wconf 83' lang='lat' dir='ltr'>O</span> <span class='ocrx_word' id='word_1_296' title='bbox 533 1139 586 1178; x_wconf 87' lang='lat'><strong>37,</strong></span> <span class='ocrx_word' id='word_1_297' title='bbox 606 1138 638 1170; x_wconf 89' lang='lat'><strong>6.</strong></span> <span class='ocrx_word' id='word_1_298' title='bbox 681 1139 794 1181; x_wconf 88' lang='lat' dir='ltr'><strong>pollui</strong></span> <span class='ocrx_word' id='word_1_299' title='bbox 813 1139 1058 1179; x_wconf 88' lang='lat' dir='ltr'><strong>consulatum,</strong></span> <span class='ocrx_word' id='word_1_300' title='bbox 1079 1140 1110 1171; x_wconf 88' lang='lat' dir='ltr'><strong>si</strong></span> <span class='ocrx_word' id='word_1_301' title='bbox 1128 1150 1207 1171; x_wconf 89' lang='lat' dir='ltr'><strong>eum</strong></span> <span class='ocrx_word' id='word_1_302' title='bbox 1226 1140 1330 1172; x_wconf 91' lang='lat' dir='ltr'><strong>homo</strong></span> <span class='ocrx_word' id='word_1_303' title='bbox 1348 1150 1461 1171; x_wconf 89' lang='lat' dir='ltr'><strong>novos</strong></span> <span class='ocrx_word' id='word_1_304' title='bbox 1480 1139 1632 1181; x_wconf 84' lang='lat' dir='ltr'><strong>adeptus</strong></span> <span class='ocrx_word' id='word_1_305' title='bbox 1650 1138 1703 1170; x_wconf 90' lang='lat' dir='ltr'><strong>fo-</strong></span> 
     </span>
     <span class='ocr_line' id='line_1_21' title="bbox 187 1183 1726 1226; baseline -0.001 -10"><span class='ocrx_word' id='word_1_306' title='bbox 187 1188 242 1217; x_wconf 89' lang='lat' dir='ltr'><strong>ret</strong></span> <span class='ocrx_word' id='word_1_307' title='bbox 260 1185 287 1216; x_wconf 90' lang='lat' dir='ltr'>C</span> <span class='ocrx_word' id='word_1_308' title='bbox 306 1184 360 1224; x_wconf 85' lang='lat'><strong>23,</strong></span> <span class='ocrx_word' id='word_1_309' title='bbox 380 1184 410 1217; x_wconf 90' lang='grc'>6.</span> <span class='ocrx_word' id='word_1_310' title='bbox 453 1195 492 1217; x_wconf 90' lang='lat' dir='ltr'><strong>se</strong></span> <span class='ocrx_word' id='word_1_311' title='bbox 510 1184 693 1226; x_wconf 83' lang='lat' dir='ltr'><strong>proficisci</strong></span> <span class='ocrx_word' id='word_1_312' title='bbox 712 1195 862 1226; x_wconf 89' lang='lat' dir='ltr'><strong>cupere,</strong></span> <span class='ocrx_word' id='word_1_313' title='bbox 883 1185 914 1216; x_wconf 90' lang='lat' dir='ltr'><strong>si</strong></span> <span class='ocrx_word' id='word_1_314' title='bbox 932 1203 974 1207; x_wconf 83' lang='lat'><strong>--</strong></span> <span class='ocrx_word' id='word_1_315' title='bbox 991 1185 1236 1226; x_wconf 77' lang='lat' dir='ltr'><strong>obpressisset</strong></span> <span class='ocrx_word' id='word_1_316' title='bbox 1255 1184 1281 1215; x_wconf 84' lang='lat' dir='ltr'>O</span> <span class='ocrx_word' id='word_1_317' title='bbox 1300 1185 1360 1223; x_wconf 89' lang='lat'><strong>27,</strong></span> <span class='ocrx_word' id='word_1_318' title='bbox 1379 1185 1411 1216; x_wconf 88' lang='lat'><strong>4.</strong></span> <span class='ocrx_word' id='word_1_319' title='bbox 1454 1184 1484 1215; x_wconf 89' lang='lat' dir='ltr'><strong>si</strong></span> <span class='ocrx_word' id='word_1_320' title='bbox 1503 1183 1704 1215; x_wconf 81' lang='lat' dir='ltr'><strong>coniuratio</strong></span> <span class='ocrx_word' id='word_1_321' title='bbox 1723 1216 1726 1219; x_wconf 65' lang='grc'>,</span> 
     </span>
     <span class='ocr_line' id='line_1_22' title="bbox 186 1227 1704 1271; baseline -0.001 -9"><span class='ocrx_word' id='word_1_322' title='bbox 186 1230 381 1269; x_wconf 74' lang='lat' dir='ltr'><strong>valuisset,</strong></span> <span class='ocrx_word' id='word_1_323' title='bbox 409 1248 448 1252; x_wconf 86' lang='lat'>—</span> <span class='ocrx_word' id='word_1_324' title='bbox 475 1240 512 1261; x_wconf 89' lang='lat' dir='ltr'><strong>se</strong></span> <span class='ocrx_word' id='word_1_325' title='bbox 538 1230 739 1271; x_wconf 87' lang='lat' dir='ltr'><strong>principem</strong></span> <span class='ocrx_word' id='word_1_326' title='bbox 759 1230 836 1261; x_wconf 87' lang='lat' dir='ltr'><strong>fore</strong></span> <span class='ocrx_word' id='word_1_327' title='bbox 855 1229 881 1261; x_wconf 89' lang='lat' dir='ltr'>C</span> <span class='ocrx_word' id='word_1_328' title='bbox 905 1229 959 1269; x_wconf 89' lang='lat'><strong>17,</strong></span> <span class='ocrx_word' id='word_1_329' title='bbox 979 1230 1011 1261; x_wconf 89' lang='lat'>7.</span> <span class='ocrx_word' id='word_1_330' title='bbox 1038 1229 1098 1269; x_wconf 90' lang='lat'><strong>30,</strong></span> <span class='ocrx_word' id='word_1_331' title='bbox 1118 1228 1149 1262; x_wconf 90' lang='lat'><strong>6.</strong></span> <span class='ocrx_word' id='word_1_332' title='bbox 1175 1228 1236 1269; x_wconf 88' lang='grc'><strong>48,</strong></span> <span class='ocrx_word' id='word_1_333' title='bbox 1257 1230 1287 1261; x_wconf 94' lang='grc'>4.</span> <span class='ocrx_word' id='word_1_334' title='bbox 1314 1228 1375 1269; x_wconf 87' lang='lat'><strong>56,</strong></span> <span class='ocrx_word' id='word_1_335' title='bbox 1394 1229 1426 1260; x_wconf 89' lang='lat'><strong>4.</strong></span> <span class='ocrx_word' id='word_1_336' title='bbox 1459 1229 1482 1261; x_wconf 91' lang='lat' dir='ltr'><strong>J</strong></span> <span class='ocrx_word' id='word_1_337' title='bbox 1499 1227 1536 1268; x_wconf 93' lang='lat'><strong>6,</strong></span> <span class='ocrx_word' id='word_1_338' title='bbox 1555 1228 1588 1260; x_wconf 85' lang='lat'><strong>3.</strong></span> <span class='ocrx_word' id='word_1_339' title='bbox 1612 1227 1651 1267; x_wconf 90' lang='lat'><strong>8,</strong></span> <span class='ocrx_word' id='word_1_340' title='bbox 1673 1227 1704 1260; x_wconf 85' lang='lat'><strong>1.</strong></span> 
     </span>
     <span class='ocr_line' id='line_1_23' title="bbox 191 1272 1703 1315; baseline -0.002 -8"><span class='ocrx_word' id='word_1_341' title='bbox 191 1275 241 1315; x_wconf 86' lang='lat'><strong>10,</strong></span> <span class='ocrx_word' id='word_1_342' title='bbox 265 1275 292 1307; x_wconf 90' lang='lat'><strong>1.</strong></span> <span class='ocrx_word' id='word_1_343' title='bbox 322 1274 425 1314; x_wconf 38' lang='grc'>14,,1.</span> <span class='ocrx_word' id='word_1_344' title='bbox 452 1274 506 1314; x_wconf 91' lang='grc'><strong>61,</strong></span> <span class='ocrx_word' id='word_1_345' title='bbox 525 1275 557 1306; x_wconf 94' lang='lat'><strong>4.</strong></span> <span class='ocrx_word' id='word_1_346' title='bbox 584 1273 638 1314; x_wconf 90' lang='grc'><strong>81,</strong></span> <span class='ocrx_word' id='word_1_347' title='bbox 659 1274 690 1306; x_wconf 88' lang='lat'>3.</span> <span class='ocrx_word' id='word_1_348' title='bbox 716 1274 813 1313; x_wconf 83' lang='lat'>97,3.</span> <span class='ocrx_word' id='word_1_349' title='bbox 845 1274 917 1314; x_wconf 90' lang='grc'>111,</span> <span class='ocrx_word' id='word_1_350' title='bbox 932 1274 959 1306; x_wconf 90' lang='lat'><strong>1.</strong></span> <span class='ocrx_word' id='word_1_351' title='bbox 986 1275 1019 1305; x_wconf 90' lang='lat' dir='ltr'><strong>H</strong></span> <span class='ocrx_word' id='word_1_352' title='bbox 1037 1275 1086 1305; x_wconf 91' lang='lat' dir='ltr'><strong>IV</strong></span> <span class='ocrx_word' id='word_1_353' title='bbox 1103 1273 1157 1306; x_wconf 87' lang='lat'>30.</span> <span class='ocrx_word' id='word_1_354' title='bbox 1184 1275 1219 1306; x_wconf 92' lang='lat' dir='ltr'><strong>V-</strong></span> <span class='ocrx_word' id='word_1_355' title='bbox 1236 1273 1275 1306; x_wconf 91' lang='lat'>15</span> <span class='ocrx_word' id='word_1_356' title='bbox 1293 1273 1405 1315; x_wconf 80' lang='lat' dir='ltr'><strong>(deest</strong></span> <span class='ocrx_word' id='word_1_357' title='bbox 1424 1272 1599 1315; x_wconf 77' lang='lat' dir='ltr'><strong>apodosz&#39;s)</strong></span> <span class='ocrx_word' id='word_1_358' title='bbox 1617 1274 1703 1306; x_wconf 82' lang='lat' dir='ltr'><strong>conl.</strong></span> 
     </span>
     <span class='ocr_line' id='line_1_24' title="bbox 189 1318 1634 1359; baseline -0.001 -8"><span class='ocrx_word' id='word_1_359' title='bbox 189 1320 214 1351; x_wconf 83' lang='lat' dir='ltr'>C</span> <span class='ocrx_word' id='word_1_360' title='bbox 233 1319 287 1359; x_wconf 85' lang='lat'><strong>23,</strong></span> <span class='ocrx_word' id='word_1_361' title='bbox 307 1319 338 1351; x_wconf 90' lang='lat'><strong>6.</strong></span> <span class='ocrx_word' id='word_1_362' title='bbox 365 1319 420 1358; x_wconf 83' lang='lat'><strong>26,</strong></span> <span class='ocrx_word' id='word_1_363' title='bbox 445 1320 470 1352; x_wconf 95' lang='lat'><strong>1.</strong></span> <span class='ocrx_word' id='word_1_364' title='bbox 497 1318 552 1359; x_wconf 90' lang='lat'><strong>50,</strong></span> <span class='ocrx_word' id='word_1_365' title='bbox 571 1320 602 1351; x_wconf 88' lang='lat'><strong>4.</strong></span> <span class='ocrx_word' id='word_1_366' title='bbox 630 1320 653 1351; x_wconf 97' lang='lat' dir='ltr'><strong>J</strong></span> <span class='ocrx_word' id='word_1_367' title='bbox 671 1319 724 1359; x_wconf 85' lang='lat'><strong>35,</strong></span> <span class='ocrx_word' id='word_1_368' title='bbox 743 1319 774 1351; x_wconf 87' lang='lat'><strong>9.</strong></span> <span class='ocrx_word' id='word_1_369' title='bbox 800 1319 855 1357; x_wconf 87' lang='lat'><strong>65,</strong></span> <span class='ocrx_word' id='word_1_370' title='bbox 875 1319 894 1351; x_wconf 82' lang='lat'>3</span> <span class='ocrx_word' id='word_1_371' title='bbox 912 1320 973 1351; x_wconf 77' lang='lat' dir='ltr'>his.</span> <span class='ocrx_word' id='word_1_372' title='bbox 1001 1319 1054 1359; x_wconf 90' lang='lat'><strong>75,</strong></span> <span class='ocrx_word' id='word_1_373' title='bbox 1075 1320 1106 1350; x_wconf 90' lang='lat'><strong>2.</strong></span> <span class='ocrx_word' id='word_1_374' title='bbox 1133 1318 1187 1359; x_wconf 92' lang='lat'><strong>97,</strong></span> <span class='ocrx_word' id='word_1_375' title='bbox 1207 1319 1239 1350; x_wconf 89' lang='lat'><strong>2.</strong></span> <span class='ocrx_word' id='word_1_376' title='bbox 1625 1339 1634 1345; x_wconf 92' lang='lat'><em>-</em></span> 
     </span>
     <span class='ocr_line' id='line_1_25' title="bbox 231 1362 1705 1404; baseline -0.002 -8"><span class='ocrx_word' id='word_1_377' title='bbox 231 1367 288 1396; x_wconf 86' lang='lat' dir='ltr'><strong>sic.</strong></span> <span class='ocrx_word' id='word_1_378' title='bbox 320 1368 359 1396; x_wconf 93' lang='lat' dir='ltr'><strong>ut</strong></span> <span class='ocrx_word' id='word_1_379' title='bbox 377 1365 537 1403; x_wconf 89' lang='lat' dir='ltr'><strong>initium,</strong></span> <span class='ocrx_word' id='word_1_380' title='bbox 557 1364 709 1395; x_wconf 75' lang='lat' dir='ltr'><strong>siclinis</strong></span> <span class='ocrx_word' id='word_1_381' title='bbox 729 1368 783 1396; x_wconf 86' lang='lat' dir='ltr'><strong>est</strong></span> <span class='ocrx_word' id='word_1_382' title='bbox 799 1365 822 1396; x_wconf 92' lang='lat' dir='ltr'>J</span> <span class='ocrx_word' id='word_1_383' title='bbox 838 1365 877 1403; x_wconf 87' lang='lat'><strong>2,</strong></span> <span class='ocrx_word' id='word_1_384' title='bbox 898 1363 918 1395; x_wconf 89' lang='grc'>3</span> <span class='ocrx_word' id='word_1_385' title='bbox 942 1366 1026 1396; x_wconf 77' lang='lat' dir='ltr'><strong>conl.</strong></span> <span class='ocrx_word' id='word_1_386' title='bbox 1046 1363 1108 1404; x_wconf 90' lang='lat'><strong>40,</strong></span> <span class='ocrx_word' id='word_1_387' title='bbox 1127 1364 1158 1396; x_wconf 95' lang='lat'><strong>5.</strong></span> <span class='ocrx_word' id='word_1_388' title='bbox 1189 1363 1271 1404; x_wconf 90' lang='lat'>113,</span> <span class='ocrx_word' id='word_1_389' title='bbox 1293 1363 1320 1395; x_wconf 93' lang='lat'><strong>1.</strong></span> <span class='ocrx_word' id='word_1_390' title='bbox 1348 1364 1383 1395; x_wconf 89' lang='lat' dir='ltr'>H</span> <span class='ocrx_word' id='word_1_391' title='bbox 1401 1364 1455 1395; x_wconf 92' lang='lat' dir='ltr'><strong>III</strong></span> <span class='ocrx_word' id='word_1_392' title='bbox 1472 1362 1528 1403; x_wconf 87' lang='lat'><strong>61,</strong></span> <span class='ocrx_word' id='word_1_393' title='bbox 1551 1362 1600 1394; x_wconf 85' lang='lat'><strong>19.</strong></span> <span class='ocrx_word' id='word_1_394' title='bbox 1644 1362 1705 1394; x_wconf 71' lang='lat' dir='ltr'><strong>Sic</strong></span> 
     </span>
    </p>
   </div>
   <div class='ocr_carea' id='block_1_3' title="bbox 187 1406 1757 1450">
    <p class='ocr_par' dir='ltr' id='par_1_3' title="bbox 187 1406 1757 1450">
     <span class='ocr_line' id='line_1_26' title="bbox 187 1406 1757 1450; baseline -0.001 -9"><span class='ocrx_word' id='word_1_395' title='bbox 187 1410 330 1441; x_wconf 86' lang='lat' dir='ltr'><strong>locutus</strong></span> <span class='ocrx_word' id='word_1_396' title='bbox 356 1420 434 1441; x_wconf 90' lang='lat' dir='ltr'><strong>cum</strong></span> <span class='ocrx_word' id='word_1_397' title='bbox 460 1409 595 1440; x_wconf 86' lang='lat' dir='ltr'><strong>dimisit</strong></span> <span class='ocrx_word' id='word_1_398' title='bbox 610 1409 633 1440; x_wconf 90' lang='lat' dir='ltr'>J</span> <span class='ocrx_word' id='word_1_399' title='bbox 652 1408 682 1447; x_wconf 83' lang='lat'><strong>9,</strong></span> <span class='ocrx_word' id='word_1_400' title='bbox 707 1408 734 1440; x_wconf 81' lang='lat'><strong>1.</strong></span> <span class='ocrx_word' id='word_1_401' title='bbox 778 1409 837 1441; x_wconf 74' lang='lat' dir='ltr'><strong>Sic</strong></span> <span class='ocrx_word' id='word_1_402' title='bbox 856 1409 909 1439; x_wconf 89' lang='lat' dir='ltr'><strong>illi</strong></span> <span class='ocrx_word' id='word_1_403' title='bbox 930 1426 966 1430; x_wconf 92' lang='lat'>—</span> <span class='ocrx_word' id='word_1_404' title='bbox 987 1409 1184 1450; x_wconf 85' lang='lat' dir='ltr'><strong>petebatur</strong></span> <span class='ocrx_word' id='word_1_405' title='bbox 1201 1410 1224 1440; x_wconf 94' lang='lat' dir='ltr'>J</span> <span class='ocrx_word' id='word_1_406' title='bbox 1241 1408 1303 1449; x_wconf 85' lang='lat'><strong>65,</strong></span> <span class='ocrx_word' id='word_1_407' title='bbox 1323 1408 1343 1439; x_wconf 93' lang='grc'>5</span> <span class='ocrx_word' id='word_1_408' title='bbox 1361 1411 1446 1440; x_wconf 75' lang='lat' dir='ltr'><strong>conl.</strong></span> <span class='ocrx_word' id='word_1_409' title='bbox 1464 1407 1518 1447; x_wconf 85' lang='lat'><strong>68,</strong></span> <span class='ocrx_word' id='word_1_410' title='bbox 1539 1408 1570 1438; x_wconf 97' lang='lat'><strong>4.</strong></span> <span class='ocrx_word' id='word_1_411' title='bbox 1597 1407 1652 1447; x_wconf 83' lang='lat'><strong>87,</strong></span> <span class='ocrx_word' id='word_1_412' title='bbox 1671 1406 1704 1439; x_wconf 86' lang='lat'><strong>3.</strong></span> <span class='ocrx_word' id='word_1_413' title='bbox 1750 1430 1757 1435; x_wconf 81' lang='lat'><strong>·</strong></span> 
     </span>
    </p>
   </div>
   <div class='ocr_carea' id='block_1_4' title="bbox 187 1452 1706 1945">
    <p class='ocr_par' dir='ltr' id='par_1_4' title="bbox 187 1452 1706 1630">
     <span class='ocr_line' id='line_1_27' title="bbox 187 1452 1706 1495; baseline -0.002 -9"><span class='ocrx_word' id='word_1_414' title='bbox 187 1455 241 1495; x_wconf 85' lang='lat'><strong>90,</strong></span> <span class='ocrx_word' id='word_1_415' title='bbox 262 1454 293 1487; x_wconf 87' lang='lat'><strong>3.</strong></span> <span class='ocrx_word' id='word_1_416' title='bbox 319 1454 373 1493; x_wconf 91' lang='grc'><strong>94,</strong></span> <span class='ocrx_word' id='word_1_417' title='bbox 393 1454 423 1486; x_wconf 94' lang='lat'><strong>7.</strong></span> <span class='ocrx_word' id='word_1_418' title='bbox 451 1455 484 1485; x_wconf 91' lang='lat' dir='ltr'><strong>H</strong></span> <span class='ocrx_word' id='word_1_419' title='bbox 501 1455 518 1485; x_wconf 95' lang='lat' dir='ltr'>I</span> <span class='ocrx_word' id='word_1_420' title='bbox 535 1453 578 1484; x_wconf 86' lang='lat'><strong>88</strong></span> <span class='ocrx_word' id='word_1_421' title='bbox 596 1454 671 1493; x_wconf 70' lang='lat' dir='ltr'><strong>(Sic</strong></span> <span class='ocrx_word' id='word_1_422' title='bbox 690 1454 799 1492; x_wconf 84' lang='lat' dir='ltr'><strong>vero).</strong></span> <span class='ocrx_word' id='word_1_423' title='bbox 842 1455 934 1485; x_wconf 90' lang='lat' dir='ltr'><strong>Dum</strong></span> <span class='ocrx_word' id='word_1_424' title='bbox 954 1453 1049 1495; x_wconf 84' lang='lat' dir='ltr'><strong>apud</strong></span> <span class='ocrx_word' id='word_1_425' title='bbox 1067 1454 1215 1484; x_wconf 82' lang='lat' dir='ltr'>Zamam</span> <span class='ocrx_word' id='word_1_426' title='bbox 1234 1453 1286 1484; x_wconf 88' lang='lat' dir='ltr'><strong>sic</strong></span> <span class='ocrx_word' id='word_1_427' title='bbox 1305 1457 1466 1485; x_wconf 87' lang='lat' dir='ltr'><strong>certatur</strong></span> <span class='ocrx_word' id='word_1_428' title='bbox 1481 1453 1505 1484; x_wconf 92' lang='lat' dir='ltr'>J</span> <span class='ocrx_word' id='word_1_429' title='bbox 1521 1452 1576 1493; x_wconf 83' lang='lat'><strong>58,</strong></span> <span class='ocrx_word' id='word_1_430' title='bbox 1599 1452 1627 1484; x_wconf 97' lang='lat'><strong>1.</strong></span> <span class='ocrx_word' id='word_1_431' title='bbox 1661 1462 1706 1483; x_wconf 85' lang='lat' dir='ltr'><strong>ac</strong></span> 
     </span>
     <span class='ocr_line' id='line_1_28' title="bbox 188 1497 1706 1540; baseline -0.002 -9"><span class='ocrx_word' id='word_1_432' title='bbox 188 1500 314 1531; x_wconf 81' lang='lat' dir='ltr'><strong>statim</strong></span> <span class='ocrx_word' id='word_1_433' title='bbox 332 1500 384 1531; x_wconf 90' lang='lat' dir='ltr'><strong>sic</strong></span> <span class='ocrx_word' id='word_1_434' title='bbox 403 1510 465 1530; x_wconf 83' lang='lat' dir='ltr'><strong>rex</strong></span> <span class='ocrx_word' id='word_1_435' title='bbox 484 1499 613 1540; x_wconf 84' lang='lat' dir='ltr'><strong>incipit</strong></span> <span class='ocrx_word' id='word_1_436' title='bbox 630 1499 652 1529; x_wconf 88' lang='lat' dir='ltr'>J</span> <span class='ocrx_word' id='word_1_437' title='bbox 673 1498 746 1538; x_wconf 81' lang='lat'>109,</span> <span class='ocrx_word' id='word_1_438' title='bbox 765 1499 798 1529; x_wconf 91' lang='lat'><strong>4.</strong></span> <span class='ocrx_word' id='word_1_439' title='bbox 841 1509 908 1539; x_wconf 73' lang='lat' dir='ltr'><strong>ego</strong></span> <span class='ocrx_word' id='word_1_440' title='bbox 927 1499 979 1529; x_wconf 88' lang='lat' dir='ltr'><strong>sic</strong></span> <span class='ocrx_word' id='word_1_441' title='bbox 999 1498 1194 1530; x_wconf 82' lang='lat' dir='ltr'><strong>existumo:</strong></span> <span class='ocrx_word' id='word_1_442' title='bbox 1214 1499 1329 1530; x_wconf 86' lang='lat' dir='ltr'><strong>omnis</strong></span> <span class='ocrx_word' id='word_1_443' title='bbox 1348 1498 1532 1529; x_wconf 84' lang='lat' dir='ltr'><strong>cruciatus</strong></span> <span class='ocrx_word' id='word_1_444' title='bbox 1549 1497 1706 1529; x_wconf 81' lang='lat' dir='ltr'><strong>minores</strong></span> 
     </span>
     <span class='ocr_line' id='line_1_29' title="bbox 189 1541 1706 1585; baseline -0.002 -9"><span class='ocrx_word' id='word_1_445' title='bbox 189 1555 267 1576; x_wconf 89' lang='lat' dir='ltr'><strong>esse</strong></span> <span class='ocrx_word' id='word_1_446' title='bbox 287 1543 315 1576; x_wconf 82' lang='lat' dir='ltr'>O</span> <span class='ocrx_word' id='word_1_447' title='bbox 335 1544 394 1583; x_wconf 88' lang='lat'><strong>15,</strong></span> <span class='ocrx_word' id='word_1_448' title='bbox 419 1544 467 1576; x_wconf 92' lang='grc'><strong>15.</strong></span> <span class='ocrx_word' id='word_1_449' title='bbox 492 1544 514 1575; x_wconf 87' lang='lat' dir='ltr'>J</span> <span class='ocrx_word' id='word_1_450' title='bbox 537 1543 593 1583; x_wconf 83' lang='lat'><strong>14,</strong></span> <span class='ocrx_word' id='word_1_451' title='bbox 619 1543 655 1573; x_wconf 89' lang='grc'><strong>12</strong></span> <span class='ocrx_word' id='word_1_452' title='bbox 674 1544 740 1583; x_wconf 91' lang='lat' dir='ltr'><strong>(uti</strong></span> <span class='ocrx_word' id='word_1_453' title='bbox 758 1544 1035 1585; x_wconf 80' lang='lat' dir='ltr'><strong>praedicantem</strong></span> <span class='ocrx_word' id='word_1_454' title='bbox 1055 1543 1263 1574; x_wconf 85' lang='lat' dir='ltr'><strong>audiveram</strong></span> <span class='ocrx_word' id='word_1_455' title='bbox 1282 1541 1449 1585; x_wconf 86' lang='lat' dir='ltr'><strong>patrem).</strong></span> <span class='ocrx_word' id='word_1_456' title='bbox 1480 1542 1558 1582; x_wconf 89' lang='lat'>114,</span> <span class='ocrx_word' id='word_1_457' title='bbox 1578 1542 1610 1575; x_wconf 88' lang='grc'><strong>2.</strong></span> <span class='ocrx_word' id='word_1_458' title='bbox 1652 1541 1706 1573; x_wconf 88' lang='lat' dir='ltr'><strong>lu-</strong></span> 
     </span>
     <span class='ocr_line' id='line_1_30' title="bbox 187 1587 1190 1630; baseline -0.003 -9"><span class='ocrx_word' id='word_1_459' title='bbox 187 1590 310 1621; x_wconf 88' lang='lat' dir='ltr'><strong>bidine</strong></span> <span class='ocrx_word' id='word_1_460' title='bbox 330 1590 382 1620; x_wconf 89' lang='lat' dir='ltr'><strong>sic</strong></span> <span class='ocrx_word' id='word_1_461' title='bbox 401 1589 571 1628; x_wconf 85' lang='lat' dir='ltr'><strong>adcensa,</strong></span> <span class='ocrx_word' id='word_1_462' title='bbox 590 1591 629 1619; x_wconf 90' lang='lat' dir='ltr'><strong>ut</strong></span> <span class='ocrx_word' id='word_1_463' title='bbox 650 1606 685 1610; x_wconf 90' lang='lat'>—</span> <span class='ocrx_word' id='word_1_464' title='bbox 706 1591 849 1630; x_wconf 88' lang='lat' dir='ltr'><strong>peteret</strong></span> <span class='ocrx_word' id='word_1_465' title='bbox 868 1588 893 1618; x_wconf 84' lang='lat' dir='ltr'>C</span> <span class='ocrx_word' id='word_1_466' title='bbox 913 1589 966 1627; x_wconf 85' lang='lat'><strong>25,</strong></span> <span class='ocrx_word' id='word_1_467' title='bbox 987 1587 1018 1619; x_wconf 86' lang='lat'><strong>3.</strong></span> <span class='ocrx_word' id='word_1_468' title='bbox 1045 1588 1068 1619; x_wconf 91' lang='lat' dir='ltr'><strong>J</strong></span> <span class='ocrx_word' id='word_1_469' title='bbox 1086 1587 1139 1627; x_wconf 79' lang='lat'><strong>73,</strong></span> <span class='ocrx_word' id='word_1_470' title='bbox 1158 1587 1190 1619; x_wconf 89' lang='grc'><strong>6.</strong></span> 
     </span>
    </p>

    <p class='ocr_par' dir='ltr' id='par_1_5' title="bbox 232 1631 1389 1675">
     <span class='ocr_line' id='line_1_31' title="bbox 232 1631 1389 1675; baseline -0.002 -10"><span class='ocrx_word' id='word_1_471' title='bbox 232 1635 382 1665; x_wconf 79' lang='lat' dir='ltr'><strong>sicarius.</strong></span> <span class='ocrx_word' id='word_1_472' title='bbox 414 1634 509 1665; x_wconf 86' lang='lat' dir='ltr'><strong>latro</strong></span> <span class='ocrx_word' id='word_1_473' title='bbox 529 1643 607 1664; x_wconf 83' lang='lat' dir='ltr'><strong>cum</strong></span> <span class='ocrx_word' id='word_1_474' title='bbox 628 1633 816 1665; x_wconf 85' lang='lat' dir='ltr'><strong>calonibus</strong></span> <span class='ocrx_word' id='word_1_475' title='bbox 837 1636 872 1665; x_wconf 90' lang='lat' dir='ltr'><strong>et</strong></span> <span class='ocrx_word' id='word_1_476' title='bbox 889 1633 1016 1675; x_wconf 85' lang='lat' dir='ltr'><strong>paucis</strong></span> <span class='ocrx_word' id='word_1_477' title='bbox 1035 1632 1179 1664; x_wconf 87' lang='lat' dir='ltr'><strong>sicariis</strong></span> <span class='ocrx_word' id='word_1_478' title='bbox 1197 1633 1231 1663; x_wconf 89' lang='lat' dir='ltr'><strong>H</strong></span> <span class='ocrx_word' id='word_1_479' title='bbox 1250 1633 1265 1663; x_wconf 95' lang='lat'>1</span> <span class='ocrx_word' id='word_1_480' title='bbox 1282 1631 1337 1673; x_wconf 90' lang='lat'><strong>48,</strong></span> <span class='ocrx_word' id='word_1_481' title='bbox 1357 1632 1389 1663; x_wconf 93' lang='lat'><strong>7.</strong></span> 
     </span>
    </p>

    <p class='ocr_par' dir='ltr' id='par_1_6' title="bbox 233 1677 1480 1718">
     <span class='ocr_line' id='line_1_32' title="bbox 233 1677 1480 1718; baseline -0.001 -8"><span class='ocrx_word' id='word_1_482' title='bbox 233 1681 341 1718; x_wconf 83' lang='lat' dir='ltr'><strong>Sicca,</strong></span> <span class='ocrx_word' id='word_1_483' title='bbox 359 1679 530 1710; x_wconf 86' lang='lat' dir='ltr'><strong>Siccenses</strong></span> <span class='ocrx_word' id='word_1_484' title='bbox 547 1678 570 1709; x_wconf 87' lang='lat' dir='ltr'><strong>J</strong></span> <span class='ocrx_word' id='word_1_485' title='bbox 587 1677 640 1710; x_wconf 78' lang='lat'><strong>56.</strong></span> <span class='ocrx_word' id='word_1_486' title='bbox 950 1699 953 1701; x_wconf 93' lang='lat'>-</span> <span class='ocrx_word' id='word_1_487' title='bbox 1473 1696 1480 1702; x_wconf 89' lang='lat'><strong>·</strong></span> 
     </span>
    </p>

    <p class='ocr_par' dir='ltr' id='par_1_7' title="bbox 187 1719 1706 1808">
     <span class='ocr_line' id='line_1_33' title="bbox 233 1719 1706 1765; baseline -0.001 -10"><span class='ocrx_word' id='word_1_488' title='bbox 233 1719 355 1755; x_wconf 87' lang='lat' dir='ltr'><strong>Sicilia.</strong></span> <span class='ocrx_word' id='word_1_489' title='bbox 388 1724 553 1763; x_wconf 67' lang='lat' dir='ltr'><strong>legiones</strong></span> <span class='ocrx_word' id='word_1_490' title='bbox 572 1741 614 1744; x_wconf 84' lang='lat'><strong>—-</strong></span> <span class='ocrx_word' id='word_1_491' title='bbox 631 1723 715 1755; x_wconf 91' lang='lat' dir='ltr'><strong>inde</strong></span> <span class='ocrx_word' id='word_1_492' title='bbox 731 1723 904 1762; x_wconf 82' lang='lat' dir='ltr'><strong>Siciliam,</strong></span> <span class='ocrx_word' id='word_1_493' title='bbox 923 1733 1029 1765; x_wconf 86' lang='lat' dir='ltr'><strong>porro</strong></span> <span class='ocrx_word' id='word_1_494' title='bbox 1045 1722 1225 1758; x_wconf 48' lang='lat' dir='ltr'><strong>edeieilia</strong></span> <span class='ocrx_word' id='word_1_495' title='bbox 1242 1723 1278 1754; x_wconf 92' lang='lat' dir='ltr'><strong>in</strong></span> <span class='ocrx_word' id='word_1_496' title='bbox 1288 1722 1452 1754; x_wconf 84' lang='lat' dir='ltr'><strong>Africam</strong></span> <span class='ocrx_word' id='word_1_497' title='bbox 1470 1724 1706 1754; x_wconf 82' lang='lat' dir='ltr'><strong>transvectae</strong></span> 
     </span>
     <span class='ocr_line' id='line_1_34' title="bbox 187 1767 697 1808; baseline -0.002 -7"><span class='ocrx_word' id='word_1_498' title='bbox 187 1770 210 1801; x_wconf 90' lang='lat' dir='ltr'><strong>J</strong></span> <span class='ocrx_word' id='word_1_499' title='bbox 228 1768 282 1808; x_wconf 90' lang='lat'><strong>28,</strong></span> <span class='ocrx_word' id='word_1_500' title='bbox 300 1768 332 1799; x_wconf 92' lang='lat'><strong>6.</strong></span> <span class='ocrx_word' id='word_1_501' title='bbox 358 1769 392 1800; x_wconf 91' lang='lat' dir='ltr'>H</span> <span class='ocrx_word' id='word_1_502' title='bbox 410 1769 460 1799; x_wconf 87' lang='lat' dir='ltr'><strong>IV</strong></span> <span class='ocrx_word' id='word_1_503' title='bbox 481 1768 521 1799; x_wconf 95' lang='lat'>10</span> <span class='ocrx_word' id='word_1_504' title='bbox 564 1767 615 1799; x_wconf 89' lang='lat'><strong>19.</strong></span> <span class='ocrx_word' id='word_1_505' title='bbox 642 1768 697 1800; x_wconf 89' lang='lat'><strong>20.</strong></span> 
     </span>
    </p>

    <p class='ocr_par' dir='ltr' id='par_1_8' title="bbox 231 1812 693 1851">
     <span class='ocr_line' id='line_1_35' title="bbox 231 1812 693 1851; baseline -0.002 -6"><span class='ocrx_word' id='word_1_506' title='bbox 231 1814 392 1851; x_wconf 76' lang='lat' dir='ltr'><strong>Sicinius,</strong></span> <span class='ocrx_word' id='word_1_507' title='bbox 408 1814 442 1844; x_wconf 81' lang='lat'><strong>1..</strong></span> <span class='ocrx_word' id='word_1_508' title='bbox 459 1814 493 1844; x_wconf 94' lang='lat' dir='ltr'>H</span> <span class='ocrx_word' id='word_1_509' title='bbox 510 1814 564 1845; x_wconf 92' lang='lat'><strong>111</strong></span> <span class='ocrx_word' id='word_1_510' title='bbox 581 1812 643 1851; x_wconf 90' lang='lat'><strong>61,</strong></span> <span class='ocrx_word' id='word_1_511' title='bbox 661 1812 693 1845; x_wconf 90' lang='lat'><strong>8.</strong></span> 
     </span>
    </p>

    <p class='ocr_par' dir='ltr' id='par_1_9' title="bbox 232 1857 566 1898">
     <span class='ocr_line' id='line_1_36' title="bbox 232 1857 566 1898; baseline -0.003 -8"><span class='ocrx_word' id='word_1_512' title='bbox 232 1859 340 1890; x_wconf 78' lang='lat' dir='ltr'><strong>sicubi</strong></span> <span class='ocrx_word' id='word_1_513' title='bbox 357 1859 403 1898; x_wconf 75' lang='lat' dir='ltr'><strong>ej.</strong></span> <span class='ocrx_word' id='word_1_514' title='bbox 422 1858 445 1890; x_wconf 92' lang='lat' dir='ltr'><strong>J</strong></span> <span class='ocrx_word' id='word_1_515' title='bbox 462 1857 516 1898; x_wconf 90' lang='lat'><strong>60,</strong></span> <span class='ocrx_word' id='word_1_516' title='bbox 536 1858 566 1889; x_wconf 90' lang='lat'><strong>4.</strong></span> 
     </span>
    </p>

    <p class='ocr_par' dir='ltr' id='par_1_10' title="bbox 233 1900 1704 1945">
     <span class='ocr_line' id='line_1_37' title="bbox 233 1900 1704 1945; baseline -0.001 -11"><span class='ocrx_word' id='word_1_517' title='bbox 233 1905 335 1935; x_wconf 85' lang='lat' dir='ltr'><strong>sicuti</strong></span> <span class='ocrx_word' id='word_1_518' title='bbox 358 1909 436 1935; x_wconf 79' lang='lat' dir='ltr'><strong>ante</strong></span> <span class='ocrx_word' id='word_1_519' title='bbox 460 1914 531 1936; x_wconf 82' lang='lat' dir='ltr'>voc.</span> <span class='ocrx_word' id='word_1_520' title='bbox 557 1906 679 1945; x_wconf 74' lang='lat' dir='ltr'><strong>Ieyitur</strong></span> <span class='ocrx_word' id='word_1_521' title='bbox 703 1903 730 1934; x_wconf 85' lang='lat' dir='ltr'>O</span> <span class='ocrx_word' id='word_1_522' title='bbox 754 1902 793 1943; x_wconf 88' lang='lat'><strong>6,</strong></span> <span class='ocrx_word' id='word_1_523' title='bbox 818 1903 845 1934; x_wconf 93' lang='lat'><strong>1.</strong></span> <span class='ocrx_word' id='word_1_524' title='bbox 872 1903 933 1942; x_wconf 88' lang='lat'><strong>22,</strong></span> <span class='ocrx_word' id='word_1_525' title='bbox 951 1904 983 1934; x_wconf 90' lang='lat'><strong>2.</strong></span> <span class='ocrx_word' id='word_1_526' title='bbox 1009 1902 1070 1943; x_wconf 85' lang='lat'><strong>53,</strong></span> <span class='ocrx_word' id='word_1_527' title='bbox 1090 1902 1122 1934; x_wconf 86' lang='lat'><strong>5.</strong></span> <span class='ocrx_word' id='word_1_528' title='bbox 1157 1903 1180 1934; x_wconf 92' lang='lat' dir='ltr'><strong>J</strong></span> <span class='ocrx_word' id='word_1_529' title='bbox 1198 1902 1236 1942; x_wconf 89' lang='lat'><strong>2,</strong></span> <span class='ocrx_word' id='word_1_530' title='bbox 1256 1902 1288 1934; x_wconf 90' lang='lat'><strong>2.</strong></span> <span class='ocrx_word' id='word_1_531' title='bbox 1318 1901 1376 1942; x_wconf 88' lang='lat'><strong>18,</strong></span> <span class='ocrx_word' id='word_1_532' title='bbox 1397 1901 1428 1933; x_wconf 87' lang='lat'><strong>3.</strong></span> <span class='ocrx_word' id='word_1_533' title='bbox 1454 1900 1515 1941; x_wconf 90' lang='grc'><strong>49,</strong></span> <span class='ocrx_word' id='word_1_534' title='bbox 1533 1900 1565 1934; x_wconf 88' lang='lat'><strong>6.</strong></span> <span class='ocrx_word' id='word_1_535' title='bbox 1591 1900 1654 1941; x_wconf 88' lang='lat'><strong>53,</strong></span> <span class='ocrx_word' id='word_1_536' title='bbox 1676 1901 1704 1932; x_wconf 97' lang='lat'><strong>1.</strong></span> 
     </span>
    </p>
   </div>
   <div class='ocr_carea' id='block_1_5' title="bbox 133 1945 1706 1989">
    <p class='ocr_par' dir='ltr' id='par_1_11' title="bbox 133 1945 1706 1989">
     <span class='ocr_line' id='line_1_38' title="bbox 133 1945 1706 1989; baseline -0.001 -9"><span class='ocrx_word' id='word_1_537' title='bbox 133 1959 136 1962; x_wconf 61' lang='lat'><strong>⁴</strong></span> <span class='ocrx_word' id='word_1_538' title='bbox 188 1949 248 1989; x_wconf 86' lang='lat'><strong>89,</strong></span> <span class='ocrx_word' id='word_1_539' title='bbox 270 1949 302 1980; x_wconf 92' lang='lat'><strong>5.</strong></span> <span class='ocrx_word' id='word_1_540' title='bbox 346 1949 440 1980; x_wconf 82' lang='lat' dir='ltr'><strong>sicut</strong></span> <span class='ocrx_word' id='word_1_541' title='bbox 463 1948 489 1980; x_wconf 85' lang='lat' dir='ltr'>C</span> <span class='ocrx_word' id='word_1_542' title='bbox 514 1947 553 1988; x_wconf 90' lang='lat'><strong>8,</strong></span> <span class='ocrx_word' id='word_1_543' title='bbox 572 1950 604 1980; x_wconf 87' lang='lat'><strong>2.</strong></span> <span class='ocrx_word' id='word_1_544' title='bbox 621 1947 693 1987; x_wconf 86' lang='lat'>.37,</span> <span class='ocrx_word' id='word_1_545' title='bbox 712 1948 743 1979; x_wconf 92' lang='lat'><strong>5.</strong></span> <span class='ocrx_word' id='word_1_546' title='bbox 770 1947 831 1987; x_wconf 92' lang='lat'><strong>53,</strong></span> <span class='ocrx_word' id='word_1_547' title='bbox 855 1948 881 1980; x_wconf 93' lang='lat'><strong>1.</strong></span> <span class='ocrx_word' id='word_1_548' title='bbox 909 1948 932 1980; x_wconf 92' lang='lat' dir='ltr'><strong>J</strong></span> <span class='ocrx_word' id='word_1_549' title='bbox 949 1947 1010 1986; x_wconf 88' lang='grc'><strong>94,</strong></span> <span class='ocrx_word' id='word_1_550' title='bbox 1030 1947 1068 1987; x_wconf 76' lang='lat'><strong>33</strong></span> <span class='ocrx_word' id='word_1_551' title='bbox 1095 1947 1189 1978; x_wconf 88' lang='lat' dir='ltr'><strong>sicut</strong></span> <span class='ocrx_word' id='word_1_552' title='bbox 1201 1951 1390 1989; x_wconf 77' lang='lat' dir='ltr'><strong>praeterea</strong></span> <span class='ocrx_word' id='word_1_553' title='bbox 1413 1949 1514 1978; x_wconf 79' lang='lat' dir='ltr'><strong>semel</strong></span> <span class='ocrx_word' id='word_1_554' title='bbox 1529 1946 1552 1978; x_wconf 94' lang='lat' dir='ltr'><strong>J</strong></span> <span class='ocrx_word' id='word_1_555' title='bbox 1574 1945 1632 1985; x_wconf 87' lang='lat'><strong>14,</strong></span> <span class='ocrx_word' id='word_1_556' title='bbox 1654 1945 1706 1978; x_wconf 91' lang='lat'><strong>11.</strong></span> 
     </span>
    </p>
   </div>
   <div class='ocr_carea' id='block_1_6' title="bbox 188 1990 1716 2929">
    <p class='ocr_par' dir='ltr' id='par_1_12' title="bbox 188 1990 1716 2749">
     <span class='ocr_line' id='line_1_39' title="bbox 191 1990 1707 2036; baseline -0.003 -10"><span class='ocrx_word' id='word_1_557' title='bbox 191 2005 269 2036; x_wconf 82' lang='lat' dir='ltr'><strong>ego,</strong></span> <span class='ocrx_word' id='word_1_558' title='bbox 290 1994 402 2025; x_wconf 91' lang='lat' dir='ltr'><strong>sicuti</strong></span> <span class='ocrx_word' id='word_1_559' title='bbox 420 1993 599 2036; x_wconf 86' lang='lat' dir='ltr'><strong>plerique,</strong></span> <span class='ocrx_word' id='word_1_560' title='bbox 623 2010 659 2014; x_wconf 92' lang='lat'><strong>—</strong></span> <span class='ocrx_word' id='word_1_561' title='bbox 679 1993 777 2025; x_wconf 87' lang='lat' dir='ltr'><strong>latus</strong></span> <span class='ocrx_word' id='word_1_562' title='bbox 792 1990 873 2024; x_wconf 77' lang='lat' dir='ltr'><strong>¹sum</strong></span> <span class='ocrx_word' id='word_1_563' title='bbox 893 1992 919 2024; x_wconf 85' lang='lat' dir='ltr'>C</span> <span class='ocrx_word' id='word_1_564' title='bbox 939 1992 1015 2033; x_wconf 89' lang='lat'>3,3.</span> <span class='ocrx_word' id='word_1_565' title='bbox 1041 1993 1063 2024; x_wconf 92' lang='lat' dir='ltr'><strong>J</strong></span> <span class='ocrx_word' id='word_1_566' title='bbox 1082 1992 1134 2032; x_wconf 90' lang='lat'><strong>75,</strong></span> <span class='ocrx_word' id='word_1_567' title='bbox 1155 1991 1185 2023; x_wconf 91' lang='lat'><strong>8.</strong></span> <span class='ocrx_word' id='word_1_568' title='bbox 1212 1991 1267 2030; x_wconf 89' lang='lat'><strong>87,</strong></span> <span class='ocrx_word' id='word_1_569' title='bbox 1287 1992 1317 2023; x_wconf 91' lang='lat'><strong>4.</strong></span> <span class='ocrx_word' id='word_1_570' title='bbox 1361 2002 1509 2033; x_wconf 86' lang='lat' dir='ltr'><strong>quarum</strong></span> <span class='ocrx_word' id='word_1_571' title='bbox 1526 1991 1581 2023; x_wconf 88' lang='lat' dir='ltr'><strong>vis</strong></span> <span class='ocrx_word' id='word_1_572' title='bbox 1598 1990 1707 2022; x_wconf 88' lang='lat' dir='ltr'><strong>sicuti</strong></span> 
     </span>
     <span class='ocr_line' id='line_1_40' title="bbox 189 2036 1707 2079; baseline -0.002 -9"><span class='ocrx_word' id='word_1_573' title='bbox 189 2039 344 2070; x_wconf 87' lang='lat' dir='ltr'><strong>omnium</strong></span> <span class='ocrx_word' id='word_1_574' title='bbox 364 2039 522 2070; x_wconf 85' lang='lat' dir='ltr'><strong>ferarum</strong></span> <span class='ocrx_word' id='word_1_575' title='bbox 540 2055 585 2060; x_wconf 94' lang='lat'><strong>—</strong></span> <span class='ocrx_word' id='word_1_576' title='bbox 603 2038 722 2070; x_wconf 87' lang='lat' dir='ltr'><strong>acrior</strong></span> <span class='ocrx_word' id='word_1_577' title='bbox 738 2038 761 2069; x_wconf 90' lang='lat' dir='ltr'><strong>J</strong></span> <span class='ocrx_word' id='word_1_578' title='bbox 778 2037 841 2078; x_wconf 88' lang='lat'><strong>89,</strong></span> <span class='ocrx_word' id='word_1_579' title='bbox 859 2038 891 2070; x_wconf 91' lang='lat'><strong>5.</strong></span> <span class='ocrx_word' id='word_1_580' title='bbox 933 2048 1050 2079; x_wconf 89' lang='lat' dir='ltr'><strong>neque</strong></span> <span class='ocrx_word' id='word_1_581' title='bbox 1075 2047 1134 2068; x_wconf 88' lang='lat' dir='ltr'><strong>res</strong></span> <span class='ocrx_word' id='word_1_582' title='bbox 1159 2048 1194 2078; x_wconf 91' lang='lat' dir='ltr'><strong>p.</strong></span> <span class='ocrx_word' id='word_1_583' title='bbox 1221 2037 1331 2068; x_wconf 88' lang='lat' dir='ltr'><strong>sicuti</strong></span> <span class='ocrx_word' id='word_1_584' title='bbox 1348 2047 1443 2068; x_wconf 87' lang='lat' dir='ltr'><strong>nunc</strong></span> <span class='ocrx_word' id='word_1_585' title='bbox 1461 2039 1669 2068; x_wconf 84' lang='lat' dir='ltr'><strong>vastaretur</strong></span> <span class='ocrx_word' id='word_1_586' title='bbox 1683 2036 1707 2067; x_wconf 91' lang='lat' dir='ltr'><strong>J</strong></span> 
     </span>
     <span class='ocr_line' id='line_1_41' title="bbox 188 2080 1705 2124; baseline -0.002 -9"><span class='ocrx_word' id='word_1_587' title='bbox 188 2083 242 2124; x_wconf 87' lang='grc'><strong>31,</strong></span> <span class='ocrx_word' id='word_1_588' title='bbox 266 2083 315 2115; x_wconf 90' lang='grc'><strong>16.</strong></span> <span class='ocrx_word' id='word_1_589' title='bbox 360 2084 452 2114; x_wconf 88' lang='lat' dir='ltr'><strong>sieut</strong></span> <span class='ocrx_word' id='word_1_590' title='bbox 477 2083 560 2114; x_wconf 88' lang='lat' dir='ltr'><strong>aliis</strong></span> <span class='ocrx_word' id='word_1_591' title='bbox 586 2083 713 2114; x_wconf 86' lang='lat' dir='ltr'><strong>diebus</strong></span> <span class='ocrx_word' id='word_1_592' title='bbox 730 2083 753 2114; x_wconf 92' lang='lat' dir='ltr'><strong>J</strong></span> <span class='ocrx_word' id='word_1_593' title='bbox 769 2082 832 2123; x_wconf 87' lang='lat'><strong>94,</strong></span> <span class='ocrx_word' id='word_1_594' title='bbox 852 2082 884 2114; x_wconf 89' lang='lat'><strong>3.</strong></span> <span class='ocrx_word' id='word_1_595' title='bbox 925 2083 1038 2114; x_wconf 88' lang='lat' dir='ltr'><strong>vitam</strong></span> <span class='ocrx_word' id='word_1_596' title='bbox 1057 2082 1166 2113; x_wconf 88' lang='lat' dir='ltr'><strong>sicuti</strong></span> <span class='ocrx_word' id='word_1_597' title='bbox 1183 2082 1461 2123; x_wconf 81' lang='lat' dir='ltr'><strong>peregrinantes</strong></span> <span class='ocrx_word' id='word_1_598' title='bbox 1479 2081 1660 2112; x_wconf 73' lang='lat' dir='ltr'><strong>transiere</strong></span> <span class='ocrx_word' id='word_1_599' title='bbox 1678 2080 1705 2112; x_wconf 84' lang='lat' dir='ltr'>C</span> 
     </span>
     <span class='ocr_line' id='line_1_42' title="bbox 188 2125 1716 2170; baseline -0.002 -11"><span class='ocrx_word' id='word_1_600' title='bbox 188 2130 220 2168; x_wconf 92' lang='lat'><strong>2,</strong></span> <span class='ocrx_word' id='word_1_601' title='bbox 240 2127 271 2160; x_wconf 92' lang='lat'><strong>8.</strong></span> <span class='ocrx_word' id='word_1_602' title='bbox 313 2138 383 2159; x_wconf 89' lang='lat' dir='ltr'><strong>neu</strong></span> <span class='ocrx_word' id='word_1_603' title='bbox 402 2128 502 2170; x_wconf 89' lang='lat' dir='ltr'><strong>capti</strong></span> <span class='ocrx_word' id='word_1_604' title='bbox 520 2128 625 2159; x_wconf 88' lang='lat' dir='ltr'><strong>sicuti</strong></span> <span class='ocrx_word' id='word_1_605' title='bbox 644 2138 779 2170; x_wconf 87' lang='lat' dir='ltr'><strong>pecora</strong></span> <span class='ocrx_word' id='word_1_606' title='bbox 798 2127 1026 2159; x_wconf 79' lang='lat' dir='ltr'><strong>trucidemini</strong></span> <span class='ocrx_word' id='word_1_607' title='bbox 1045 2127 1072 2158; x_wconf 84' lang='lat' dir='ltr'>C</span> <span class='ocrx_word' id='word_1_608' title='bbox 1090 2126 1145 2166; x_wconf 88' lang='lat'><strong>58,</strong></span> <span class='ocrx_word' id='word_1_609' title='bbox 1164 2126 1219 2158; x_wconf 91' lang='lat'><strong>21.</strong></span> <span class='ocrx_word' id='word_1_610' title='bbox 1262 2127 1305 2158; x_wconf 91' lang='lat' dir='ltr'><strong>de</strong></span> <span class='ocrx_word' id='word_1_611' title='bbox 1324 2126 1504 2158; x_wconf 80' lang='lat' dir='ltr'><strong>confessis</strong></span> <span class='ocrx_word' id='word_1_612' title='bbox 1528 2125 1637 2158; x_wconf 85' lang='lat' dir='ltr'><strong>sicuti</strong></span> <span class='ocrx_word' id='word_1_613' title='bbox 1661 2125 1716 2157; x_wconf 78' lang='lat' dir='ltr'><strong>de&#39;</strong></span> 
     </span>
     <span class='ocr_line' id='line_1_43' title="bbox 188 2169 1707 2214; baseline -0.002 -10"><span class='ocrx_word' id='word_1_614' title='bbox 188 2173 408 2204; x_wconf 79' lang='lat' dir='ltr'><strong>manufestis</strong></span> <span class='ocrx_word' id='word_1_615' title='bbox 442 2183 557 2204; x_wconf 88' lang='lat' dir='ltr'><strong>rerum</strong></span> <span class='ocrx_word' id='word_1_616' title='bbox 590 2173 804 2214; x_wconf 83' lang='lat' dir='ltr'><strong>capitalium</strong></span> <span class='ocrx_word' id='word_1_617' title='bbox 835 2172 1051 2214; x_wconf 80' lang='lat' dir='ltr'><strong>subplicium</strong></span> <span class='ocrx_word' id='word_1_618' title='bbox 1075 2171 1288 2203; x_wconf 82' lang='lat' dir='ltr'><strong>sumundum</strong></span> <span class='ocrx_word' id='word_1_619' title='bbox 1315 2171 1342 2202; x_wconf 82' lang='lat' dir='ltr'>O</span> <span class='ocrx_word' id='word_1_620' title='bbox 1367 2171 1427 2208; x_wconf 91' lang='grc'><strong>52,</strong></span> <span class='ocrx_word' id='word_1_621' title='bbox 1452 2169 1505 2202; x_wconf 87' lang='grc'><strong>36.</strong></span> <span class='ocrx_word' id='word_1_622' title='bbox 1553 2171 1707 2202; x_wconf 82' lang='lat' dir='ltr'><strong>insontis</strong></span> 
     </span>
     <span class='ocr_line' id='line_1_44' title="bbox 190 2214 1707 2258; baseline -0.002 -9"><span class='ocrx_word' id='word_1_623' title='bbox 190 2217 298 2249; x_wconf 87' lang='lat' dir='ltr'><strong>sicuti</strong></span> <span class='ocrx_word' id='word_1_624' title='bbox 317 2217 430 2248; x_wconf 88' lang='lat' dir='ltr'><strong>sontis</strong></span> <span class='ocrx_word' id='word_1_625' title='bbox 449 2218 709 2249; x_wconf 81' lang='lat' dir='ltr'><strong>circumvenire</strong></span> <span class='ocrx_word' id='word_1_626' title='bbox 729 2217 756 2248; x_wconf 82' lang='lat' dir='ltr'>C</span> <span class='ocrx_word' id='word_1_627' title='bbox 779 2216 829 2257; x_wconf 90' lang='lat'><strong>16,</strong></span> <span class='ocrx_word' id='word_1_628' title='bbox 840 2217 871 2249; x_wconf 88' lang='lat'><strong>3.</strong></span> <span class='ocrx_word' id='word_1_629' title='bbox 906 2217 1031 2258; x_wconf 83' lang='lat' dir='ltr'><strong>ingeni</strong></span> <span class='ocrx_word' id='word_1_630' title='bbox 1049 2217 1216 2248; x_wconf 88' lang='lat' dir='ltr'><strong>facinora</strong></span> <span class='ocrx_word' id='word_1_631' title='bbox 1234 2217 1345 2247; x_wconf 85' lang='lat' dir='ltr'><strong>sicuti</strong></span> <span class='ocrx_word' id='word_1_632' title='bbox 1363 2216 1483 2248; x_wconf 81' lang='lat' dir='ltr'><strong>anima</strong></span> <span class='ocrx_word' id='word_1_633' title='bbox 1500 2214 1707 2247; x_wconf 75' lang='lat' dir='ltr'><strong>inmortalia</strong></span> 
     </span>
     <span class='ocr_line' id='line_1_45' title="bbox 190 2259 1706 2303; baseline -0.001 -10"><span class='ocrx_word' id='word_1_634' title='bbox 190 2265 273 2294; x_wconf 83' lang='lat' dir='ltr'><strong>sunt</strong></span> <span class='ocrx_word' id='word_1_635' title='bbox 294 2263 317 2294; x_wconf 86' lang='lat' dir='ltr'><strong>J</strong></span> <span class='ocrx_word' id='word_1_636' title='bbox 340 2262 379 2301; x_wconf 88' lang='lat'><strong>2,</strong></span> <span class='ocrx_word' id='word_1_637' title='bbox 397 2262 428 2293; x_wconf 84' lang='lat'><strong>2.</strong></span> <span class='ocrx_word' id='word_1_638' title='bbox 469 2262 594 2303; x_wconf 90' lang='lat' dir='ltr'><strong>precio</strong></span> <span class='ocrx_word' id='word_1_639' title='bbox 618 2263 726 2293; x_wconf 84' lang='lat' dir='ltr'><strong>sicuti</strong></span> <span class='ocrx_word' id='word_1_640' title='bbox 751 2262 863 2293; x_wconf 84' lang='lat' dir='ltr'><strong>multa</strong></span> <span class='ocrx_word' id='word_1_641' title='bbox 889 2262 1102 2293; x_wconf 81' lang='lat' dir='ltr'><strong>confecerat</strong></span> <span class='ocrx_word' id='word_1_642' title='bbox 1117 2262 1140 2293; x_wconf 91' lang='lat' dir='ltr'><strong>J</strong></span> <span class='ocrx_word' id='word_1_643' title='bbox 1157 2261 1219 2300; x_wconf 87' lang='lat'><strong>35,</strong></span> <span class='ocrx_word' id='word_1_644' title='bbox 1238 2262 1271 2292; x_wconf 91' lang='lat'><strong>4.</strong></span> <span class='ocrx_word' id='word_1_645' title='bbox 1312 2261 1420 2292; x_wconf 85' lang='lat' dir='ltr'><strong>sicuti</strong></span> <span class='ocrx_word' id='word_1_646' title='bbox 1445 2271 1513 2302; x_wconf 83' lang='lat' dir='ltr'><strong>ego</strong></span> <span class='ocrx_word' id='word_1_647' title='bbox 1531 2259 1661 2301; x_wconf 81' lang='lat' dir='ltr'><strong>accepi</strong></span> <span class='ocrx_word' id='word_1_648' title='bbox 1678 2259 1706 2291; x_wconf 86' lang='lat' dir='ltr'>C</span> 
     </span>
     <span class='ocr_line' id='line_1_46' title="bbox 189 2304 1707 2348; baseline -0.001 -10"><span class='ocrx_word' id='word_1_649' title='bbox 189 2307 220 2346; x_wconf 87' lang='lat'><strong>6,</strong></span> <span class='ocrx_word' id='word_1_650' title='bbox 243 2307 272 2338; x_wconf 89' lang='lat'><strong>1.</strong></span> <span class='ocrx_word' id='word_1_651' title='bbox 316 2307 411 2338; x_wconf 83' lang='lat' dir='ltr'><strong>sieut</strong></span> <span class='ocrx_word' id='word_1_652' title='bbox 430 2317 497 2347; x_wconf 82' lang='lat' dir='ltr'><strong>ego</strong></span> <span class='ocrx_word' id='word_1_653' title='bbox 517 2310 680 2337; x_wconf 86' lang='lat' dir='ltr'><strong>aestumo</strong></span> <span class='ocrx_word' id='word_1_654' title='bbox 699 2306 725 2337; x_wconf 89' lang='lat' dir='ltr'>C</span> <span class='ocrx_word' id='word_1_655' title='bbox 745 2308 781 2346; x_wconf 88' lang='lat'><strong>8,</strong></span> <span class='ocrx_word' id='word_1_656' title='bbox 801 2307 833 2338; x_wconf 88' lang='lat'><strong>2.</strong></span> <span class='ocrx_word' id='word_1_657' title='bbox 877 2307 984 2338; x_wconf 90' lang='lat' dir='ltr'><strong>sicuti</strong></span> <span class='ocrx_word' id='word_1_658' title='bbox 1008 2307 1089 2338; x_wconf 87' lang='lat' dir='ltr'><strong>Afri</strong></span> <span class='ocrx_word' id='word_1_659' title='bbox 1112 2309 1243 2348; x_wconf 83' lang='lat' dir='ltr'><strong>putant</strong></span> <span class='ocrx_word' id='word_1_660' title='bbox 1261 2307 1283 2338; x_wconf 95' lang='lat' dir='ltr'><strong>J</strong></span> <span class='ocrx_word' id='word_1_661' title='bbox 1307 2305 1361 2344; x_wconf 90' lang='lat'><strong>18,</strong></span> <span class='ocrx_word' id='word_1_662' title='bbox 1380 2305 1411 2338; x_wconf 89' lang='lat'><strong>3.</strong></span> <span class='ocrx_word' id='word_1_663' title='bbox 1454 2305 1549 2337; x_wconf 90' lang='lat' dir='ltr'><strong>sieut</strong></span> <span class='ocrx_word' id='word_1_664' title='bbox 1571 2304 1707 2337; x_wconf 85' lang='lat' dir='ltr'><strong>videtis</strong></span> 
     </span>
     <span class='ocr_line' id='line_1_47' title="bbox 188 2348 1705 2392; baseline -0.002 -9"><span class='ocrx_word' id='word_1_665' title='bbox 188 2353 211 2384; x_wconf 93' lang='lat' dir='ltr'><strong>J</strong></span> <span class='ocrx_word' id='word_1_666' title='bbox 239 2351 294 2390; x_wconf 91' lang='lat'><strong>14,</strong></span> <span class='ocrx_word' id='word_1_667' title='bbox 325 2351 376 2382; x_wconf 85' lang='lat'><strong>11.</strong></span> <span class='ocrx_word' id='word_1_668' title='bbox 419 2351 528 2382; x_wconf 87' lang='lat' dir='ltr'><strong>sicuti</strong></span> <span class='ocrx_word' id='word_1_669' title='bbox 552 2368 594 2371; x_wconf 61' lang='lat'><strong>&gt;—</strong></span> <span class='ocrx_word' id='word_1_670' title='bbox 618 2350 697 2382; x_wconf 82' lang='lat' dir='ltr'><strong>fieri</strong></span> <span class='ocrx_word' id='word_1_671' title='bbox 721 2352 909 2383; x_wconf 87' lang='lat' dir='ltr'><strong>consuevit</strong></span> <span class='ocrx_word' id='word_1_672' title='bbox 934 2351 960 2383; x_wconf 87' lang='lat' dir='ltr'>C</span> <span class='ocrx_word' id='word_1_673' title='bbox 985 2352 1045 2391; x_wconf 90' lang='lat'><strong>22,</strong></span> <span class='ocrx_word' id='word_1_674' title='bbox 1071 2352 1104 2382; x_wconf 88' lang='lat'><strong>2.</strong></span> <span class='ocrx_word' id='word_1_675' title='bbox 1146 2351 1255 2382; x_wconf 86' lang='lat' dir='ltr'><strong>sicuti</strong></span> <span class='ocrx_word' id='word_1_676' title='bbox 1279 2350 1387 2382; x_wconf 83' lang='lat' dir='ltr'><strong>Catil.</strong></span> <span class='ocrx_word' id='word_1_677' title='bbox 1413 2352 1656 2392; x_wconf 85' lang='lat' dir='ltr'><strong>praeceperat</strong></span> <span class='ocrx_word' id='word_1_678' title='bbox 1677 2348 1705 2380; x_wconf 86' lang='lat' dir='ltr'>C</span> 
     </span>
     <span class='ocr_line' id='line_1_48' title="bbox 190 2394 1706 2437; baseline -0.003 -9"><span class='ocrx_word' id='word_1_679' title='bbox 190 2396 251 2436; x_wconf 65' lang='lat'><strong>39,</strong></span> <span class='ocrx_word' id='word_1_680' title='bbox 264 2395 286 2428; x_wconf 88' lang='grc'><strong>6</strong></span> <span class='ocrx_word' id='word_1_681' title='bbox 302 2396 459 2435; x_wconf 36' lang='grc' dir='ltr'>θωπί-45,</span> <span class='ocrx_word' id='word_1_682' title='bbox 478 2396 510 2427; x_wconf 93' lang='lat'><strong>2.</strong></span> <span class='ocrx_word' id='word_1_683' title='bbox 535 2396 559 2427; x_wconf 92' lang='lat' dir='ltr'><strong>J</strong></span> <span class='ocrx_word' id='word_1_684' title='bbox 576 2396 630 2435; x_wconf 87' lang='lat'><strong>52,</strong></span> <span class='ocrx_word' id='word_1_685' title='bbox 649 2395 680 2427; x_wconf 90' lang='lat'><strong>3.</strong></span> <span class='ocrx_word' id='word_1_686' title='bbox 716 2396 824 2426; x_wconf 88' lang='lat' dir='ltr'><strong>sicuti</strong></span> <span class='ocrx_word' id='word_1_687' title='bbox 842 2396 1090 2437; x_wconf 83' lang='lat' dir='ltr'><strong>inperabatur,</strong></span> <span class='ocrx_word' id='word_1_688' title='bbox 1111 2397 1315 2427; x_wconf 89' lang='lat' dir='ltr'><strong>consistunt</strong></span> <span class='ocrx_word' id='word_1_689' title='bbox 1330 2396 1354 2426; x_wconf 92' lang='lat' dir='ltr'><strong>J</strong></span> <span class='ocrx_word' id='word_1_690' title='bbox 1371 2394 1424 2435; x_wconf 89' lang='grc'><strong>53,</strong></span> <span class='ocrx_word' id='word_1_691' title='bbox 1447 2394 1476 2426; x_wconf 94' lang='lat'><strong>1.</strong></span> <span class='ocrx_word' id='word_1_692' title='bbox 1510 2394 1617 2426; x_wconf 85' lang='lat' dir='ltr'><strong>sicuti</strong></span> <span class='ocrx_word' id='word_1_693' title='bbox 1634 2394 1706 2425; x_wconf 84' lang='lat' dir='ltr'><strong>ius·</strong></span> 
     </span>
     <span class='ocr_line' id='line_1_49' title="bbox 191 2438 1704 2481; baseline -0.003 -7"><span class='ocrx_word' id='word_1_694' title='bbox 191 2443 221 2474; x_wconf 87' lang='lat' dir='ltr'><strong>si</strong></span> <span class='ocrx_word' id='word_1_695' title='bbox 241 2443 345 2473; x_wconf 89' lang='lat' dir='ltr'><strong>erant</strong></span> <span class='ocrx_word' id='word_1_696' title='bbox 361 2441 384 2473; x_wconf 84' lang='lat' dir='ltr'><strong>J</strong></span> <span class='ocrx_word' id='word_1_697' title='bbox 402 2440 456 2480; x_wconf 83' lang='grc'><strong>54,</strong></span> <span class='ocrx_word' id='word_1_698' title='bbox 478 2439 530 2471; x_wconf 94' lang='grc'><strong>10.</strong></span> <span class='ocrx_word' id='word_1_699' title='bbox 573 2440 681 2472; x_wconf 86' lang='lat' dir='ltr'><strong>sicuti</strong></span> <span class='ocrx_word' id='word_1_700' title='bbox 705 2439 871 2471; x_wconf 87' lang='lat' dir='ltr'><strong>voluerat</strong></span> <span class='ocrx_word' id='word_1_701' title='bbox 896 2441 1082 2481; x_wconf 80' lang='lat' dir='ltr'><strong>congressi</strong></span> <span class='ocrx_word' id='word_1_702' title='bbox 1100 2442 1123 2473; x_wconf 89' lang='lat' dir='ltr'><strong>J</strong></span> <span class='ocrx_word' id='word_1_703' title='bbox 1144 2440 1216 2480; x_wconf 86' lang='lat'>109,</span> <span class='ocrx_word' id='word_1_704' title='bbox 1236 2441 1268 2472; x_wconf 88' lang='lat'><strong>2.</strong></span> <span class='ocrx_word' id='word_1_705' title='bbox 1303 2441 1411 2472; x_wconf 86' lang='lat' dir='ltr'><strong>sicuti</strong></span> <span class='ocrx_word' id='word_1_706' title='bbox 1429 2439 1509 2481; x_wconf 84' lang='lat' dir='ltr'><strong>regi</strong></span> <span class='ocrx_word' id='word_1_707' title='bbox 1526 2438 1704 2479; x_wconf 80' lang='lat' dir='ltr'><strong>lubucrat,</strong></span> 
     </span>
     <span class='ocr_line' id='line_1_50' title="bbox 189 2482 1704 2530; baseline -0.002 -12"><span class='ocrx_word' id='word_1_708' title='bbox 189 2498 261 2530; x_wconf 85' lang='lat' dir='ltr'><strong>pax</strong></span> <span class='ocrx_word' id='word_1_709' title='bbox 285 2485 456 2518; x_wconf 88' lang='lat' dir='ltr'><strong>convenit</strong></span> <span class='ocrx_word' id='word_1_710' title='bbox 479 2485 503 2516; x_wconf 90' lang='lat' dir='ltr'><strong>J</strong></span> <span class='ocrx_word' id='word_1_711' title='bbox 525 2483 586 2524; x_wconf 90' lang='lat'><strong>38,</strong></span> <span class='ocrx_word' id='word_1_712' title='bbox 611 2484 661 2517; x_wconf 89' lang='lat'><strong>10.</strong></span> <span class='ocrx_word' id='word_1_713' title='bbox 703 2485 823 2516; x_wconf 87' lang='lat' dir='ltr'><strong>senati</strong></span> <span class='ocrx_word' id='word_1_714' title='bbox 847 2485 1033 2516; x_wconf 85' lang='lat' dir='ltr'><strong>decretum</strong></span> <span class='ocrx_word' id='word_1_715' title='bbox 1052 2485 1109 2524; x_wconf 92' lang='lat' dir='ltr'><strong>fit,</strong></span> <span class='ocrx_word' id='word_1_716' title='bbox 1135 2486 1231 2516; x_wconf 84' lang='lat' dir='ltr'><strong>sicut</strong></span> <span class='ocrx_word' id='word_1_717' title='bbox 1254 2485 1316 2516; x_wconf 91' lang='lat' dir='ltr'><strong>ille</strong></span> <span class='ocrx_word' id='word_1_718' title='bbox 1342 2487 1536 2516; x_wconf 88' lang='lat' dir='ltr'><strong>censuerat</strong></span> <span class='ocrx_word' id='word_1_719' title='bbox 1554 2483 1582 2515; x_wconf 87' lang='lat' dir='ltr'>C</span> <span class='ocrx_word' id='word_1_720' title='bbox 1599 2482 1653 2522; x_wconf 88' lang='lat'><strong>53,</strong></span> <span class='ocrx_word' id='word_1_721' title='bbox 1676 2482 1704 2515; x_wconf 90' lang='lat' dir='ltr'><strong>l.</strong></span> 
     </span>
     <span class='ocr_line' id='line_1_51' title="bbox 192 2528 1706 2571; baseline -0.003 -7"><span class='ocrx_word' id='word_1_722' title='bbox 192 2532 321 2571; x_wconf 80' lang='lat' dir='ltr'><strong>aciem,</strong></span> <span class='ocrx_word' id='word_1_723' title='bbox 341 2530 449 2562; x_wconf 88' lang='lat' dir='ltr'><strong>sicuti</strong></span> <span class='ocrx_word' id='word_1_724' title='bbox 467 2531 699 2568; x_wconf 82' lang='lat' dir='ltr'><strong>instruxerat,</strong></span> <span class='ocrx_word' id='word_1_725' title='bbox 719 2529 866 2560; x_wconf 84' lang='lat' dir='ltr'><strong>deducit</strong></span> <span class='ocrx_word' id='word_1_726' title='bbox 881 2529 905 2560; x_wconf 94' lang='lat' dir='ltr'><strong>J</strong></span> <span class='ocrx_word' id='word_1_727' title='bbox 923 2528 976 2568; x_wconf 83' lang='lat'><strong>49,</strong></span> <span class='ocrx_word' id='word_1_728' title='bbox 996 2528 1017 2560; x_wconf 87' lang='grc'><strong>6</strong></span> <span class='ocrx_word' id='word_1_729' title='bbox 1041 2533 1127 2561; x_wconf 77' lang='lat' dir='ltr'>conl.</span> <span class='ocrx_word' id='word_1_730' title='bbox 1146 2529 1199 2570; x_wconf 91' lang='lat'><strong>50,</strong></span> <span class='ocrx_word' id='word_1_731' title='bbox 1219 2530 1251 2561; x_wconf 87' lang='lat'><strong>2.</strong></span> <span class='ocrx_word' id='word_1_732' title='bbox 1295 2529 1401 2561; x_wconf 86' lang='lat' dir='ltr'><strong>sicuti</strong></span> <span class='ocrx_word' id='word_1_733' title='bbox 1419 2528 1518 2560; x_wconf 85' lang='lat' dir='ltr'><strong>acies</strong></span> <span class='ocrx_word' id='word_1_734' title='bbox 1535 2528 1706 2560; x_wconf 82' lang='lat' dir='ltr'><strong>moveba-</strong></span> 
     </span>
     <span class='ocr_line' id='line_1_52' title="bbox 189 2570 1705 2618; baseline -0.003 -10"><span class='ocrx_word' id='word_1_735' title='bbox 189 2581 259 2616; x_wconf 90' lang='lat' dir='ltr'><strong>tur,</strong></span> <span class='ocrx_word' id='word_1_736' title='bbox 280 2575 509 2618; x_wconf 80' lang='lat' dir='ltr'><strong>aequabilem</strong></span> <span class='ocrx_word' id='word_1_737' title='bbox 528 2585 674 2606; x_wconf 86' lang='lat' dir='ltr'><strong>manere</strong></span> <span class='ocrx_word' id='word_1_738' title='bbox 691 2574 714 2606; x_wconf 90' lang='lat' dir='ltr'><strong>J</strong></span> <span class='ocrx_word' id='word_1_739' title='bbox 732 2573 786 2613; x_wconf 87' lang='lat'><strong>53,</strong></span> <span class='ocrx_word' id='word_1_740' title='bbox 809 2573 836 2605; x_wconf 89' lang='lat'><strong>1.</strong></span> <span class='ocrx_word' id='word_1_741' title='bbox 879 2574 987 2605; x_wconf 83' lang='lat' dir='ltr'><strong>sicuti</strong></span> <span class='ocrx_word' id='word_1_742' title='bbox 1005 2573 1141 2615; x_wconf 86' lang='lat' dir='ltr'><strong>pleraq.</strong></span> <span class='ocrx_word' id='word_1_743' title='bbox 1161 2574 1366 2605; x_wconf 84' lang='lat' dir='ltr'><strong>mortalium</strong></span> <span class='ocrx_word' id='word_1_744' title='bbox 1383 2574 1566 2605; x_wconf 84' lang='lat' dir='ltr'><strong>habentur</strong></span> <span class='ocrx_word' id='word_1_745' title='bbox 1581 2571 1609 2604; x_wconf 82' lang='lat' dir='ltr'>C</span> <span class='ocrx_word' id='word_1_746' title='bbox 1625 2571 1656 2612; x_wconf 87' lang='lat'><strong>6,</strong></span> <span class='ocrx_word' id='word_1_747' title='bbox 1672 2570 1705 2604; x_wconf 87' lang='lat'><strong>3.</strong></span> 
     </span>
     <span class='ocr_line' id='line_1_53' title="bbox 190 2617 1704 2658; baseline -0.004 -4"><span class='ocrx_word' id='word_1_748' title='bbox 190 2623 341 2654; x_wconf 86' lang='lat' dir='ltr'><strong>Romam</strong></span> <span class='ocrx_word' id='word_1_749' title='bbox 356 2621 451 2652; x_wconf 87' lang='lat' dir='ltr'><strong>sieut</strong></span> <span class='ocrx_word' id='word_1_750' title='bbox 468 2621 505 2651; x_wconf 92' lang='lat' dir='ltr'><strong>in</strong></span> <span class='ocrx_word' id='word_1_751' title='bbox 522 2620 703 2651; x_wconf 88' lang='lat' dir='ltr'><strong>sentinam</strong></span> <span class='ocrx_word' id='word_1_752' title='bbox 722 2619 972 2651; x_wconf 82' lang='lat' dir='ltr'><strong>confluxerant</strong></span> <span class='ocrx_word' id='word_1_753' title='bbox 990 2618 1016 2649; x_wconf 82' lang='lat' dir='ltr'>O</span> <span class='ocrx_word' id='word_1_754' title='bbox 1035 2617 1089 2657; x_wconf 88' lang='lat'><strong>37,</strong></span> <span class='ocrx_word' id='word_1_755' title='bbox 1108 2619 1139 2650; x_wconf 92' lang='lat'><strong>5.</strong></span> <span class='ocrx_word' id='word_1_756' title='bbox 1173 2619 1284 2650; x_wconf 88' lang='lat' dir='ltr'><strong>sicuti</strong></span> <span class='ocrx_word' id='word_1_757' title='bbox 1303 2618 1414 2650; x_wconf 78' lang='lat' dir='ltr'><strong>effeta</strong></span> <span class='ocrx_word' id='word_1_758' title='bbox 1431 2620 1555 2649; x_wconf 75' lang='lat' dir='ltr'><strong>aetate</strong></span> <span class='ocrx_word' id='word_1_759' title='bbox 1574 2627 1704 2658; x_wconf 84' lang='lat' dir='ltr'><strong>paren-</strong></span> 
     </span>
     <span class='ocr_line' id='line_1_54' title="bbox 191 2661 1704 2706; baseline -0.003 -8"><span class='ocrx_word' id='word_1_760' title='bbox 191 2671 265 2698; x_wconf 90' lang='lat' dir='ltr'><strong>tum</strong></span> <span class='ocrx_word' id='word_1_761' title='bbox 284 2666 310 2698; x_wconf 82' lang='lat' dir='ltr'>C</span> <span class='ocrx_word' id='word_1_762' title='bbox 329 2665 384 2706; x_wconf 88' lang='lat'><strong>53,</strong></span> <span class='ocrx_word' id='word_1_763' title='bbox 403 2665 435 2697; x_wconf 88' lang='lat'><strong>5.</strong></span> <span class='ocrx_word' id='word_1_764' title='bbox 478 2665 585 2697; x_wconf 90' lang='lat' dir='ltr'><strong>sicuti</strong></span> <span class='ocrx_word' id='word_1_765' title='bbox 603 2664 801 2696; x_wconf 88' lang='lat' dir='ltr'><strong>salutatum</strong></span> <span class='ocrx_word' id='word_1_766' title='bbox 819 2663 967 2695; x_wconf 89' lang='lat' dir='ltr'><strong>introire</strong></span> <span class='ocrx_word' id='word_1_767' title='bbox 987 2662 1013 2694; x_wconf 85' lang='lat' dir='ltr'>O</span> <span class='ocrx_word' id='word_1_768' title='bbox 1031 2662 1092 2703; x_wconf 91' lang='lat'><strong>28,</strong></span> <span class='ocrx_word' id='word_1_769' title='bbox 1117 2662 1145 2695; x_wconf 91' lang='lat' dir='ltr'><strong>l.</strong></span> <span class='ocrx_word' id='word_1_770' title='bbox 1189 2662 1264 2701; x_wconf 85' lang='lat' dir='ltr'><strong>alii,</strong></span> <span class='ocrx_word' id='word_1_771' title='bbox 1284 2663 1390 2694; x_wconf 83' lang='lat' dir='ltr'><strong>sicuti</strong></span> <span class='ocrx_word' id='word_1_772' title='bbox 1408 2661 1531 2704; x_wconf 92' lang='lat' dir='ltr'><strong>populi</strong></span> <span class='ocrx_word' id='word_1_773' title='bbox 1550 2662 1627 2693; x_wconf 80' lang='lat' dir='ltr'><strong>lura</strong></span> <span class='ocrx_word' id='word_1_774' title='bbox 1644 2661 1704 2693; x_wconf 88' lang='lat' dir='ltr'><strong>de-</strong></span> 
     </span>
     <span class='ocr_line' id='line_1_55' title="bbox 191 2709 552 2749; baseline -0.006 -6"><span class='ocrx_word' id='word_1_775' title='bbox 191 2712 383 2743; x_wconf 85' lang='lat' dir='ltr'><strong>fenderent</strong></span> <span class='ocrx_word' id='word_1_776' title='bbox 401 2710 427 2742; x_wconf 84' lang='lat' dir='ltr'>C</span> <span class='ocrx_word' id='word_1_777' title='bbox 447 2709 501 2749; x_wconf 86' lang='lat'><strong>38,</strong></span> <span class='ocrx_word' id='word_1_778' title='bbox 521 2709 552 2742; x_wconf 91' lang='grc'><strong>3.</strong></span> 
     </span>
    </p>

    <p class='ocr_par' dir='ltr' id='par_1_13' title="bbox 236 2752 898 2795">
     <span class='ocr_line' id='line_1_56' title="bbox 236 2752 898 2795; baseline -0.003 -8"><span class='ocrx_word' id='word_1_779' title='bbox 236 2756 362 2787; x_wconf 82' lang='lat' dir='ltr'><strong>Sidonii</strong></span> <span class='ocrx_word' id='word_1_780' title='bbox 377 2756 400 2787; x_wconf 87' lang='lat' dir='ltr'><strong>J</strong></span> <span class='ocrx_word' id='word_1_781' title='bbox 418 2755 471 2795; x_wconf 87' lang='lat'><strong>78,</strong></span> <span class='ocrx_word' id='word_1_782' title='bbox 495 2754 523 2785; x_wconf 87' lang='lat'><strong>1.</strong></span> <span class='ocrx_word' id='word_1_783' title='bbox 566 2755 739 2786; x_wconf 76' lang='lat' dir='ltr'><strong>Sidonicas</strong></span> <span class='ocrx_word' id='word_1_784' title='bbox 755 2754 778 2786; x_wconf 92' lang='lat' dir='ltr'><strong>J</strong></span> <span class='ocrx_word' id='word_1_785' title='bbox 795 2752 849 2794; x_wconf 90' lang='grc'><strong>78,</strong></span> <span class='ocrx_word' id='word_1_786' title='bbox 868 2754 898 2785; x_wconf 83' lang='grc'><strong>4.</strong></span> 
     </span>
    </p>

    <p class='ocr_par' dir='ltr' id='par_1_14' title="bbox 236 2795 1378 2841">
     <span class='ocr_line' id='line_1_57' title="bbox 236 2795 1378 2841; baseline -0.004 -10"><span class='ocrx_word' id='word_1_787' title='bbox 236 2802 399 2841; x_wconf 81' lang='lat' dir='ltr'><strong>signator.</strong></span> <span class='ocrx_word' id='word_1_788' title='bbox 431 2810 474 2831; x_wconf 85' lang='lat' dir='ltr'><strong>ex</strong></span> <span class='ocrx_word' id='word_1_789' title='bbox 492 2799 547 2831; x_wconf 90' lang='lat' dir='ltr'><strong>his</strong></span> <span class='ocrx_word' id='word_1_790' title='bbox 566 2818 604 2822; x_wconf 90' lang='lat'><strong>—</strong></span> <span class='ocrx_word' id='word_1_791' title='bbox 626 2799 832 2840; x_wconf 70' lang='lat' dir='ltr'><strong>signatores</strong></span> <span class='ocrx_word' id='word_1_792' title='bbox 849 2798 964 2830; x_wconf 84' lang='lat' dir='ltr'><strong>falsos</strong></span> <span class='ocrx_word' id='word_1_793' title='bbox 983 2797 1208 2830; x_wconf 81' lang='lat' dir='ltr'><strong>commodare</strong></span> <span class='ocrx_word' id='word_1_794' title='bbox 1229 2796 1255 2829; x_wconf 86' lang='lat' dir='ltr'>C</span> <span class='ocrx_word' id='word_1_795' title='bbox 1276 2795 1327 2836; x_wconf 87' lang='lat'><strong>16,</strong></span> <span class='ocrx_word' id='word_1_796' title='bbox 1347 2796 1378 2827; x_wconf 88' lang='lat'><strong>2.</strong></span> 
     </span>
    </p>

    <p class='ocr_par' dir='ltr' id='par_1_15' title="bbox 192 2839 1705 2929">
     <span class='ocr_line' id='line_1_58' title="bbox 237 2839 1705 2886; baseline -0.003 -10"><span class='ocrx_word' id='word_1_797' title='bbox 237 2846 399 2886; x_wconf 83' lang='lat' dir='ltr'><strong>significo.</strong></span> <span class='ocrx_word' id='word_1_798' title='bbox 430 2854 538 2876; x_wconf 83' lang='lat' dir='ltr'><strong>manu</strong></span> <span class='ocrx_word' id='word_1_799' title='bbox 563 2843 773 2886; x_wconf 83' lang='lat' dir='ltr'><strong>significare</strong></span> <span class='ocrx_word' id='word_1_800' title='bbox 791 2844 813 2877; x_wconf 89' lang='lat' dir='ltr'><strong>J</strong></span> <span class='ocrx_word' id='word_1_801' title='bbox 831 2842 891 2884; x_wconf 89' lang='grc'><strong>60,</strong></span> <span class='ocrx_word' id='word_1_802' title='bbox 911 2843 942 2875; x_wconf 87' lang='lat'><strong>4.</strong></span> <span class='ocrx_word' id='word_1_803' title='bbox 985 2841 1234 2885; x_wconf 82' lang='lat' dir='ltr'><strong>speculatores</strong></span> <span class='ocrx_word' id='word_1_804' title='bbox 1257 2850 1380 2874; x_wconf 81' lang='lat' dir='ltr'><strong>omnes</strong></span> <span class='ocrx_word' id='word_1_805' title='bbox 1400 2858 1436 2863; x_wconf 96' lang='lat'><strong>—</strong></span> <span class='ocrx_word' id='word_1_806' title='bbox 1458 2841 1552 2873; x_wconf 87' lang='lat' dir='ltr'><strong>idem</strong></span> <span class='ocrx_word' id='word_1_807' title='bbox 1570 2839 1705 2883; x_wconf 84' lang='lat' dir='ltr'><strong>signifi-</strong></span> 
     </span>
     <span class='ocr_line' id='line_1_59' title="bbox 192 2888 515 2929; baseline -0.003 -7"><span class='ocrx_word' id='word_1_808' title='bbox 192 2890 328 2922; x_wconf 81' lang='lat' dir='ltr'><strong>cabant</strong></span> <span class='ocrx_word' id='word_1_809' title='bbox 343 2890 365 2923; x_wconf 86' lang='lat' dir='ltr'><strong>J</strong></span> <span class='ocrx_word' id='word_1_810' title='bbox 386 2888 465 2929; x_wconf 88' lang='lat'>101,</span> <span class='ocrx_word' id='word_1_811' title='bbox 484 2889 515 2921; x_wconf 90' lang='lat'><strong>2.</strong></span> 
     </span>
    </p>
   </div>
  </div>
 </body>
</html>
