1826 3282
587 245 889 274 ffls'romARvn
921 233 1087 271 LIB.'111
1117 236 1174 272 67.
1496 265 1501 269 ἃ
1590 229 1644 269 85

118 360 207 387 cnm
241 348 343 387 inter
375 347 477 385 viros
506 346 654 391 doctos,
681 357 804 398 penes
830 352 928 397 quos
959 344 1116 396 quidem
1137 355 1274 383 earum
1298 355 1432 382 rerum
1457 342 1642 381 iudicium

47 468 49 470 q
117 420 194 459 est,
216 414 464 459 convenerit,
489 414 552 453 v1x
573 417 632 452 est
651 413 756 464 quod
778 424 980 457 moneam,
1014 424 1075 451 me
1096 410 1418 464 quoque-omnia,
1439 411 1514 450 nisi
1541 421 1642 462 quae

116 483 264 527 notavi,
301 481 350 521 ab
382 493 429 521 eo
452 482 623 532 petiisse.

116 559 193 593 Col.
212 561 231 593 Ι
253 583 556 593 ......
569 588 571 590 .
605 580 907 591 ......

250 626 415 661 ΝἹΤΟΕ·
447 625 918 676 EREQUIQPRAETER
1033 625 1143 663 nitor,
1195 636 1262 663 ere
1293 623 1436 675 quibus
1464 626 1622 674 praeter

251 683 937 755 S-vCIEMBELLONECESSARI.{
1032 692 1203 742 speciem
1232 691 1336 737 bello
1376 676 1639 730 neeessariam

181 816 183 818 ι
253 750 835 801 KAUDMULTOSEOUSQUX
1032 758 1127 798 haut
1166 758 1288 798 multo
1320 770 1435 806 secus
1473 770 1591 809 quam

204 827 894 881 §FERRONOCERIPOTERATAT
1032 826 1140 864 ferro
1171 827 1307 865 noceri
1337 830 1501 876 poterat.
1545 829 1584 863 at

251 886 827 936 UARINIUSDUMKAECAQU
1031 894 1231 938 Varinius,
1263 893 1356 932 dum
1388 893 1485 932 haec
1515 877 1645 942 agunss

249 952 896 997 'rmAFUfflTrfflSAEGRAPAR
1033 966 1096 1013 qur
1124 974 1145 1000 a
1178 961 1364 1011 fugitivis,
1386 971 1522 1010 -aegra
1547 971 1638 1010 par-

250 1030 856 1065 TEMILITUMAUTUMNIGRA
1030 1033 1068 1068 te
1098 1028 1262 1068 militum
1294 1028 1471 1067 autumni
1502 1039 1591 1078 gra-

249 1097 877 1140 mTATENEQ·EXPOSTREMA
972 1124 974 1130 ,
1031 1097 1146 1135 vitate
1176 1107 1304 1147 neque
1334 1107 1380 1134 ex
1412 1098 1610 1145 postrema

183 1166 226 1199 10
249 1164 872 1200 FUGACUMSEUEROEDICTO
1030 1164 1140 1214 suga,
1174 1175 1263 1202 cum
1293 1175 1431 1201 severo
1459 1161 1587 1200 edicto

250 1233 871 1268 IUUERENTURULLISADSIG
1030 1231 1282 1275 iuberentur,
1315 1229 1404 1268 ullis
1434 1229 1482 1268 ad
1510 1229 1583 1278 Sig-

249 1300 919 1341 NADEEUNTIBUSETQUIRELI
1031 1311 1081 1338 na
1106 1297 1364 1338 redeuntibus
1394 1301 1433 1336 et
1462 1297 1528 1347 qui
1548 1295 1638 1334 reli-

250 1367 870 1410 QUIERANTPERSUMMAFLA
1033 1367 1096 1406 eui
1131 1370 1244 1406 erant
1273 1377 1346 1416 per
1383 1376 1536 1403 summa
1571 1363 1640 1402 ssa-

252 1435 893 1480 (jITIADETRACTANTIRMILI
1034 1435 1125 1485 gitia
1162 1432 1471 1473 detractantibus
1506 1430 1606 1470 mili-

185 1504 226 1538 15
250 1503 841 1545 TIAMQUAESTOREMSUUM
1031 1503 1145 1547 tiam,
1186 1504 1435 1552 quaestorem
1473 1511 1589 1538 suum

251 1570 853 1612 C.T1<ORANIUMEXQUOP.RE
1031 1570 1076 1608 G.
1087 1568 1343 1612 Thoranium,
1363 1580 1411 1607 ex
1428 1579 1507 1618 quo
1523 1578 1637 1618 prae-

191 1633 201 1636 ’
249 1638 908 1675 SENTEUERAFACILLIMENOS
1029 1641 1139 1677 sente
1175 1648 1267 1676 vera
1294 1634 1477 1674 facillime
1506 1646 1598 1673 nos-

249 1705 900 1740 CERENTUMMISERANTETTA
1030 1709 1235 1748 cerentur,
1274 1704 1455 1747 miserat,
1485 1706 1524 1741 et
1551 1706 1609 1740 ta-

249 1772 774 1813 MENINTERIMQUOMUO
1029 1783 1121 1811 men
1151 1772 1308 1810 interim
1339 1783 1429 1810 c-um
1461 1782 1525 1808 vo-

180 1842 225 1874 20
249 1840 916 1880 LENTIB·NUMEROQUATTU0R
1028 1838 1211 1882 lentibus,
1244 1849 1410 1876 numero
1441 1840 1624 1889 quattuor

226 1932 260 1964 2.
285 1932 383 1965 nitor
408 1942 493 1964 aere
517 1931 758 1973 Kreyssiyius,
790 1931 854 1963 hoc
878 1931 1001 1962 dictum
1020 1930 1133 1970 fuisse
1156 1938 1317 1961 censens:
1339 1927 1499 1969 fuyitivos
1523 1927 1639 1967 inopia

109 1979 203 2020 ferri
216 1978 322 2010 hastis
337 1980 391 2010 vel
411 1979 488 2009 telis
510 1979 581 2008 suis
604 1986 686 2008 aere
710 1977 852 2008 nitorem
876 1976 1063 2007 addidisse.
1112 1974 1190 2017 igni
1206 1977 1344 2005 torrere
1362 1972 1527 2009 Kritzz'us,
1552 1972 1638 2004 hunc

113 2033 300 2057 connexum
320 2022 430 2063 fuisse
452 2026 624 2054 statuens.-
655 2020 858 2063 Spartacus
891 2030 953 2053 eos
985 2020 1046 2062 qui
1077 2020 1176 2050 insta
1207 2028 1308 2050 arma
1339 2028 1412 2049 non
1442 2017 1637 2054 haberent,

113 2069 221 2101 iussit
244 2068 353 2100 sudes
376 2067 456 2110 igni
479 2070 632 2106 torrere,
658 2066 790 2108 quibus
816 2068 887 2098 cet.
935 2065 1029 2097 Illud
1051 2066 1304 2105 apertis-sumum
1328 2067 1396 2100 est,
1423 2063 1492 2094 dici
1514 2063 1556 2094 de
1580 2064 1640 2093 teli

111 2123 238 2157 ,qenere
267 2124 289 2145 a
315 2113 469 2157 fuqitivis
498 2113 547 2144 ad
574 2112 653 2144 belli
681 2121 773 2143 usum
803 2112 988 2152 adparato-
1036 2110 1098 2142 Set
1118 2110 1324 2151 prudentiae
1348 2112 1442 2140 certe
1461 2107 1530 2148 fuit
1553 2109 1638 2138 talia

113 2169 210 2191 arma
238 2168 387 2201 parare,
421 2168 506 2201 quae
537 2161 571 2189 et
600 2157 760 2188 militaria
787 2157 985 2188 viderentur
1015 2159 1049 2187 et
1079 2165 1170 2186 usum
1191 2153 1420 2196 praeberent,·
1450 2163 1526 2184 nam
1551 2163 1636 2194 quae

113 2214 280 2236 armorum
302 2204 448 2245 speciem
470 2213 537 2235 non
559 2202 700 2242 habent,
734 2206 785 2234 eis
812 2202 925 2234 hostes
955 2211 1020 2233 non
1044 2204 1229 2232 terrentur.
1280 2198 1352 2237 Qua
1375 2208 1414 2229 re
1438 2201 1643 2229 sententiam·

113 2249 252 2282 membri
272 2250 408 2281 relativi
435 2258 502 2280 non
527 2257 622 2290 quem
641 2248 689 2279 ad
709 2248 837 2279 modum
860 2246 1017 2278 Kritzz'us
1040 2245 1228 2278 arbitratus
1252 2248 1323 2279 est..-
1355 2243 1486 2285 quibus
1511 2253 1635 2284 quam-

115 2304 225 2337 quam
255 2293 418 2337 speciem
446 2292 545 2325 bello
575 2292 828 2324 neeessariam
858 2301 931 2324 non
961 2291 1167 2329 habebant,
1194 2292 1320 2321 tamen
1339 2289 1447 2329 fuis-se
1478 2288 1635 2329 adparet,

101 2343 171 2382 *set*
188 2340 275 2372 hanc
296 2340 430 2381 potius:
456 2337 586 2380 quibus
609 2340 869 2380 praeterquam
894 2336 989 2379 quod
1013 2336 1172 2378 spec-iem
1195 2335 1231 2366 b.
1250 2345 1284 2365 n.
1311 2333 1515 2369 habebant,
1547 2332 1638 2364 haut

115 2394 222 2417 secus
240 2387 310 2416 cet.
352 2383 425 2416 Nec
439 2385 545 2415 minus
568 2386 695 2415 certum
717 2383 852 2414 videtur
873 2382 967 2414 sudis
990 2381 1060 2422 iym'
1081 2385 1206 2417 tostas,
1238 2381 1305 2411 nisi
1327 2379 1467 2420 cuspide
1493 2378 1635 2420 quadam

111 2430 205 2471 ferri
226 2433 284 2461 aut
307 2429 433 2461 metalli
452 2429 598 2473 speciem
619 2427 806 2469 praebente
831 2431 1016 2459 instructae
1040 2429 1167 2462 essent,
1194 2435 1300 2467 neque
1316 2426 1461 2465 speciem
1477 2423 1562 2455 bello
1580 2433 1636 2453 ne-

114 2477 299 2507 cessariam
317 2473 519 2516 praebuisse
543 2483 649 2515 neque
673 2474 722 2504 eis
744 2472 826 2504 baut
847 2474 947 2504 multo
971 2481 1070 2504 secus
1094 2481 1190 2513 quam
1210 2470 1311 2511 ferro
1336 2469 1453 2500 noceri
1473 2470 1634 2509 potuisse.

114 2520 176 2552 Ad
191 2529 277 2563 quae
299 2529 371 2552 cum
387 2519 543 2555 ade-edat,
570 2518 661 2560 quod
681 2517 858 2550 membrum
871 2517 1054 2554 relativum,
1081 2519 1205 2559 quippe
1228 2515 1407 2546 indicativo
1425 2522 1634 2554 ecc-pressum,

114 2566 163 2597 ad
183 2563 359 2609 memb-rum
377 2565 513 2604 finitum·
528 2565 635 2605 magis
658 2573 754 2606 quam
777 2573 800 2594 a
814 2562 916 2595 verbo
936 2562 1092 2604 pendens
1107 2562 1240 2593 videtur
1255 2561 1477 2600 spectavisse,
1504 2557 1635 2597 Kreys-

113 2611 194 2650 siyii
213 2612 382 2641 sententia
410 2609 487 2641 mihi
517 2609 648 2651 quidem
677 2618 744 2640 non
767 2610 871 2640 minus
899 2607 1187 2639 conmendationis
1209 2604 1334 2636 habere
1357 2603 1507 2638 videtur,
1539 2611 1636 2643 quam

114 2654 254 2688 Kritzii.
279 2672 323 2676 —
356 2653 408 2685 ll.
441 2655 654 2687 iuverentur
683 2655 874 2685 notandum.
907 2670 952 2675 —
984 2651 1037 2683 12.
1070 2649 1289 2684 deeuntibus
1319 2658 1367 2679 εει·
1398 2645 1635 2678 redeuntibus

114 2699 323 2742 com-aptum.
355 2715 401 2721 —-
434 2697 486 2730 18.
517 2701 774 2730 noscerentum
797 2698 975 2730 miserant
1005 2696 1138 2729 librarii
1169 2703 1308 2726 errores
1332 2702 1406 2724 esse
1427 2691 1533 2731 facile
1552 2700 1635 2732 per-

113 2746 274 2786 spicitur,
304 2747 358 2776 set
387 2743 563 2776 obscurum
592 2747 644 2775 est
668 2744 716 2775 ad
737 2753 820 2786 quos
850 2743 888 2775 G.
919 2742 1108 2774 Tkorcmius
1129 2741 1248 2771 missus
1267 2737 1387 2777 fuerit.
1434 2736 1495 2768 Ad
1516 2736 1636 2768 milites

115 2800 163 2822 ex
187 2790 274 2832 fuya
296 2790 472 2831 dispersos
495 2788 656 2821 credibile
687 2799 753 2821 non
777 2792 839 2820 est.
889 2787 1013 2826 Quidni
1034 2795 1116 2826 erqo
1141 2785 1189 2815 ad
1210 2782 1322 2814 urbem
1344 2785 1539 2818 statuamus,
1563 2791 1636 2813 cum

111 2835 216 2875 facile
239 2835 420 2876 adpareat,
442 2834 621 2876 praesidia
642 2835 773 2865 maiora
801 2833 973 2865 Varinium
1001 2824 1215 2872 postulasse?
1263 2825 1398 2866 Quare
1419 2829 1452 2858 si
1471 2828 1572 2858 liceat
1587 2827 1637 2857 Ia-

115 2890 231 2911 cunam
245 2883 407 2915 statuere.
423 2879 635 2911 scribundum
651 2878 845 2910 existumem
861 2878 1070 2914 noscerent,
1089 2873 1134 2905 ad
1151 2875 1320 2904 senatum
1336 2872 1500 2905 miserat.
1519 2888 1560 2894 —
1582 2869 1634 2902 19.

117 2934 225 2966 quom
248 2928 369 2966 aperte
391 2934 457 2965 pro
482 2933 564 2964 eum
585 2925 759 2964 scriptum.
