1826 3282
533 239 831 267 fflsrommvu
862 240 946 267 nm.
979 239 1022 266 iv
1052 231 1214 269 36-39.
1563 222 1640 265 105

117 342 159 373 ut
181 341 324 373 stolidus
349 340 396 372 sit
429 341 490 383 qui
521 340 766 384 intellegundi
792 340 971 372 facultate
998 343 1144 378 careat,
1175 350 1280 373 vanus
1306 339 1366 382 qui
1390 338 1544 372 levitate
1571 348 1641 380 quo

117 385 235 418 minus
274 388 378 418 recta
412 397 455 418 ac
487 397 577 418 vera
609 388 784 428 sequatur
814 385 1070 427 prohibeatur,
1109 385 1273 418 videmus
1306 383 1518 417 Sallustium
1550 393 1640 416 sane

117 430 285 462 dubitare
310 430 482 473 potuisse,
508 434 629 464 utrum
652 430 790 462 rectius
809 430 877 462 Gn.
897 430 1054 462 Lentulo
1071 430 1264 472 obprobrio
1289 430 1449 469 daretur,
1476 429 1537 471 qui
1561 437 1641 461 cum

117 475 162 507 de
187 475 295 507 rebus
312 476 488 508 maxumis
513 479 551 508 et
575 475 826 519 gravissumis,
852 475 896 506 de
916 475 1086 508 tollendis
1105 475 1230 507 Sullae
1246 474 1436 514 institutis,
1455 476 1642 517 ageretur,

118 521 200 563 lege
226 521 271 553 de
296 531 347 559 re,
375 531 468 562 quae
493 522 568 553 iam
593 523 743 553 senatus
770 520 946 552 consultis
965 521 1138 552 confecta
1156 523 1248 558 erat,
1274 519 1540 562 promulganda
1566 518 1641 562 glo-

117 565 208 597 riam
235 565 490 608 quaesivisset.
532 565 703 598 Ceterum
729 565 794 605 eis,
822 575 914 607 quae
940 565 984 597 de
1002 569 1165 608 tempore
1182 565 1278 608 legis
1294 565 1396 598 latae
1421 565 1520 597 dicta
1545 566 1640 603 sunt,

117 611 208 642 satis
233 610 441 643 defenditur
463 610 584 651 locus,
612 621 682 653 quo
705 610 775 642 hoc
801 610 846 642 fr.
871 611 988 652 posui.

230 699 283 740 36
312 699 392 753 [Kr.
413 705 469 739 61.
501 703 540 739 G.
563 699 640 754 73].
698 701 931 740 Sestertium
961 701 1094 740 tricies
1122 701 1270 752 pepigit
1299 713 1319 739 a
1349 702 1394 741 G.
1422 701 1575 740 Pisone.

229 779 335 811 Arus.
361 790 396 822 p.
423 779 487 811 251
521 790 601 812 cum
630 780 805 812 lemmate
832 782 995 821 paciscor
1022 779 1066 811 ‘ab
1097 782 1153 812 illo
1184 781 1272 811 illam
1302 790 1384 812 rem.
1432 779 1552 812 Alium
1577 779 1644 811 illa

118 827 241 857 aetate
276 824 318 857 G.
352 825 525 857 Pisonem
556 835 630 857 non
660 825 846 863 novimus,
881 834 989 866 quam
1022 825 1084 867 qui
1116 835 1212 857 anuo
1243 824 1286 856 67
1319 835 1400 857 cum
1430 826 1490 857 Μ’.
1523 824 1644 857 Acilio

118 869 317 902 Glabrione
343 880 417 902 cos.
444 870 515 902 fuit
540 869 680 910 (Drum.
706 871 742 902 11
766 881 801 912 p.
827 869 990 910 92—95).
1039 871 1132 902 Eum
1164 870 1312 912 saepius
1336 870 1373 902 in
1399 870 1557 902 ambitus
1583 879 1639 901 su·

116 915 272 957 spitione
298 915 413 947 fuisse
439 916 591 955 scimus,
619 918 659 947 at
684 916 764 958 quis
789 918 899 957 atque
924 915 1011 957 quid
1037 915 1084 947 ab
1102 925 1145 947 eo
1162 915 1347 957 pepigerit
1370 925 1517 958 prorsus
1541 915 1643 957 igno-

116 962 229 992 ratur.
279 960 343 992 Set
366 960 668 1003 utflconiecturae
689 960 891 1003 periculum
917 960 1066 999 faciam,
1092 970 1172 992 cum
1197 971 1275 992 rem
1299 964 1448 1002 pactam
1471 970 1643 1003 magnam

118 1008 155 1037 et
180 1005 341 1047 amplam
365 1005 480 1038 fuisse
507 1005 699 1048 adpareat,
726 1005 785 1038 vel
801 1016 881 1037 cum
909 1016 942 1037 a.
968 1004 1012 1037 67
1036 1005 1153 1038 latum
1179 1009 1291 1044 esset,
1316 1009 1356 1037 ut
1382 1005 1490 1037 alteri
1515 1015 1643 1038 cousu-

117 1050 190 1082 lum
220 1050 359 1082 Pontus
392 1054 430 1083 et
459 1051 637 1092 Bithynia
667 1051 882 1094 provinciae
914 1051 1200 1083 decernerentur
1231 1050 1414 1091 (Momms.
1446 1051 1494 1083 H.
1519 1051 1563 1083 R.
1590 1051 1643 1083 111

117 1106 151 1137 p.
177 1094 222 1126 98
246 1105 299 1137 sq.
327 1096 452 1127 Drum.
478 1096 530 1128 IV
548 1107 582 1138 p.
605 1095 695 1137 159),
721 1097 783 1128 Μ’.
810 1095 968 1128 Acilium
993 1096 1040 1128 ab
1067 1096 1110 1129 G.
1138 1096 1284 1135 Pisone,
1309 1099 1350 1127 ut
1374 1096 1444 1127 sibi
1470 1107 1534 1128 eas
1560 1107 1644 1128 con-

118 1140 277 1179 cederet,
305 1141 490 1183 pepigisse
517 1141 694 1184 suspicor,
719 1141 780 1174 vel
805 1140 1010 1181 Lucullum,
1036 1141 1097 1183 qui
1122 1142 1164 1173 L.
1191 1141 1402 1180 Quinctium
1419 1142 1578 1183 pecunia
1596 1141 1643 1173 ab

117 1185 173 1216 sui
197 1185 466 1218 obtrectatione
491 1186 676 1219 dimovere
702 1186 902 1226 studuerit,
930 1187 1041 1218 etiam
1068 1197 1090 1218 a
1117 1186 1159 1219 G.
1186 1186 1321 1218 Pisone
1347 1197 1392 1218 ne
1418 1186 1491 1218 sibi
1517 1197 1644 1218 succe-

117 1230 264 1262 deretur
289 1231 475 1274 pepigisse
501 1230 553 1272 (V
576 1230 638 1272 8),
669 1235 727 1263 set
751 1231 857 1264 simul
884 1231 980 1273 apud
1003 1231 1110 1264 Arus.
1135 1231 1174 1262 in
1200 1241 1348 1263 numero
1373 1231 1459 1263 libri
1485 1235 1643 1263 erratum

117 1278 154 1306 et
170 1276 435 1308 restituendum
449 1287 530 1308 esse
542 1277 585 1309 V.
611 1276 722 1309 Certe
739 1286 910 1309 numerus
926 1277 1122 1309 mutandus
1140 1280 1207 1316 est,
1228 1277 1338 1308 etiam
1352 1277 1383 1308 si
1402 1276 1514 1308 aliam
1531 1276 1646 1319 suspi-

120 1320 253 1353 tionem
280 1321 485 1363 probemus.
527 1322 629 1354 Haut
655 1322 850 1354 absurdum
877 1322 972 1354 enim
998 1325 1055 1354 est
1080 1325 1283 1360 autumare,
1312 1322 1354 1354 G.
1374 1322 1542 1354 Pisonem
1563 1332 1644 1354 cum

116 1365 272 1398 dilectus
304 1377 326 1398 a
351 1367 526 1409 Pompeio
551 1367 744 1400 advorsum
777 1367 983 1409 praedones
1019 1367 1232 1399 maritumos
1264 1367 1453 1399 habendos
1477 1367 1643 1409 inpedire

116 1414 311 1443 conaretur
335 1410 513 1452 (Momms.
539 1412 597 1444 ΙΠ
619 1423 654 1455 p.
682 1411 773 1453 108),
799 1412 835 1444 id
862 1414 1078 1455 conruptum
1105 1412 1151 1444 ab
1178 1414 1226 1444 M.
1245 1412 1379 1444 Crasso
1404 1412 1464 1445 vel
1491 1412 1564 1444 alio
1581 1412 1643 1444 ho-

106 1455 210 1488 ·mine
235 1456 351 1489 nobili
375 1457 522 1490 fecisse.

227 1534 281 1574 37
315 1535 395 1588 [Kr.
418 1541 474 1574 51.
506 1539 546 1575 G.
568 1536 646 1589 82].
696 1538 822 1589 Atque
852 1537 971 1577 hiavit
1000 1537 1144 1577 humus
1172 1537 1314 1581 multa,
1346 1541 1451 1576 vasta
1485 1541 1523 1576 et
1552 1548 1644 1587 pro-

115 1603 246 1651 funda.

227 1682 318 1714 Non.
346 1694 380 1725 p.
407 1682 491 1714 218:
520 1684 631 1715 Hiare
648 1687 701 1715 est
716 1684 861 1725 aperiri.
903 1683 1082 1716 Sallustius
1101 1685 1332 1716 Historiarum
1349 1683 1404 1715 lib.
1424 1683 1509 1715 1111.
1544 1683 1645 1715 Scite

115 1727 278 1759 Kritzius
296 1727 343 1759 ad
361 1731 482 1760 terrae
507 1732 643 1760 motum
667 1728 828 1767 rettulit,
855 1739 922 1770 quo
949 1740 982 1761 a.
1010 1728 1050 1760 71
1077 1729 1137 1761 vel
1155 1727 1199 1760 70
1214 1729 1331 1761 Roma
1355 1728 1442 1760 urbs
1467 1738 1647 1760 concussa

115 1776 171 1804 est
196 1774 291 1804 teste
316 1772 520 1815 Phlegonte
547 1784 605 1815 ap.
632 1773 737 1806 Phot.
763 1785 798 1816 p.
825 1772 870 1805 84
895 1784 928 1805 a.
1420 1771 1427 1777 ⁶

228 1860 314 1901 *38
347 1862 426 1915 [Kr.
449 1867 505 1901 46.
538 1866 577 1901 G.
603 1861 681 1917 5l].
703 1862 707 1866 ’
729 1863 839 1903 Serv.
872 1864 921 1903 ad
948 1863 1062 1914 Verg.
1093 1865 1189 1903 Aen.
1220 1863 1287 1903 Vll
1312 1864 1416 1903 604:
1447 1866 1645 1903 lacrima-

114 1930 190 1970 bile
211 1931 376 1976 bellarm
407 1931 596 1970 Getarum
613 1932 712 1980 sera
728 1943 826 1980 qens
843 1933 961 1971 eliam
988 1933 1103 1981 apud
1124 1934 1294 1985 maiores
1313 1931 1408 1980 fuit.
1449 1932 1550 1971 Nam
1569 1933 1649 1982 ipsi

113 2004 204 2037 sunt
233 1998 365 2048 Mysii‚
396 2010 494 2047 quos
513 1999 726 2038 Sallustius
753 2011 779 2037 a
800 2000 966 2038 Lucullo
997 2001 1095 2038 dicit
1120 2011 1203 2038 esse
1231 2004 1452 2050 superatos,
1487 2011 1533 2038 ex
1559 2000 1646 2051 qui-

115 2065 190 2106 hus
228 2065 357 2105 verbis
394 2066 573 2117 profecto
609 2066 706 2106 nihil
741 2066 845 2106 aliud
876 2067 1002 2106 conici
1033 2071 1184 2118 potest,
1219 2079 1335 2118 quam
1375 2066 1423 2105 ab
1463 2066 1645 2106 Sallustio

115 2138 317 2174 narratum
348 2133 467 2173 fuisse
500 2133 649 2174 bellum
678 2134 728 2174 ab
756 2134 805 2174 M.
837 2134 1022 2174 Terentio
1052 2134 1228 2174 Varrone
1263 2133 1426 2174 Lucullo
1457 2134 1647 2173 advorsus

115 2200 242 2253 Mysos
263 2192 505 2252 Europaeos
539 2203 604 2254 qui
636 2207 770 2253 postea
802 2203 899 2243 Masi
922 2203 1111 2243 nominati
1142 2207 1252 2248 sunt,
1279 2206 1453 2252 gestum,
1481 2202 1531 2242 de
1560 2203 1645 2254 qui·
1677 2219 1679 2221 ·

116 2268 189 2307 bus
219 2281 254 2308 a.
286 2269 334 2307 71
370 2269 623 2320 triumphavit
653 2269 873 2320 (D1·um.lV
903 2283 942 2322 p.
969 2271 1047 2310 177
1069 2282 1125 2324 sq.
1164 2270 1338 2309 Fischer.
1362 2270 1439 2309 tab.
1467 2282 1504 2322 p.
1528 2270 1645 2322 204>;

114 2335 186 2375 cfr.
229 2335 327 2387 App.
364 2336 421 2376 nl.
456 2336 508 2375 29
547 2349 585 2387 p.
629 2338 702 2377 441
747 2342 845 2378 extr.
891 2337 1003 2377 Oros.
1033 2337 1084 2376 vl
1112 2337 1149 2376 3.
1205 2337 1368 2390 Eutrop.
1400 2337 1449 2377 vl
1488 2339 1537 2378 10
1579 2336 1644 2390 (8).

115 2403 194 2442 Liv.
223 2403 294 2454 Ep.
326 2403 472 2443 xcvu.

229 2503 314 2543 *39
347 2504 428 2557 [Kr.
445 2511 501 2543 47.
534 2508 573 2544 G.
596 2508 664 2545 inc.
689 2505 766 2559 55].
819 2507 915 2546 Cum
945 2507 1100 2547 Probus
1129 2519 1167 2559 p.
1201 2507 1278 2546 110
1304 2509 1525 2559 scripserit:
1559 2506 1646 2557 (ω’,

114 2572 193 2610 kae
225 2583 377 2621 quoque
405 2574 560 2623 syllaba
590 2576 742 2613 nullum
765 2586 903 2614 nomen
934 2578 1100 2626 repperi
1129 2577 1394 2625 terminatum,
1425 2577 1505 2614 nisi
1526 2587 1646 2614 unum

114 2640 314 2679 barbarae
342 2643 525 2692 civitatis,
553 2643 694 2680 lectum
724 2644 763 2681 in
790 2643 1001 2682 Sallustio:
1039 2643 1052 2664 ‘
1063 2644 1206 2690 Vizzo,
1248 2641 1464 2686 Vizzonis',
1495 2654 1647 2681 summa

116 2718 205 2746 cum
236 2708 318 2746 veri
338 2709 468 2759 specie
488 2709 560 2748 viri
581 2709 684 2748 docti
710 2722 902 2749 censuere
932 2710 1098 2749 eandem
1119 2722 1204 2748 eam
1224 2709 1366 2747 urbem
1392 2709 1522 2754 fuisse,
1548 2721 1648 2760 quae

116 2785 177 2824 ap.
203 2773 291 2814 ΑΠ’.
322 2777 447 2826 perip.
477 2775 525 2814 13
547 2776 695 2824 Βίζος,
724 2789 785 2828 ap.
816 2776 945 2816 Strab.
978 2777 992 2815 1
1020 2789 1057 2827 p.
1082 2777 1148 2820 76,
1178 2777 1230 2815 25
1257 2782 1296 2814 et
1323 2775 1390 2814 Vll
1414 2787 1452 2826 p.
1475 2776 1570 2820 438,
1593 2776 1648 2816 30

116 2836 301 2893 Βιζώνη,
333 2854 394 2893 ap.
426 2843 535 2882 Eutr.
567 2843 615 2882 VI
653 2844 700 2882 10
732 2843 798 2896 (8),
831 2845 897 2895 qui
927 2855 1012 2882 eam
1038 2843 1086 2881 ab
1112 2842 1160 2880 M.
1187 2842 1349 2882 Lucullo
1381 2847 1534 2894 captam
1566 2856 1648 2884 mc-

117 2909 264 2947 moriae
295 2910 478 2958 prodidit,
511 2915 703 2961 conrupte
734 2911 968 2948 Burze‘aone
997 2914 1168 2950 vocatur.
