1852 3294
838 242 967 269 mnnx
1575 221 1656 261 245

140 346 203 388 54,
223 345 246 378 4
263 343 475 389 (magnum).
517 343 626 377 alicui
653 345 868 385 extorquere
895 342 922 374 C
947 341 1009 383 39,
1028 343 1060 375 4.
1102 352 1145 374 ex
1165 340 1288 384 parvis
1313 338 1442 383 opibus
1466 339 1608 370 tantum
1630 336 1653 368 i.

140 392 264 426 fecere
284 391 311 424 C
329 391 390 430 51,
408 391 463 423 42.
504 389 716 432 legitumum
740 388 876 420 habere
901 387 928 420 C
952 387 992 428 6,
1010 387 1044 420 6.
1085 387 1182 419 domi
1206 385 1431 427 militiaeque
1454 390 1614 415 summum
1630 382 1652 414 i.

141 437 277 470 habere
297 436 324 469 C
341 435 396 478 29,
415 435 448 477 3,
490 434 682 468 consulare
699 434 836 466 Romae
854 433 1036 466 habuerat
1053 433 1080 465 C
1098 432 1153 471 55,
1171 430 1204 464 6.
1238 430 1429 463 Numidiae
1446 428 1655 461 habiturum

139 483 164 515 J
181 481 236 523 65,
256 481 287 515 3.
329 482 353 514 i.
373 499 413 505 —
432 485 576 524 raptum
593 479 730 513 habere
747 479 783 510 H
799 479 849 510 IV
866 477 920 519 61,
943 478 994 511 17.
1036 479 1058 510 i.
1078 478 1274 510 observare
1293 476 1316 508 J
1332 474 1389 514 80,
1406 474 1439 506 2.
1480 476 1606 516 petere
1625 472 1652 505 C

139 527 194 567 33,
212 528 245 560 4.
269 528 294 560 J
314 526 365 568 18,
384 526 405 560 3
423 525 535 569 (sibi).
562 524 617 566 20,
637 525 657 557 7
675 523 911 566 (Numidiae).
937 523 992 563 85,
1015 523 1029 555 l
1050 523 1087 564 (a
1104 522 1233 564 vobis).
1275 521 1366 554 nihil
1384 521 1491 552 abest
1508 519 1554 551 ad
1571 518 1654 550 sub-

138 572 550 615 vortunduminperium
566 571 602 603 H
618 570 637 603 1
652 569 709 610 48,
726 568 759 601 8.
794 570 824 601 si
842 578 1000 600 summum
1017 569 1040 601 i.
1058 568 1177 601 —vile
1194 567 1312 600 habeo
1329 567 1365 598 H
1382 566 1418 598 11
1434 564 1488 604 41,
1503 563 1534 597 3.
1570 574 1652 596 con-

139 622 198 651 tra
221 619 245 650 i.
272 618 309 650 in
333 617 473 650 hostem
496 619 752 660 pugnaverant
777 614 804 646 C
829 613 867 654 9,
887 615 918 646 4.
944 614 998 654 52,
1018 613 1073 647 30.
1115 624 1181 656 per
1195 613 1265 645 hoc
1282 620 1441 644 summum
1457 610 1547 642 satis
1565 609 1654 642 mihi

139 663 341 707 quaesitum
364 663 399 694 H
422 663 439 695 Ι
462 662 524 703 41,
543 660 598 693 26.
639 660 704 693 sub
729 660 752 692 i.
780 670 882 692 suum
907 670 1060 702 coegere
1082 659 1106 691 J
1133 657 1189 696 18,
1213 657 1264 689 12.
1311 657 1440 697 inperio
1466 659 1595 688 exutus
1617 655 1653 686 H

137 710 153 742 I
169 709 224 747 41,
247 708 299 740 11.
339 708 448 740 nimis
465 707 624 751 gaudere
640 707 665 739 J
681 704 743 746 64,
761 706 793 738 5.
834 705 1026 737 Numidiae
1042 704 1153 747 potiri
1167 705 1191 736 J
1207 702 1246 742 8,
1267 702 1296 735 l.
1322 712 1469 745 ‘magno
1493 700 1653 744 praediti

138 754 165 786 C
183 753 237 793 51,
260 753 310 785 12.
351 764 469 795 neque
487 752 646 784 moribus
662 762 780 793 neque
804 751 947 793 legibus
970 761 1087 792 neque
1111 750 1135 781 i.
1161 749 1374 791 cuiusquam
1392 747 1615 789 regebantur
1629 746 1653 779 J

139 798 190 839 18,
210 799 240 832 2.
285 799 396 831 animi
412 799 436 830 i.
455 798 590 830 utimur
607 796 634 829 C
655 796 684 837 l,
702 797 734 829 2.
775 797 945 828 iniuriam
964 796 1086 828 facere
1105 794 1142 826 id
1160 797 1257 826 esset
1273 793 1414 836 inperio
1430 793 1483 824 uti
1501 791 1527 824 C
1548 791 1600 832 12,
1618 791 1650 823 5.

135 855 194 877 res
206 845 368 877 Romana
385 843 587 886 plurumum
601 842 741 885 inperio
754 841 915 874 valuitH
931 842 947 873 I
964 840 995 873 8.
1027 840 1117 873 nihil
1133 839 1284 872 consilio
1299 849 1417 881 neque
1431 838 1573 880 inperio
1591 837 1653 879 agi

134 890 159 923 J
175 889 230 929 51,
254 889 281 921 1.
322 889 465 922 laxiore
488 889 515 920 i.
539 888 674 920 milites
696 887 833 919 habere
857 887 881 920 J
905 885 962 927 64,
981 887 1012 919 5.
1053 886 1128 918 levi
1144 885 1376 917 habebantur
1392 884 1414 916 J
1432 882 1487 922 89,
1505 883 1537 914 4.
1579 893 1652 914 mo-

135 935 238 968 desto
261 935 285 967 J
307 934 370 974 92,
388 935 420 966 2.
462 933 602 966 modico
627 936 664 965 et
687 932 856 974 diligenti
882 931 940 973 (al.
961 930 1135 974 eleganti)
1162 932 1184 962 i.
1210 940 1384 973 percarus
1409 929 1479 960 fuit
1501 928 1537 960 H
1560 927 1573 959 i
1595 926 1650 960 79.

134 980 368 1023 prudentiore
392 983 429 1012 ct
452 980 569 1011 minus
595 978 694 1011 avidi
718 975 751 1009 i?
767 978 987 1010 continenda
1011 977 1046 1008 H
1069 977 1104 1008 11
1127 975 1182 1008 39.
1223 986 1280 1008 res
1298 986 1332 1017 p.
1351 975 1492 1017 pariter
1509 984 1552 1006 ac
1571 983 1651 1006 sae-

134 1027 293 1059 vissumo
311 1026 335 1057 i.
353 1026 447 1058 bene
466 1028 573 1067 gesta
588 1024 612 1057 J
631 1023 705 1063 100,
724 1023 756 1055 5.
797 1022 924 1055 servili
939 1023 1012 1065 inp.
1032 1022 1175 1065 plebem
1194 1031 1364 1053 exercere
1382 1020 1417 1051 H
1433 1020 1450 1051 1
1465 1018 1498 1051 9.
1531 1018 1650 1052 soluto

134 1072 157 1102 i.
174 1072 198 1103 J
215 1070 269 1111 39,
288 1071 320 1102 4.
363 1074 569 1112 contempto
586 1070 609 1100 i.
628 1072 750 1101 vostro
768 1068 791 1100 J
811 1067 861 1108 14,
880 1069 912 1100 2.
955 1067 1105 1110 indigna
1123 1069 1145 1099 i.
1165 1067 1328 1099 Romano
1344 1066 1380 1098 H
1396 1065 1433 1097 11
1449 1064 1504 1104 23,
1523 1064 1556 1097 5.
1597 1065 1650 1096 di-

133 1117 295 1149 iunctum
315 1116 360 1148 ab
378 1116 401 1148 i.
418 1126 540 1147 eorum
553 1115 649 1146 HIV
663 1113 717 1154 61,
733 1114 760 1145 1.
794 1113 920 1156 procul
938 1113 983 1145 ab
1001 1115 1024 1145 i.
1043 1113 1140 1155 regis
1159 1116 1320 1144 aetatem
1337 1111 1500 1153 agebant
1514 1110 1538 1142 J
1552 1108 1605 1151 78,
1615 1110 1648 1142 4.

133 1173 198 1204 pro
223 1161 371 1194 consule
390 1171 470 1193 cum
487 1160 627 1203 inperio
644 1160 680 1191 H
696 1160 714 1192 1
730 1158 792 1198 48,
808 1159 839 1191 7.
881 1159 925 1190 de
945 1158 1230 1191 administrando
1253 1156 1394 1199 inperio
1417 1156 1441 1188 J
1461 1155 1499 1187 ll
1512 1181 1520 1194 ,
1539 1155 1570 1187 5.
1611 1156 1649 1187 in

133 1217 300 1240 maxumo
317 1207 340 1239 i.
359 1216 564 1238 maxumam
581 1205 734 1248 gloriam
748 1208 876 1247 putare
887 1204 914 1236 C
926 1204 958 1243 2,
968 1203 1001 1235 2.
1031 1214 1076 1236 ea
1089 1204 1127 1235 in
1140 1203 1214 1246 inp.
1231 1201 1428 1235 crudelitas
1442 1200 1651 1244 adpellatur

134 1252 161 1285 C
186 1252 248 1290 51,
269 1251 320 1284 14.
361 1252 399 1284 in
421 1252 494 1294 inp.
520 1254 642 1284 vostro
666 1249 760 1282 nihil
783 1249 901 1281 minus
926 1251 1182 1291 expectantem
1203 1248 1228 1280 J
1254 1247 1312 1287 14,
1334 1246 1384 1278 11.
1426 1247 1464 1278 in
1487 1246 1511 1278 i.
1530 1247 1609 1278 nati
1625 1246 1650 1278 J

132 1297 188 1336 31,
211 1297 260 1330 11.
302 1300 473 1339 quantum
490 1296 664 1339 temporis
681 1296 718 1327 in
734 1295 757 1327 i.
776 1295 847 1326 fuit
861 1295 886 1327 J
901 1294 955 1334 44,
975 1295 1009 1326 4.
1050 1293 1118 1326 soli
1137 1293 1175 1325 in
1191 1293 1214 1324 i.
1236 1303 1347 1336 agere
1363 1292 1399 1323 H
1415 1293 1434 1324 Ι
1450 1291 1484 1324 9.
1525 1291 1594 1323 tuti
1611 1291 1648 1323 in

131 1343 155 1375 i.
176 1344 278 1375 eritis
294 1343 329 1375 H
346 1343 364 1375 I
380 1342 419 1374 41
434 1367 442 1383 ,
466 1341 516 1375 17.
556 1351 621 1384 pro
644 1341 668 1373 i.
695 1343 837 1373 certare
861 1340 886 1372 J
902 1339 964 1379 94,
983 1340 1018 1372 5.
1058 1349 1174 1382 genus
1193 1339 1272 1371 sine
1290 1338 1392 1380 lege,
1411 1337 1490 1369 sine
1507 1336 1648 1379 inperio

133 1389 160 1421 C
178 1387 212 1429 6,
236 1388 261 1420 l.
287 1390 330 1420 al.
347 1389 371 1421 J
387 1386 443 1427 66,
461 1387 493 1420 3.
534 1406 576 1410 —-
596 1404 633 1408 —
652 1386 800 1418 habitus
816 1386 840 1417 J
856 1385 919 1425 44,
942 1384 970 1417 1.
1011 1385 1075 1417 sub
1094 1385 1116 1416 i.
1135 1384 1316 1427 Micipsae
1334 1383 1482 1415 fuerant
1498 1382 1522 1414 J
1542 1381 1594 1421 13,
1617 1381 1646 1414 1.

131 1434 368 1476 magistratus
394 1435 431 1465 et
451 1432 582 1473 inperia
596 1432 619 1465 J
636 1431 676 1473 3,
697 1431 712 1463 1
737 1433 822 1464 conl.
850 1431 895 1463 ad
918 1431 1063 1473 inperia
1087 1432 1124 1462 et
1148 1429 1302 1462 honores
1326 1429 1489 1460 nituntur
1510 1428 1536 1460 J
1558 1428 1596 1464 4,
1615 1427 1646 1460 7.

133 1480 323 1512 advorsum
342 1489 446 1521 quem
463 1488 581 1520 neque
598 1477 743 1520 inperia
760 1477 1039 1519 magistratuum
1056 1485 1175 1518 neque
1193 1475 1296 1518 leges
1313 1473 1480 1507 valerent
1498 1473 1522 1505 J
1539 1473 1593 1513 77,
1617 1472 1645 1504 1.

133 1534 254 1557 annua
282 1524 415 1564 inperia
442 1523 513 1556 sibi
546 1523 670 1556 fecere
695 1521 722 1554 C
747 1521 784 1562 6,
810 1522 842 1554 7.
890 1525 1020 1565 gerant
1049 1521 1248 1563 habeantq.
1279 1531 1342 1552 suo
1374 1519 1477 1551 modo
1508 1518 1589 1550 —ia
1612 1518 1648 1550 H

129 1567 254 1609 mm,
276 1568 326 1601 18.
368 1579 502 1612 magna
520 1568 706 1600 consulum
723 1568 806 1599 —ia
822 1570 904 1599 rata
923 1566 1070 1599 efficitis
1086 1567 1122 1598 H
1139 1567 1193 1599 III
1209 1564 1250 1598 61
1262 1591 1270 1604 ,
1294 1563 1345 1598 16.
1386 1565 1459 1597 vim
1477 1567 1647 1597 cunctam

131 1619 204 1658 atq.
226 1616 307 1648 —ia
323 1625 390 1647 sua
408 1632 447 1638 —
462 1615 501 1646 in
513 1624 576 1647 vos
591 1616 805 1646 convortere
822 1612 965 1653 (tribuni
977 1611 1103 1654 plebei)
1120 1612 1154 1644 H
1167 1612 1222 1644 ΙΙΙ
1234 1610 1332 1651 61,5.
1366 1628 1401 1633 -
1418 1610 1497 1642 eius
1510 1609 1647 1642 iniusta

132 1660 295 1693 crudelia
312 1678 350 1683 -—
371 1660 448 1703 pati
466 1659 493 1692 C
515 1658 565 1700 19,
585 1660 617 1690 4.
658 1659 822 1701 perferre
840 1658 1063 1690 dominorum
1079 1658 1103 1690 J
1120 1656 1159 1690 31
1172 1682 1180 1694 ‚
1203 1656 1253 1688 11.
1295 1656 1409 1688 multa
1433 1665 1548 1688 saeva
1566 1655 1647 1687 -ia

130 1715 322 1749 perpessos
341 1704 367 1737 C
390 1703 441 1744 19,
459 1705 490 1737 5.
516 1705 554 1736 in
569 1704 818 1744 legationibus
836 1707 897 1735 aut
912 1703 1051 1743 inperiis
1067 1703 1091 1734 J
1110 1701 1164 1742 40,
1188 1702 1216 1734 1.
1470 1707 1473 1709 ’

174 1752 291 1792 inpuro
314 1750 453 1783 maiora
471 1750 544 1785 alia
562 1749 589 1782 C
612 1748 662 1790 16,
671 1749 703 1780 2.
737 1749 955 1781 frumentum
971 1749 996 1781 J
1012 1747 1098 1789 29,4
1115 1750 1201 1780 conl.
1220 1745 1275 1787 29,
1286 1745 1320 1779 6.
1345 1746 1443 1786 625.
1477 1746 1582 1789 leges
1600 1756 1645 1778 ex

131 1796 293 1828 lubidine
309 1795 566 1838 inperanturH
581 1793 660 1833 Ι48,
673 1794 725 1826 17.
752 1794 897 1836 inperat
910 1796 950 1824 ut
960 1793 1052 1832 045,
1067 1793 1094 1825 1.
1123 1794 1278 1835 inperat,
1290 1792 1525 1824 insidiatores
1538 1794 1646 1834 paret

129 1842 153 1875 J
169 1841 223 1882 35,
242 1841 275 1873 4.
301 1841 355 1881 75,
374 1841 407 1873 5.
447 1840 584 1883 legatis
600 1840 664 1872 ubi
681 1840 795 1882 quisq.
816 1842 961 1871 curaret
979 1839 1003 1871 J
1019 1839 1074 1879 57,
1093 1839 1124 1871 2.
1165 1838 1350 1880 inperavit
1372 1838 1590 1869 frumentum
1610 1839 1646 1868 et

131 1887 206 1919 alia
224 1905 266 1910 -—
284 1889 499 1929 conportare
514 1886 538 1919 J
555 1885 614 1925 47,
634 1885 666 1917 2.
707 1885 805 1917 omni
820 1884 1014 1916 Numidiae
1032 1894 1140 1916 —are
1158 1883 1266 1926 parat
1281 1883 1306 1915 J
1326 1882 1383 1923 13,
1402 1882 1434 1914 2.
1475 1883 1645 1925 inperata

129 1933 255 1965 facere
271 1932 295 1964 J
310 1930 372 1971 62,
392 1931 423 1964 3.
449 1931 512 1971 77,
531 1930 552 1964 3
575 1933 659 1963 conl.
685 1930 709 1963 J
725 1929 781 1969 46,
799 1929 832 1962 5.
861 1928 942 1970 100,
962 1930 993 1961 4.
1035 1929 1082 1961 ad
1107 1929 1283 1960 —andum
1300 1928 1476 1960 Tisidium
1494 1930 1647 1960 vocatur

128 1979 153 2010 J
176 1977 238 2018 62,
261 1976 294 2010 8.
343 1977 452 2010 sicuti
483 1976 721 2019 inperabatur
750 1975 952 2008 consistunt
973 1975 998 2007 J
1020 1973 1082 2015 53,
1109 1974 1137 2006 1.
1185 1974 1321 2013 Marius
1348 1984 1454 2006 —are
1478 1973 1644 2006 omnibus

130 2023 356 2056 conturbatis
372 2033 443 2055 non
467 2024 612 2065 poterat
627 2022 651 2054 J
666 2020 728 2061 98,
749 2021 779 2052 l.
820 2021 931 2053 Didio
954 2020 1147 2062 inperante
1170 2020 1206 2051 H
1230 2020 1247 2051 I
1270 2019 1324 2052 55.
1367 2018 1504 2052 servire
1527 2019 1644 2062 magis

130 2079 235 2111 quam
253 2079 360 2146 —Sare
378 2068 500 2111 parati
518 2068 606 2100 estis
624 2067 651 2100 C
669 2065 732 2107 20,
753 2066 805 2098 17.
846 2067 884 2098 in
907 2069 1054 2108 gentem
1070 2075 1273 2108 nomenque
1293 2065 1476 2098 —antium
1494 2075 1644 2097 conces-

128 2124 209 2147 sere
225 2114 250 2146 J
267 2113 282 2146 l
318 2139 326 2155 ,
345 2113 396 2145 12.
1643 2141 1646 2144 ⁴

172 2160 314 2200 inpetro.
342 2158 406 2191 ubi
424 2169 468 2191 ea
484 2159 670 2201 inpetrata
686 2158 710 2190 J
726 2157 786 2198 77,
805 2156 836 2190 3.
881 2157 995 2189 —atis
1020 2157 1186 2190 omnibus
1203 2156 1227 2189 J
1246 2155 1328 2197 104,
1347 2154 1380 2188 3.
1422 2156 1454 2188 si
1472 2155 1519 2188 ad
1532 2166 1643 2188 —an-

129 2204 212 2237 dum
228 2204 321 2236 nihil
339 2214 492 2237 caussae
509 2204 684 2236 haberem
699 2203 724 2235 J
739 2203 770 2243 4,
790 2203 822 2235 7.

172 2251 305 2290 inpetus
322 2249 362 2282 fit
379 2250 417 2281 in
434 2260 509 2282 rem
526 2261 559 2292 p.
578 2249 605 2281 C
623 2249 678 2289 52,
695 2248 750 2281 23.
787 2259 887 2280 —um
907 2249 1032 2287 facere
1049 2249 1088 2280 in
1105 2249 1244 2280 curiam
1258 2246 1284 2279 C
1299 2246 1396 2287 43‚3.
1430 2265 1472 2270 -—
1489 2248 1643 2290 primum

129 2296 267 2328 Sertori
284 2295 440 2327 sustinui
457 2295 492 2326 H
508 2295 543 2327 H
559 2293 620 2335 96,
638 2294 670 2326 5.
713 2294 839 2336 inpetu
864 2294 990 2326 crebro
1014 2294 1086 2326 iter
1108 2304 1211 2326 suum
1227 2296 1473 2326 remoraturos
1489 2293 1513 2325 J
1529 2291 1589 2334 50,
1613 2292 1640 2324 1.

128 2341 320 2373 multitudo
336 2340 499 2373 terrebat
516 2351 596 2372 eum
614 2350 726 2382 saepe
743 2340 871 2381 inpetu
887 2340 912 2372 J
928 2338 982 2378 34,
1004 2339 1034 2372 1.

172 2387 327 2426 inpietat-
359 2386 454 2426 —tis
467 2386 505 2417 in
521 2388 711 2428 parentem
728 2388 887 2417 nostrum
904 2395 1040 2428 poenas
1056 2386 1080 2418 J
1099 2384 1150 2425 14,
1168 2383 1224 2416 21.

171 2431 314 2472 inpiger.
343 2431 449 2463 homo
474 2431 497 2463 i.
523 2431 700 2463 factiosus
721 2430 745 2463 J
764 2430 821 2470 15,
841 2431 872 2463 4.
907 2431 995 2463 duos
1019 2441 1184 2463 maxume
1202 2430 1303 2462 i-os
1326 2429 1465 2471 delegit
1487 2429 1511 2461 J
1528 2427 1587 2468 23,
1606 2430 1638 2461 2.

129 2487 213 2508 —ro
232 2482 304 2518 atq.
322 2477 398 2508 acri
414 2477 563 2519 ingenio
578 2476 603 2508 J
619 2476 652 2516 7,
670 2476 703 2507 4.
743 2486 876 2508 morem
892 2477 1059 2519 inpigrae
1077 2476 1240 2518 linguae,
1261 2475 1375 2507 animi
1392 2475 1519 2517 ignavi
1536 2475 1571 2506 H
1587 2475 1642 2506 111

128 2520 183 2559 61,
206 2521 257 2554 14.
275 2533 321 2549 =
337 2522 481 2564 inpigre
499 2522 620 2554 occiso
637 2521 759 2564 pedite
778 2524 901 2554 nostro
917 2522 941 2554 J
961 2521 1034 2559 101,
1050 2520 1082 2554 6.
1117 2521 1206 2553 haut
1223 2521 1248 2553 i.
1263 2519 1642 2563 pzcaynanspcciditur

127 2568 163 2599 H
180 2567 194 2599 i
209 2566 264 2599 29.
305 2567 328 2599 i.
346 2567 615 2610 prudenterque
643 2577 735 2599 —res
754 2584 790 2589 -
811 2567 1010 2600 adtendere
1025 2567 1049 2599 J
1065 2566 1120 2607 88,
1138 2567 1170 2598 2.

170 2613 291 2653 inpius.
321 2613 360 2645 in
382 2612 589 2645 hominibus
612 2612 724 2655 inpiis
748 2612 899 2646 sceleris
923 2612 1029 2645 obliti
1054 2612 1097 2644 de
1122 2622 1240 2654 poena
1263 2611 1448 2643 disserunt
1466 2609 1493 2642 C
1510 2609 1564 2648 51,
1583 2609 1639 2641 25.

127 2658 266 2701 inpium
283 2658 428 2690 facinus
443 2658 467 2690 J
487 2657 544 2699 14,
562 2657 616 2691 21.
657 2668 785 2690 manus
802 2669 892 2690 —ae
909 2658 933 2690 J
954 2657 1009 2698 14,
1031 2657 1082 2690 14.
1107 2657 1168 2696 24,
1192 2655 1242 2688 10.
1283 2655 1454 2688 simulato
1471 2655 1571 2698 inpio
1588 2658 1642 2687 te·

128 2707 308 2736 stamento
325 2703 359 2735 H
375 2704 424 2735 IV
440 2702 494 2743 61,
513 2702 546 2738 8.
784 2729 788 2734 .

170 2749 292 2788 inploo.
320 2748 460 2781 harena
476 2759 540 2781 ora
557 2748 716 2791 oculosq.
735 2748 853 2791 inplet
867 2749 891 2780 J
907 2747 961 2786 79,
980 2747 1013 2780 6.

154 2794 304 2834 ·inplieo.
337 2805 443 2826 —are
461 2798 534 2837 atq.
551 2794 765 2837 perturbare
783 2795 903 2826 aciem
918 2794 942 2825 J
957 2792 1013 2833 59,
1031 2791 1062 2825 3.
1106 2794 1234 2823 —atae
1251 2794 1350 2824 rates
1368 2791 1404 2823 H
1420 2791 1471 2824 IV
1485 2790 1518 2824 9.

127 2883 150 2916 d
171 2839 312 2916 1111»ιέῐέ
340 2839 560 2882 nequiquam
584 2840 671 2872 deos
695 2839 722 2872 C
740 2839 800 2879 52,
819 2838 874 2871 29.
915 2848 998 2877 vos,
1024 2840 1148 2880 patres
1168 2847 1198 2869 c.
1216 2837 1240 2869 J
1258 2836 1316 2877 14,
1339 2835 1391 2869 16.
1434 2837 1570 2869 frustra
1587 2837 1641 2870 iu—

151 2883 226 2916 icia
311 2885 344 2922 2,
362 2885 394 2916 4.

172 2929 368 2969 impollutus.
401 2940 493 2972 quae
512 2930 636 2963 divina
653 2929 832 2973 inpolluta
850 2928 956 2961 sunt?
979 2927 1014 2960 H
1031 2928 1049 2960 1
1065 2926 1120 2969 41,
1142 2926 1193 2960 ll.
