1826 3282
229 247 285 296 ,54
662 253 961 282 111sron1ARvM
992 237 1075 279 Lie.
1108 254 1140 279 11
1170 246 1344 282 62-66,

235 361 349 397 esset,
383 356 494 388 facile
519 355 597 386 fieri
622 354 753 396 potuit,
786 356 826 385 ut
850 358 926 385 erut
952 353 997 385 ab
1021 352 1183 385 librariis
1210 353 1434 392 adiceretur,
1467 352 1574 394 idque
1600 350 1692 383 adeo
1711 350 1754 382 in

236 415 316 436 eum
343 402 502 433 codicem
526 399 721 439 transiret,
755 399 815 440 qui
845 409 970 431 veram
1002 398 1219 440 scripturam
1250 397 1422 430 servavit.
1471 397 1538 429 His
1564 406 1775 438 &gumen-⁷

235 449 282 479 tis
307 447 436 478 ductus
463 444 639 476 audacius
664 444 784 476 locum
809 443 1070 475 restituendum
1104 443 1240 475 censui.
1298 441 1540 484 Cogitandum
1563 441 1607 474 de
1632 441 1754 473 militi-

235 493 301 524 bus
326 492 363 521 in
389 489 567 531 angustiis
591 489 645 521 ita
670 488 894 531 conpressis,
926 491 967 520 ut
998 489 1122 531 capita
1154 488 1267 520 scutis
1298 490 1425 530 tegere
1449 497 1521 520 non
1545 488 1695 529 possent
1719 488 1756 519 et

237 537 283 568 ab
311 535 461 567 editiore
486 533 565 566 loco
592 534 774 576 capitibus
801 533 1070 576 adfligerentur.

329 612 405 653 .62
439 612 518 665 [Kr.
542 617 597 650 71.
630 615 668 651 G.
691 612 767 665 49].
829 612 929 651 Suos
959 613 1107 663 equites
1132 611 1310 651 hortatus
1339 611 1437 651 vado
1466 585 1692 650 transmisit.

350 691 454 723 Arus.
481 702 514 733 p.
541 690 606 723 265
631 701 659 723 s.
686 702 719 723 v.
746 694 936 741 transmitto
961 693 1019 728 illa
1042 701 1092 723 re.

353 769 404 810 63
436 769 515 822 [Kr.
541 776 596 808 72.
626 773 664 808 G.
691 769 768 823 7l].
833 770 916 809 Ictu
946 782 1103 814 eorum,
1137 770 1203 821 qui
1232 758 1273 808 in
1305 769 1450 809 flumen
1482 767 1661 813 ruebant,
1692 770 1760 807 ne-

240 838 440 878 cabantur.

352 917 487 948 Donat.
516 916 562 948 ad
587 917 670 948 Ter.
696 915 762 947 Ad.
790 916 846 947 III
870 916 903 956 2,
929 915 989 947 21:
1018 916 1150 948 ‘Ruere'
1176 919 1316 947 activam
1331 900 1401 947 ‘vim
1424 913 1537 947 habet.
1583 913 1763 948 Sallustius

240 964 274 994 in
298 963 466 994 secundo.-
491 961 566 993 ictu
585 971 719 999 eorum,
747 961 862 1002 quiin
879 961 1025 993 flumine
1048 961 1215 1000 ruebant,
1242 960 1483 992 necabantur.
1526 959 1660 992 ‘Ruere’
1678 961 1764 992 enim

241 1011 291 1039 est
316 1011 385 1039 toto
411 1017 557 1047 corpore
582 1008 630 1037 uti
654 1007 700 1037 ad
722 1007 968 1047 impellendum,
1003 1007 1092 1048 quod
1118 1006 1249 1046 faciunt
1282 1007 1339 1048 qui
1359 1005 1427 1047 ipsi
1445 1006 1656 1046 praecipites
1680 1007 1764 1037 alios
1824 1015 1826 1020 ·

239 1055 472 1094 prosternunt
521 1051 653 1082 Kritzii
678 1051 863 1082 sententia
889 1061 1032 1083 errasse
1058 1050 1334 1093 grammaticum
1360 1053 1396 1082 et
1419 1060 1520 1082 ruere
1544 1049 1705 1082 neutrali
1727 1049 1765 1083 vi
1819 1070 1826 1078 .

182 1130 184 1132 ,
243 1107 336 1135 esse,
362 1099 557 1138 propterea
581 1095 668 1127 mihi
693 1106 764 1128 non
787 1096 978 1147 probat-ur,
1006 1096 1091 1138 quia
1112 1106 1188 1129 :non
1211 1095 1393 1137 percipio,
1421 1105 1488 1136 quo
1513 1095 1617 1134 modo
1643 1094 1703 1136 qui
1726 1094 1766 1126 in

243 1121 387 1173 flumine
413 1151 484 1173 non
510 1144 622 1180 stent,
656 1143 713 1172 set
745 1142 826 1172 cffm
857 1141 893 1173 vi
917 1141 1119 1183 procedant
1149 1140 1208 1173 vel
1232 1151 1365 1183 magno
1390 1140 1516 1182 inpetu
1541 1141 1765 1182 grassentur,

243 1187 320 1218 ictu
345 1197 408 1218 suo
431 1179 527 1218 alios
551 1196 685 1217 necare
711 1185 783 1217 dici
807 1186 960 1227 possint.
1010 1186 1101 1218 Utut
1126 1188 1192 1224 est,
1218 1187 1252 1216 in
1266 1185 1397 1237 [lamiae
1422 1184 1511 1216 ferri
1535 1195 1607 1216 non
1631 1187 1768 1226 potest,

247 1235 304 1264 set
321 1231 524 1274 requiritur
547 1234 579 1262 in
594 1231 724 1272 flumen.
766 1230 860 1262 Illud
879 1230 1025 1262 dubium
1045 1234 1112 1270 est,
1132 1233 1252 1261 utrum
1269 1230 1344 1261 ictu
1363 1240 1485 1262 eorum
1503 1229 1563 1271 qui
1579 1229 1618 1260 in
1634 1229 1767 1261 flumen

245 1287 349 1308 ruere
376 1275 607 1307 conabantur
630 1293 668 1297 —
700 1285 744 1307 ea
769 1276 864 1306 enim
891 1279 946 1307 est
962 1275 1158 1317 inperfecti
1182 1275 1255 1314 vis,
1281 1292 1325 1297 ———
1357 1274 1420 1306 alii
1450 1274 1575 1306 necati
1609 1284 1689 1306 esse
1715 1274 1767 1305 di-

247 1324 387 1360 cantur,
416 1331 463 1352 an
489 1330 622 1359 eorum,
649 1320 673 1352 i.
702 1330 733 1352 e.
759 1320 798 1351 in
821 1320 1130 1362 praecedentibus
1156 1317 1345 1358 dictorum,
1371 1319 1448 1351 ictu
1472 1319 1538 1358 illi,
1566 1319 1626 1360 qui
1649 1319 1688 1350 in
1704 1318 1768 1350 flu-

245 1376 328 1397 men
353 1375 457 1397 ruere
485 1365 723 1397 conabantur.
775 1365 871 1404 Quid
888 1375 991 1397 ruere
1010 1365 1227 1404 studuerint,
1254 1365 1349 1396 omni
1367 1374 1463 1396 nexu
1480 1363 1637 1404 sublato,
1662 1374 1768 1396 nemo

247 1410 438 1443 divinabit.

363 1488 413 1526 64
445 1488 524 1541 [Kr.
548 1492 604 1526 73.
636 1490 674 1526 G.
703 1487 779 1540 47].
842 1488 977 1539 Neque
1019 1490 1191 1527 inermos
1229 1501 1275 1527 ex
1310 1487 1460 1539 proelio
1500 1488 1604 1527 viros
1634 1500 1769 1540 quem·

249 1554 366 1606 quam
395 1559 644 1605 agnoturum.

360 1634 475 1666 Prisc.
494 1635 526 1665 X
543 1646 578 1678 p.
598 1634 662 1666 511
689 1634 752 1666 ubi
776 1634 821 1666 de
847 1636 993 1676 agnitum
1019 1634 1126 1665 dixit:
1153 1633 1332 1666 Sallustius
1356 1638 1465 1666 tamen
1488 1635 1666 1668 secundum
1690 1646 1772 1667 ana-

247 1681 371 1720 logiam
399 1680 432 1710 in
463 1679 500 1710 II
530 1680 764 1712 hislovmiarum
802 1689 920 1721 neque
955 1697 998 1701 --
1032 1681 1259 1721 agnoturum.
1315 1689 1361 1711 ex
1389 1680 1523 1720 praelio
1554 1681 1697 1712 inerme-s·
1727 1680 1769 1712 G.

246 1727 392 1756 inermos
417 1723 474 1765 (in
499 1725 632 1756 inermis
659 1735 756 1756 conr.
769 1723 780 1765 )
813 1724 843 1755 R
884 1723 939 1765 (in
971 1722 1151 1765 inermes)
1176 1724 1223 1783 H.
1272 1724 1439 1756 inhermos
1462 1724 1505 1756 B.
1553 1727 1696 1757 inermes
1726 1725 1769 1756 L.

248 1786 292 1791 —-·
325 1768 424 1801 Serv.
454 1769 499 1800 ad
524 1769 632 1811 Verg.
658 1769 748 1800 Aen.
773 1769 823 1800 IV
847 1767 908 1800 ⁹3:
933 1770 1150 1810 participium
1176 1768 1364 1810 ‘'‚aynotus
1391 1779 1455 1801 non
1482 1771 1649 1811 ‘agnitu-3&
1697 1769 1773 1802 Sal-

249 1815 387 1845 lustius:
404 1824 487 1845 nec
519 1814 676 1845 inermos
709 1824 753 1846 ex
785 1813 923 1856 praelio
957 1823 1161 1855 quenquam
1194 1816 1422 1855 agnoturum.
1470 1813 1586 1846 Recte
1611 1814 1773 1846 Kritzius

252 1869 296 1890 ex
314 1858 563 1890 cohortatione
589 1859 691 1890 ducis
716 1859 830 1891 verba
848 1862 992 1901 sumpta
1006 1858 1148 1890 censuit
1173 1861 1210 1890 et
1225 1858 1322 1890 hanc
1349 1868 1428 1890 esse
1447 1854 1685 1891 sententiam:
1713 1859 1774 1902 qui

249 1903 406 1935 inermes
433 1914 475 1935 ex
500 1903 638 1945 proelio
663 1903 836 1943 redirent,
865 1913 927 1936 eos
953 1904 998 1936 ab
1025 1903 1168 1935 nemine
1194 1913 1258 1945 pro
1283 1903 1371 1936 viris
1395 1903 1559 1935 habitum
1582 1904 1639 1935 iri.

365 1993 418 2032 65
446 1992 524 2045 [Kr.
542 1998 597 2030 74.
628 1995 666 2030 G.
683 1972 764 2044 88].
811 1992 948 2032 Omnia
973 1994 1143 2032 sauciata
1164 2004 1329 2044 corpora
1360 1995 1396 2032 in
1422 1994 1514 2032 ratis
1540 1994 1771 2045 inposuisse.

362 2071 467 2103 Arus.
486 2082 520 2113 p.
540 2070 606 2103 239
630 2082 657 2102 s.
676 2082 710 2103 v.
736 2072 891 2112 imposuit
915 2073 949 2103 in
973 2073 1061 2103 illam
1085 2082 1165 2103 rem.
1213 2071 1363 2104 Minoris
1387 2072 1560 2104 momenti
1586 2074 1654 2112 est,
1681 2072 1774 2114 quod

252 2116 331 2148 cod.
357 2116 448 2147 Maii
471 2119 588 2153 ratem,
617 2116 684 2147 Gu.
711 2120 805 2147 rates
831 2115 996 2155 exhibet,
1031 2125 1249 2157 quamquam
1278 2116 1323 2148 de
1355 2127 1400 2148 ea
1425 2117 1675 2159 discrepantia
1696 2120 1774 2150 tum

252 2161 393 2192 demum
420 2160 554 2191 certius
579 2160 734 2191 iudicari
766 2163 909 2202 posset,
943 2160 973 2192 si
1006 2171 1074 2202 quo
1106 2161 1210 2192 modo
1242 2161 1343 2193 locus
1374 2161 1645 2204 intellegendus
1676 2165 1775 2195 esset

252 2207 450 2236 constaret.
500 2204 564 2236 Set
587 2207 740 2246 uterque
767 2205 843 2237 cod.
870 2210 1011 2237 saerata
1034 2215 1184 2247 corpora
1207 2206 1374 2247 praebet.
1417 2207 1519 2246 Quae
1537 2207 1699 2239 Kritzius
1715 2217 1773 2240 sa-

253 2249 430 2288 cerdotes,
457 2249 640 2281 hominum
665 2249 743 2282 deis
776 2253 1002 2282 sacratorum
1035 2261 1186 2292 corpora
1218 2261 1298 2282 esse
1325 2252 1483 2291 censuit,
1517 2254 1556 2284 at
1579 2251 1714 2284 vellem
1737 2251 1776 2284 id

254 2294 418 2335 exemplo
445 2304 489 2325 ex
513 2294 713 2326 vetustiore
747 2298 783 2326 et
815 2290 1042 2337 elegantiore
1075 2295 1252 2337 scriptore
1278 2295 1539 2329 confirmasset.
1587 2296 1668 2338 Ego
1693 2306 1775 2329 cum

251 2343 391 2370 sacrata
415 2349 565 2390 carpor-a
589 2340 733 2371 omnino
760 2339 936 2382 explicari
953 2350 1024 2372 non
1041 2350 1147 2382 posse
1166 2350 1362 2380 censerem,
1391 2341 1486 2382 quod
1508 2341 1597 2374 mihi
1615 2341 1775 2384 aliquam

252 2384 331 2416 veri
355 2383 514 2425 speciem
538 2384 714 2425 praebere
740 2385 946 2438 videbatur,
971 2386 1126 2417 sauciata
1149 2386 1412 2422 restituendum
1436 2386 1533 2418 duxi.

318 2494 322 2497 .
367 2460 420 2501 66
454 2461 533 2513 [Kr.
559 2467 614 2499 75.
648 2464 686 2500 G.
710 2462 786 2514 86].
846 2463 979 2502 P11mo
1009 2464 1049 2502 in
1081 2464 1183 2503 diem
1214 2463 1344 2503 cibum
1375 2465 1578 2504 fortuitum
1606 2476 1678 2516 per
1704 2477 1775 2504 no-

255 2533 355 2567 ctem
384 2529 422 2567 in
452 2528 660 2583 lenunculo
688 2530 885 2580 piscando,

365 2607 457 2639 Non.
512 2605 627 2639 3.66·
653 2607 866 2642 Lenuneulus
890 2611 1053 2650 naviqium
1064 2610 1296 2650 piscatorium.
1338 2609 1517 2642 Sallustius
1534 2610 1626 2642 Hist.
1645 2609 1772 2643 lib.11.

254 2651 368 2693 primo
399 2618 528 2683 indicit
561 2649 706 2693 [inducit
732 2651 828 2684 1480.
863 2654 897 2684 in
928 2654 1014 2685 diem
1044 2654 1159 2695 princ.
1170 2651 1183 2696 ]
1218 2654 1311 2686 forte
1336 2665 1402 2696 per
1428 2654 1538 2694 [forte
1562 2665 1667 2696 super
1689 2654 1757 2688 Αδ-
1761 2653 1773 2698 ]

253 2699 400 2728 noctem
428 2696 467 2727 in
497 2695 692 2728 lenunculo
720 2697 909 2739 piscandis
942 2665 1118 2739 [piscantis
1150 2698 1230 2730 edd.
1264 2702 1380 2740 praet.
1406 2697 1548 2741 princ..]
1599 2699 1774 2742 Cupidine

254 2740 342 2772 mihi
365 2740 434 2772 hoc
458 2740 537 2773 loco
562 2741 632 2774 viri
656 2741 754 2774 docti
779 2742 981 2784 adripuisse
998 2743 1166 2775 videntur
1182 2743 1351 2788 Mercerii
1369 2744 1633 2776 coniecturam:
1659 2745 1774 2778 Primo

254 2786 372 2817 incidit
381 2786 485 2826 forte
509 2796 574 2827 per
597 2790 726 2818 noctem
748 2789 783 2818 in
807 2789 977 2819 lenunculo
1000 2789 1182 2829 piscantis,
1210 2797 1316 2829 quam
1340 2788 1419 2830 ipse
1444 2783 1606 2820 Kritzius
1631 2789 1770 2831 specio-

256 2840 334 2861 sam
360 2830 516 2871 quidem,
543 2833 599 2862 set
625 2831 670 2863 ad
693 2830 814 2863 locum
840 2832 1103 2874 expediundum
1129 2842 1256 2874 parum
1281 2832 1506 2865 fructuosam
1524 2843 1605 2865 esse
1624 2843 1773 2866 conces-

256 2874 312 2904 sit.
353 2874 415 2905 Set
440 2875 708 2907 consideremus
733 2876 890 2918 singula.
939 2877 988 2909 Ut
1014 2877 1059 2908 ab
1084 2877 1219 2909 ultumo
1245 2877 1376 2916 ordiar,
1399 2879 1567 2919 piscantis
1584 2887 1653 2919 quo
1670 2878 1773 2911 modo

255 2918 292 2949 in
313 2920 506 2959 piscandis
515 2920 700 2970 conrumpi
724 2921 900 2963 potuerit,
934 2920 1085 2954 difficile
1113 2925 1169 2960 est
1193 2922 1311 2963 dictu,
1339 2925 1437 2954 certe
1460 2924 1627 2964 piscando
1653 2933 1772 2973 eJnen-
