1838 3288
208 224 285 267 114
680 231 979 262 msromAnvM
1010 232 1093 260 Lm.
1125 232 1169 263 1v
1199 225 1255 264 61.

194 329 268 377 ¹rat
288 348 454 386 regnum
478 334 752 374 Ariobarzanis
777 332 881 372 bello
901 334 1111 373 intactum:
1141 346 1214 385 ego
1238 334 1354 374 vastis
1375 334 1523 374 circum
1545 334 1726 375 omnibus

207 405 303 443 loeis
332 405 371 441 in
391 402 615 440 Armeniam
647 401 843 440 concessi:
873 402 1073 453 secutique
1096 402 1281 447 Romani,
1309 413 1388 441 non
1407 414 1471 442 me
1490 407 1547 442 set
1576 414 1727 442 morem

209 483 323 510 suum
364 469 493 507 omnia
538 478 660 517 regna
702 467 977 516 subvortundi‚
1027 470 1116 520 quia
1163 468 1449 509 multitudinem
1495 470 1589 508 artis
1633 469 1728 509 loeis

209 548 339 588 pugna
367 535 626 586 prohibuere,
655 535 944 588 inprudentiam
970 525 1248 587 Tigranispro
1278 537 1435 576 victoria
1464 541 1670 576 ostentant.

181 621 196 645 5
322 603 435 642 Nunc
466 614 611 654 quaeso
643 603 868 647 considera,
907 603 1021 642 nobis
1051 604 1249 654 obpressis
1286 608 1419 643 utrum
1447 603 1660 643 firmiorem
1692 608 1730 643 te

210 671 257 710 ad
289 670 554 709 resistundum
585 682 633 709 an
669 670 787 710 finem
818 669 909 709 belli
945 671 1121 710 futurum
1151 672 1288 721 putes?
1326 671 1415 717 Scio
1453 671 1634 723 equidem
1661 670 1732 711 tibi

210 749 374 788 magnas
412 749 507 788 opes
535 737 730 782 virorum,
772 749 974 777 armorum
1011 742 1049 776 et
1085 738 1170 777 auri
1202 750 1306 778 esse:
1347 743 1386 778 et
1423 750 1467 778 ea
1492 750 1535 777 re
1566 751 1588 777 a
1618 737 1732 777 nobis

211 806 258 844 ad
294 806 538 849 societatem,
589 804 636 843 ab
674 803 748 843 illis
784 805 831 844 ad
867 805 1053 855 praedam
1094 806 1251 855 peteris.
1313 806 1496 845 Ceterum
1528 805 1732 845 eonsilium

212 877 288 918 est,
315 873 496 922 Tigranis
526 883 651 922 regno
675 873 848 922 integro,
874 873 971 911 meis
998 871 1186 911 militibus
1211 871 1303 911 belli
1331 872 1610 923 prudentibus,
1638 885 1730 925 pro-

168 954 199 980 10
214 940 275 979 oul
306 940 354 979 ab
382 940 499 979 domo
531 939 668 991 [parvo
698 939 852 992 labore]
884 951 954 990 per
991 944 1122 978 nostra
1152 951 1319 992 corpora
1347 939 1494 979 bellum
1525 940 1730 986 conficere,

214 1019 291 1060 quo
322 1019 450 1058 neque
482 1007 633 1046 vincere
668 1018 796 1058 neque
826 1007 926 1046 vinci
962 1007 1045 1046 sine
1081 1011 1149 1046 tuo
1185 1006 1359 1058 periculo
1391 1019 1611 1058 possumus.
1673 1007 1732 1046 An

212 1076 371 1125 ignoras
391 1074 601 1120 Romanos,
632 1079 840 1126 postquam
859 1074 907 1112 ad
932 1075 1174 1114 occidentem
1198 1074 1454 1125 pergentibus
1473 1075 1589 1115 finem
1612 1074 1733 1114 Ocea-

214 1153 289 1181 nus
330 1141 442 1187 seeit,
484 1153 592 1180 arma
635 1141 714 1180 huc
757 1142 1022 1181 convertisse?
1063 1153 1192 1192 neque
1235 1142 1445 1192 quicquam
1482 1155 1503 1181 a
1542 1141 1734 1193 principio

215 1209 289 1248 nisi
316 1211 355 1247 vi
376 1212 533 1261 partum
556 1208 724 1254 habere,
756 1209 915 1248 domum
946 1209 1153 1259 coniuges,
1196 1219 1311 1258 agros
1340 1209 1558 1260 inperium?
1593 1220 1733 1248 conve-

187 1288 287 1317 5nas
316 1275 407 1315 olim
438 1276 522 1315 sine
548 1276 671 1327 patria
700 1276 945 1327 parentibus,
982 1288 1071 1316 cum
1108 1280 1217 1328 peste
1258 1275 1435 1316 conditos
1473 1276 1581 1315 orbis
1608 1267 1734 1316 terra-

329 1387 362 1420 6.
388 1387 530 1420 Charis.
555 1399 590 1430 p.
619 1386 698 1420 196:
720 1388 879 1420 'Ceterum
903 1387 1082 1421 Sallustius
1111 1389 1328 1421 historiarum
1354 1388 1442 1421 1111:
1468 1388 1544 1421 scio
1569 1387 1735 1430 equidem

216 1433 284 1465 tibi
308 1443 461 1475 magnas
487 1443 575 1475 opes
599 1433 757 1465 virorum
783 1443 961 1465 armorum
987 1436 1023 1465 et
1049 1434 1128 1465 auri
1152 1443 1250 1474 esse,
1286 1436 1322 1466 et
1355 1444 1400 1466 ea
1424 1444 1462 1466 re
1489 1433 1534 1465 ab
1559 1433 1664 1465 nobis
1690 1432 1737 1465 ad

217 1478 443 1518 societatem,
471 1478 516 1510 ab
541 1477 615 1510 illis
641 1478 687 1510 ad
711 1479 886 1520 praedam
909 1478 1047 1520 peteris
1074 1480 1228 1520 [petieris
1244 1478 1314 1517 N.].
1358 1478 1527 1511 Ceterum
1546 1477 1736 1510 consilium

219 1527 275 1555 est
299 1523 471 1565 Tigranis
495 1533 607 1565 regno
632 1523 775 1565 integro
800 1523 890 1555 meis
915 1523 1093 1555 militibus
1110 1523 1200 1555 belli
1223 1523 1462 1566 prudentibus
1487 1522 1614 1565 procul
1632 1522 1736 1555 domo

218 1578 284 1610 per
307 1570 432 1600 nostra
457 1577 609 1610 corpora
633 1567 769 1599 bellum
795 1567 986 1608 conficere,
1012 1568 1068 1600 ubi
1089 1569 1226 1610 Asper:
1259 1570 1414 1600 ‘ceterum
1439 1579 1502 1611 quo
1525 1569 1623 1600 modo
1645 1568 1738 1609 posi-

218 1618 284 1644 tum
308 1614 384 1645 est?
406 1623 471 1654 pro
497 1614 666 1655 alioquin?
690 1614 838 1656 alioquin
862 1615 1032 1645 consilium
1057 1618 1106 1645 est
1114 1625 1126 1651 ;
1150 1624 1194 1645 an
1215 1623 1282 1655 pro
1305 1615 1452 1652 relicum,
1477 1617 1513 1645 ut
1534 1615 1579 1645 sit
1595 1614 1737 1645 nomen?

217 1659 354 1690 relicum
376 1658 545 1690 consitium
569 1662 630 1690 est.

312 1702 364 1734 15.
398 1702 498 1735 Serv.
525 1702 582 1734 ad.
608 1703 718 1745 Verg.
745 1702 786 1735 A.
812 1703 882 1735 VII
906 1702 989 1735 303:
1017 1703 1247 1735 ‘Condantur'
1274 1713 1355 1745 eryo
1381 1703 1494 1736 sedem
1515 1702 1667 1735 stabilem
1689 1704 1737 1734 lo—

218 1752 307 1780 cant.
349 1747 547 1779 Sallustius:
579 1751 684 1789 parte
711 1748 766 1786 [V.
796 1747 917 1780 Guelf.
944 1748 972 1779 Ι.
998 1748 1037 1780 II
1063 1753 1204 1789 pestem.
1238 1749 1281 1780 L.
1300 1749 1344 1781 R.
1362 1748 1449 1782 Vos,
1474 1747 1664 1792 Lipssper
1687 1746 1735 1790 te]

221 1793 385 1825 conditor
411 1790 544 1834 [Guelf.
570 1793 606 1824 11
629 1794 795 1831 conditos]
822 1792 919 1825 orbis
943 1795 1134 1825 terrarum.

219 1915 252 1948 8.
278 1917 462 1959 Postquam
487 1916 706 1948 Mithridates
730 1915 858 1948 Arsaci
873 1917 1043 1958 exposuit,
1068 1920 1215 1958 propter
1237 1926 1320 1958 opes
1337 1919 1408 1949 eius
1423 1926 1460 1948 se
1485 1917 1572 1948 illius
1594 1918 1737 1948 societa-

219 1966 284 1993 tem
307 1972 393 1993 nunc
415 1965 550 2003 petere,
583 1961 749 1993 Romanos
773 1961 961 2002 diripiundi
991 1962 1078 1993 illius
1101 1964 1200 2003 reym'
1221 1962 1362 2002 cupidos
1386 1970 1476 1998 esse,
1507 1961 1637 1992 omissis
1659 1961 1738 1992 reti-

219 2008 291 2038 cuis
315 2006 461 2038 breviter
478 2006 558 2048 quid
567 2007 765 2046 firmissume
782 2008 1016 2038 constituerint
1036 2010 1156 2043 monet,
1179 2016 1254 2038 sese
1267 2010 1414 2047 paratos
1431 2015 1504 2038 esse
1529 2005 1644 2037 bellum
1660 2015 1738 2038 con—

214 2053 321 2092 ficere
345 2062 415 2083 cum
438 2051 605 2088 Romanis,
632 2055 689 2082 aut
712 2052 853 2082 interire
878 2055 935 2082 aut
957 2053 1090 2082 vincere
1098 2063 1110 2088 ;
1136 2061 1271 2093 quorum
1294 2061 1365 2082 cum
1388 2054 1538 2082 neutrum
1561 2052 1634 2082 sine
1650 2051 1738 2082 illius

217 2098 369 2137 periculo
389 2097 471 2136 fieri
490 2105 591 2136 posse
616 2096 714 2135 dicit,
747 2095 808 2127 hoc
839 2096 919 2137 quid
949 2096 1042 2127 aliud
1073 2099 1124 2127 est
1148 2106 1244 2138 quam
1267 2098 1407 2127 minari:
1437 2106 1512 2127 sese
1542 2098 1575 2127 si
1594 2099 1740 2127 victores

215 2141 362 2181 fuerint,
394 2142 568 2173 societatis
601 2141 870 2181 aspernationem
894 2142 1021 2172 ulturos
1045 2150 1134 2178 esse,
1160 2141 1213 2172 sin
1236 2142 1331 2178 victi,
1365 2141 1534 2172 Romanos
1556 2140 1606 2172 illi
1626 2140 1740 2172 hostes

217 2185 377 2223 ficturos?
427 2185 521 2217 Unde
545 2186 615 2216 duo⁴
633 2186 818 2226 perspicua
839 2189 934 2216 sunt:
962 2187 1103 2226 primum
1134 2188 1218 2217 talia
1248 2188 1468 2217 instrumenta
1499 2185 1580 2217 belli
1607 2185 1742 2217 ostendi

222 2230 362 2266 debere,
395 2229 510 2271 quibus
540 2231 673 2261 vincere
694 2228 797 2270 posse
823 2229 1056 2262 Mithridatem
1080 2234 1114 2262 et
1143 2230 1320 2272 Tiyranem
1339 2234 1547 2272 praestetur,
1577 2239 1659 2272 erqo
1681 2239 1739 2262 ne-

221 2277 370 2306 cessario
396 2284 442 2306 ea:
469 2272 620 2306 Charisio
645 2278 765 2306 contra
789 2276 894 2306 omnis
910 2275 1013 2307 libros
1039 2276 1268 2317 recipiundum
1285 2286 1359 2307 esse
1376 2274 1465 2307 belli
1481 2274 1737 2317 prudentibus3

222 2320 344 2351 deinde
368 2320 482 2350 dicere
507 2318 631 2350 debere
656 2319 890 2351 Mithridatem
912 2330 1036 2352 summa
1059 2331 1123 2362 ope
1146 2330 1183 2352 se
1208 2321 1255 2352 ad
1268 2322 1440 2352 victoriam
1456 2321 1636 2352 adnisuros
1651 2329 1737 2361 esse,

221 2374 314 2405 erqo,
338 2364 376 2395 id
399 2365 489 2406 quod
510 2363 678 2396 Linlcerus
698 2365 889 2405 prudenter
910 2368 1109 2406 perspexit,
1141 2375 1255 2407 parvo
1279 2365 1407 2398 labore
1431 2369 1531 2407 turpe
1555 2374 1628 2396 esse
1650 2365 1740 2406 yios-

219 2410 347 2441 satoris
361 2409 596 2440 adsumentum.
613 2426 654 2432 —
673 2408 725 2440 ll.
741 2419 845 2450 quom
858 2420 975 2451 neque
984 2409 1027 2444 Q.
1056 2410 1197 2452 quando
1206 2411 1287 2442 Ald.
1321 2410 1496 2452 quomodo
1509 2410 1632 2442 Benal.
1646 2409 1737 2442 cort.

223 2464 292 2495 quo
303 2453 393 2486 Gerl.
405 2470 450 2476 —
466 2452 517 2484 14.
532 2453 604 2485 nisi
619 2457 762 2495 partum
780 2453 810 2488 Q
825 2458 888 2485 cet.
904 2456 1002 2486 codd.
1029 2458 1172 2497 raptum
1193 2455 1346 2487 Ciaccon.
1372 2455 1410 2487 vi
1423 2457 1567 2497 partum
1577 2453 1678 2486 Klotz
1695 2454 1738 2486 de

222 2501 304 2530 locis
315 2508 381 2540 per
393 2501 478 2530 coni.
497 2499 624 2530 emend.
637 2510 673 2540 p.
684 2499 741 2530 24.
768 2516 810 2521 —
838 2498 890 2530 15.
908 2500 985 2531 sine
995 2500 1116 2541 patria
1130 2500 1345 2541 parentibus
1354 2498 1396 2534 Q.
1423 2500 1502 2532 sine
1519 2498 1643 2542 patria
1658 2498 1738 2531 sine

221 2543 437 2585 parentibus
452 2544 612 2585 Pompon.
631 2544 720 2575 Cort.
734 2544 824 2576 Gerl.
835 2544 945 2575 Kritz.
987 2545 1201 2586 parentibus
1216 2548 1320 2586 peste
1338 2545 1503 2576 conditos
1519 2543 1551 2578 Q
1568 2545 1633 2576 cet.
1649 2543 1738 2576 libri.

225 2587 321 2627 Quod
343 2590 400 2631 qui
422 2590 612 2630 eoeplieant:
643 2589 796 2621 conditos
826 2599 873 2620 ex
891 2590 1140 2630 perditissumis
1170 2600 1211 2621 ac
1232 2590 1531 2631 pernitiosissumis
1554 2587 1647 2621 orbis
1670 2592 1740 2621 ter-

223 2644 337 2665 rarum
361 2633 558 2671 hominibus,
590 2643 655 2665 non
684 2634 788 2665 minus
819 2644 915 2676 quam
945 2635 1002 2676 qui
1031 2634 1206 2666 ablativum
1238 2635 1493 2667 conditionalem
1516 2643 1590 2666 esse
1614 2633 1738 2671 dicunt,

223 2679 357 2710 videant
380 2689 422 2710 ne
446 2678 604 2710 librorum
623 2679 795 2719 fallacium
817 2682 1009 2720 scripturae
1025 2680 1119 2710 nimis
1141 2682 1278 2711 tenaces
1294 2679 1446 2711 audiant.
1493 2679 1572 2710 Nisi
1586 2679 1620 2710 in
1635 2682 1739 2720 peste

224 2727 393 2766 antiquam
408 2724 522 2757 ,dativi
539 2723 683 2764 formam
707 2722 817 2765 (pesti
832 2723 932 2755 =in
948 2726 1099 2766 pestem.
1127 2722 1202 2755 cfr.
1222 2723 1268 2756 ad
1291 2724 1335 2755 fr.
1355 2722 1411 2764 55)
1435 2723 1556 2765 haberi
1576 2724 1737 2764 opineris,

224 2772 282 2799 aut
316 2779 387 2800 cum
411 2768 561 2800 Linlcero
586 2771 727 2810 pestem
749 2768 959 2801 scribendum
987 2772 1069 2805 erit,
1103 2772 1161 2800 aut
1190 2779 1312 2800 mecum
1337 2769 1626 2810 praepositionem
1658 2777 1740 2800 eum

224 2815 375 2844 omissam
399 2823 472 2845 esse
495 2814 716 2845 statuendum.
768 2813 840 2854 (ΣΤΥ.
866 2813 942 2845 Cic.
968 2813 1006 2844 in
1031 2813 1112 2845 Cat.
1131 2813 1149 2844 1
1176 2812 1229 2854 13,
1247 2812 1309 2846 33:
1336 2823 1417 2844 cum
1442 2822 1580 2844 summa
1605 2812 1659 2844 rei
1676 2822 1740 2854 pu-

225 2857 347 2889 blicae
372 2858 510 2897 salute,
544 2868 624 2890 eum
648 2861 712 2890 tua
737 2861 840 2900 peste
866 2868 909 2890 ac
934 2858 1092 2900 pernitie
1119 2868 1270 2900 cumque
1297 2858 1408 2890 exitio
1434 2867 1576 2897 eorum,
1611 2857 1674 2899 qui
1699 2866 1738 2889 se

225 2904 345 2933 tecum
371 2921 412 2925 —-
437 2903 598 2942 iunxere,
624 2903 855 2945 proficiscere
882 2903 927 2936 ad
951 2903 1089 2945 inpium
1113 2902 1249 2935 bellum
1276 2914 1319 2935 ae
1343 2902 1537 2935 nefarium.

1757 609 1798 643 16

1759 1011 1800 1044 17
