1826 3282
218 229 270 269 78
634 241 937 268 111s'r0R1ARVM
968 241 1053 267 mn.
1089 241 1138 267 111
1178 235 1336 270 56—59.

220 355 307 381 vum
342 345 475 391 postea
506 341 704 379 omissum.
765 340 903 379 Nonne
934 341 1037 379 enim
1066 339 1115 379 M.
1138 340 1328 380 Antonius
1357 344 1508 380 tantum
1538 340 1663 380 abfuit
1694 324 1765 380 ut²

219 409 379 447 classem
408 419 609 447 romanam
640 411 802 458 augeret
832 412 870 446 et
893 407 1164 453 confirmaret,
1191 412 1234 447 ut
1256 398 1558 459 conrumperet‘?
1605 419 1736 447 nonne

219 487 306 514 cum
335 476 456 513 maria
482 476 600 514 tutari
629 474 809 520 deberet,
843 476 992 514 animos
1022 477 1150 526 potius
1174 476 1309 527 piratis
1337 475 1482 514 addidit
1511 479 1627 527 atque
1648 487 1735 516 ava-

217 543 302 580 ritia
333 553 401 580 sua
437 543 562 581 omnis
589 543 810 593 provincias
845 542 893 581 ad
932 543 1246 593 desperationem
1284 542 1435 593 adegit?
1472 554 1602 581 nonne
1641 553 1736 593 ergo

216 613 325 647 recte
348 614 564 659 conruplor
593 610 660 647 ille
687 611 749 648 rei
775 612 1011 649 maritumae
1041 610 1227 661 adpellari
1251 610 1400 661 potuit?
1447 609 1555 655 Quae
1574 614 1737 660 propter

217 677 464 727 sequentium
494 675 705 716 verborum
736 676 1026 716 similitudinem
1057 677 1168 717 facile
1212 679 1336 716 omitti
1375 678 1548 728 potuisse
1576 677 1617 716 in
1645 687 1736 728 pro—

217 743 349 794 patulo
380 748 449 782 est.
490 743 623 795 ⁴Atque
644 743 741 784 haec
761 743 994 783 scholiasten
1025 744 1073 783 ab
1097 745 1278 785 Sallustio
1301 745 1479 796 petivisse
1501 745 1582 784 veri
1613 742 1736 783 simile

218 815 276 849 est
304 823 350 850 ex
379 812 529 851 adiecto
558 814 637 851 ille.
688 810 771 857 Qua
793 823 837 851 re
863 817 907 850 ut
928 811 1050 851 velut
1074 815 1132 851 ait
1153 811 1359 867 adiciunda
1387 812 1576 862 suspicor.
1628 811 1737 858 Quae

217 879 292 917 iam
322 883 509 926 secuntur
538 879 679 924 verha,·
702 891 747 918 ea
777 892 822 918 ex
855 878 1035 918 Sallustio
1070 879 1197 941 fuisse·
1220 879 1463 930 deprompta,
1495 890 1619 929 paene
1653 890 1737 917 cer-

216 951 299 985 tum
335 951 410 992 est,
449 946 567 986 modo
595 959 645 985 ne
673 959 719 986 ex
749 947 888 986 eodem
923 946 1010 985 loco
1047 947 1151 986 unde
1188 958 1419 998 praegressa
1453 950 1612 984 statuas.
1667 945 1735 984 Set

218 1015 333 1054 etiam
366 1027 410 1053 ea
440 1013 625 1053 lacunosa
670 1025 754 1053 esse
791 1026 927 1053 omncs
957 1013 1189 1053 concedunt.
1250 1013 1294 1052 In
1324 1016 1510 1064 promptu
1537 1013 1655 1063 igitur
1681 1016 1740 1052 est

213 1082 400 1132 praefuit
425 1081 629 1132 sul›plere;
670 1085 729 1120 set
765 1094 853 1120 cum
895 1082 933 1120 in
967 1081 1147 1121 membro
1176 1080 1337 1120 relativo
1376 1081 1644 1120 coniunctivus
1677 1081 1737 1124 sit,

217 1149 312 1188 mihi
341 1149 498 1201 quidem
531 1148 681 1189 rectius
700 1150 936 1198 praefectus
967 1154 1026 1188 est
1051 1149 1150 1188 adici
1173 1149 1335 1188 videtur.
1385 1148 1540 1187 Ultuma
1571 1147 1738 1199 denique

217 1217 336 1256 verba
360 1219 586 1256 contrarius
604 1218 749 1266 piratis
770 1229 848 1268 quo
872 1218 1000 1255 minus
1026 1216 1167 1256 Salusti
1189 1215 1347 1255 credam
1368 1227 1464 1260 esse,
1496 1214 1739 1254 consuetudo

217 1289 334 1335 atque
365 1295 457 1323 usus
487 1282 695 1323 latinorum
727 1285 964 1335 scriptorum
994 1283 1132 1323 obstat.
1189 1283 1243 1322 Ac
1275 1295 1364 1322 cum
1395 1282 1582 1322 audacius
1610 1282 1739 1321 videa·
1804 1300 1811 1306 ·

219 1356 282 1391 tur
321 1358 460 1391 contra
493 1353 653 1401 piratas
692 1353 919 1402 conrigere,
962 1351 1010 1390 ab
1051 1350 1259 1390 scholiasta
1290 1351 1420 1401 potius
1451 1349 1598 1389 adiecta
1630 1353 1738 1402 puto,

217 1420 290 1458 nisi
320 1420 446 1470 aptior
474 1418 600 1470 aliqua
632 1431 774 1459 eorum·
801 1418 1135 1470 expediendorum
1166 1419 1224 1457 via
1253 1417 1492 1456 ostendatur.

331 1521 384 1560 56
419 1519 497 1574 [Kr.
522 1524 580 1558 88.
611 1523 649 1558 G.
673 1519 749 1572 63].
811 1520 858 1559 Et
886 1520 986 1559 forte
1013 1521 1052 1558 in
1081 1519 1297 1570 navigando
1330 1517 1473 1557 cohors
1500 1530 1578 1558 una
1602 1517 1741 1569 grandi

218 1588 378 1639 phaselo
408 1593 536 1633 vecta,
568 1600 589 1627 a
621 1589 760 1627 ceteris
790 1588 985 1626 deerravit
1003 1587 1181 1639 marique
1209 1586 1362 1637 placido
1392 1599 1413 1625 a
1445 1585 1599 1625 duobus
1624 1597 1739 1636 prae-

180 1668 187 1670 ·
219 1657 365 1695 donum
397 1654 702 1708 myoparonibus
734 1656 1010 1694 circumventa.

330 1736 422 1767 Non.
449 1746 483 1777 p.
497 1731 569 1767 ‘365
594 1744 622 1766 s.
641 1744 676 1767 v.
702 1744 876 1776 myoparo.
916 1733 1035 1765 Idem:
1062 1735 1099 1765 et
1124 1732 1217 1765 forte
1244 1750 1287 1754 —
1312 1732 1496 1765 deerravit
1519 1742 1554 1774 p.
1573 1730 1640 1764 366
1657 1741 1685 1763 s.
1704 1742 1738 1764 v.

213 1780 354 1821 faselus.
405 1780 495 1811 Cum
519 1789 594 1811 rem
618 1779 674 1811 his
698 1779 820 1812 verbis
845 1784 1033 1811 narratam
1057 1778 1095 1810 in
1119 1777 1218 1810 bello
1245 1777 1289 1809 ab
1314 1778 1363 1809 M.
1382 1777 1538 1809 Antonio
1564 1776 1739 1809 advorsus

218 1825 357 1867 piratas
382 1828 486 1867 gesto
519 1824 658 1856 factam
691 1834 771 1856 esse
802 1824 881 1856 veri
911 1823 1143 1856 simillumum
1174 1823 1242 1863 sit,
1270 1822 1340 1855 hoe
1366 1822 1609 1865 fragmentum
1632 1831 1739 1864 prae—

219 1870 353 1912 gressis
379 1870 578 1912 adiungere
604 1879 676 1902 non
701 1869 877 1902 dubitavi.

332 1948 421 1981 Cum
447 1948 490 1981 de
517 1948 651 1980 Cretae
675 1947 819 1980 insulae
854 1947 926 1979 situ
955 1950 1088 1979 natura
1120 1946 1399 1988 antiquitatibus
1433 1945 1636 1987 exponendi
1659 1944 1737 1977 Sal-

218 1993 340 2034 lustio,
367 1997 540 2036 quantum
564 2003 629 2025 nos
655 1992 799 2035 quidem
817 1993 985 2031 sciamus,
1011 1991 1133 2023 nullus
1148 1991 1249 2023 loeus
1269 1991 1385 2033 aptior
1403 1990 1526 2030 fuerit,
1554 2000 1659 2032 quam
1676 1989 1739 2021 ubi

218 2039 262 2071 de
287 2039 335 2070 M.
361 2039 517 2071 Antonio
541 2038 580 2070 in
605 2048 650 2070 ea
673 2037 794 2069 insula
817 2037 952 2069 bellum
978 2039 1126 2079 gerente
1151 2036 1327 2076 narravit,
1354 2036 1563 2078 fragmenta
1589 2045 1632 2069 eo
1657 2044 1737 2077 per-

217 2084 376 2116 tinentia.
400 2083 493 2116 libro
517 2083 573 2114 111
599 2082 826 2124 adsignanda
851 2085 949 2124 puto.

332 2163 418 2201 *57
448 2161 527 2213 [Kr.
543 2165 598 2198 60.
625 2162 719 2199 Gerl.
747 2149 849 2212 om.].
908 2160 1041 2210 Longe
1073 2160 1346 2199 acontinenti.
1397 2152 1401 2155 ¹

330 2229 436 2260 Haec
462 2228 546 2270 quin
572 2228 616 2260 de
643 2227 754 2260 Creta
778 2227 899 2259 insula
924 2228 1024 2259 dieta
1048 2228 1195 2266 fuerint,
1223 2226 1419 2259 seeundum
1444 2226 1611 2259 Serv-'ad
1627 2225 1737 2268 Verg-⁴

218 2274 260 2306 A.
286 2274 342 2305 III
370 2273 434 2305 104
457 2284 492 2316 p.
519 2271 584 2306 194
607 2273 664 2304 Li.
701 2273 819 2305 ‘medio
843 2274 965 2314 ponlo'
986 2277 1103 2314 potest
1129 2274 1259 2315 quidem
1282 2273 1426 2314 intelligi
1455 2272 1633 2304 secuudum
1663 2271 1739 2311 Sul-

218 2320 348 2351 lustium
372 2321 468 2360 longe
493 2329 514 2350 a
537 2319 737 2359 continenti,
772 2317 934 2357 dubitari>
954 2328 1025 2350 non
1050 2320 1188 2360 potest,
1220 2317 1258 2348 in
1289 2316 1412 2359 primis
1438 2316 1468 2348 si
1494 2326 1585 2358 quae
1611 2325 1740 2348 secun-⁴

218 2368 277 2395 tur
303 2363 398 2406 apud
423 2365 734 2395 conmentatorem
758 2362 954 2405 diligenter
979 2363 1281 2395 consideraveris.

333 2442 418 2482 *58
450 2441 529 2494 [Kr.
558 2446 613 2479 01.
647 2444 684 2479 G.
706 2440 784 2493 68].
845 2442 957 2481 Creta
990 2441 1102 2481 altior
1132 2445 1209 2487 est,
1252 2454 1327 2493 qua
1361 2444 1509 2492 spectat
1536 2440 1738 2479 orientem.

334 2521 435 2566 Serv.⁴
468 2520 514 2553 ad
542 2520 652 2563 Verg.
679 2520 720 2551 A.
754 2521 806 2552 VI
833 2519 894 2552 23:
930 2523 1038 2552 ‘elata
1061 2522 1180 2561 mari’;
1208 2508 1322 2562 perite
1352 2522 1450 2552 situm
1470 2509 1673 2560 expressit:
1703 2521 1740 2548 ut

220 2568 304 2599 enim
328 2565 508 2598 Sallustius
532 2566 628 2603 dicit,
656 2564 766 2597 Creta
790 2582 833 2587 —-
859 2565 1048 2597 orientem.

333 2642 417 2684 *59
448 2643 526 2698 [Kr.
551 2648 606 2681 62.
642 2642 825 2696 G.1115].
882 2643 989 2682 Serv.
1022 2644 1067 2682 ad
1099 2643 1213 2693 Verg.
1245 2643 1288 2681 A.
1317 2642 1369 2681 lll
1395 2640 1498 2681 578:
1529 2642 1630 2680 Nam
1650 2648 1739 2680 cum

220 2717 261 2754 in
288 2714 463 2762 Plzleqra
498 2712 724 2752 Thessaliae
754 2714 838 2751 loco
863 2722 1066 2760 puqnasse
1095 2711 1296 2753 dicantur,
1327 2709 1656 2759 quemadmodum
1683 2715 1742 2760 est

220 2786 261 2822 in
291 2782 429 2821 Sicilia
457 2777 715 2820 Enceladus?
762 2779 882 2819 Ollius
909 2780 950 2818 in
979 2779 1096 2818 Creta
1124 2779 1339 2817 secundum
1363 2762 1605 2826 Sallustium,
1633 2777 1740 2816 unde

224 2850 328 2889 Othii
350 2847 513 2899 campi?

335 2915 390 2948 De
417 2927 461 2948 ea
487 2926 524 2948 re
551 2916 695 2949 aliunde
721 2926 791 2948 non
818 2917 971 2948 constat.
