1826 3282
535 250 836 281 RISTORIARVM
862 251 942 280 Lm.
976 252 1019 280 iv
1054 242 1108 282 17.
1135 246 1187 283 18.
1577 234 1630 278 99

101 356 227 385 castra
243 352 422 386 habuisse
443 354 616 386 traditum
641 355 707 395 sit;
732 357 790 386 set
815 355 928 387 etiam
953 354 997 387 de
1025 364 1069 386 ea
1094 364 1133 386 re
1159 353 1334 386 iudicium
1359 351 1630 390 continendum,

100 408 182 430 cum
212 398 299 430 libri
330 399 499 431 Frontini
528 400 675 432 varient
707 402 745 431 et
777 399 928 431 Orosius
962 401 991 431 V
1017 400 1079 439 24,
1114 409 1220 441 quem
1253 409 1298 430 ex
1328 398 1433 430 Livio
1463 397 1631 429 hausisse

99 453 271 475 numerus
295 444 499 477 occisorum
524 444 761 487 fugitivorum
786 445 965 483 ostendit,
998 444 1177 487 proelium
1209 445 1257 476 ad
1279 447 1382 485 caput
1406 441 1514 474 Silari
1545 451 1630 474 con—

99 488 247 520 missum
274 499 353 522 esse
378 490 514 521 tradat.
562 489 640 521 lam
665 490 698 521 si
723 499 816 531 quae
843 469 1063 522 Plutarchus
1089 489 1133 521 de
1161 500 1205 521 ea
1230 498 1365 532 pugna,
1399 498 1470 530 qua
1496 487 1630 520 Castus

100 536 137 565 et
163 534 353 566 Gannicus
378 545 459 566 cum
484 534 560 566 suis
587 534 704 576 copiis
720 534 835 566 deleti
853 538 948 574 sunt,
975 534 1152 573 narravit,
1180 545 1261 566 cum
1279 534 1333 566 eis
1351 543 1444 576 quae
1461 532 1628 565 Frontin.

97 578 133 610 11
158 578 191 619 5,
217 578 262 611 34
285 579 450 620 tradidit,
477 579 812 622 eonparaverimus,
840 559 979 611 certuin
1004 584 1060 611 est
1076 559 1174 611 illilis
1191 580 1441 611 narrationem
1464 588 1536 610 non
1552 577 1630 621 ple—

98 633 183 655 nam
209 634 290 656 esse
313 642 357 646 —
382 634 467 656 nam
492 624 664 656 lacunam
691 624 787 667 apud
813 635 894 656 eum
920 625 951 657 si
976 628 1194 664 statuerem,
1220 625 1350 656 merito
1377 623 1553 656 audacior
1577 622 1630 655 vi-

98 669 215 700 derer.
267 668 439 701 Ceterum
465 679 547 701 eum
573 669 671 711 apud
696 673 879 710 auctores,
906 670 1037 711 quibus
1062 679 1148 701 usus
1175 673 1241 707 est,
1265 669 1454 702 invenisse
1480 668 1630 710 Sparta-

97 723 179 746 cum
205 713 295 746 haut
317 714 426 756 longe
453 714 499 746 ab
527 724 570 746 eo
594 714 732 756 proelio
757 715 935 765 abfuisse,
962 715 1084 747 verbis
1109 725 1202 756 quae
1221 715 1393 746 continuo
1417 717 1629 764 sequuntur,

97 759 186 790 mihi
217 759 365 810 probari
381 742 557 791 ¹³videtur:
602 754 821 809 Σπαρτάκῳ
854 755 897 792 ὃε
928 770 1023 803 μετα
1054 754 1125 801 τὴν
1155 754 1299 791 τούτων
1330 752 1449 802 ἧτταν
1480 752 1629 801 α’ναχω-

96 803 228 845 ροῦντι
258 799 354 847 πρὸς
385 799 432 836 τοὶ
465 797 535 846 ὅρη
568 799 614 836 τὰ
647 803 854 847 Πετηλῖνα.
912 805 976 837 Set
1000 815 1076 836 rem
1101 804 1314 847 diligentius
1346 804 1628 847 perpendamus.

97 849 187 881 Cum
217 849 374 882 insidiae
406 850 445 881 in
476 853 598 882 monte
633 861 654 882 a
679 849 814 882 Crasso
841 842 1058 882 conlocatae
1089 860 1155 892 per
1186 850 1277 890 duas
1304 850 1431 882 Gallas
1456 849 1630 881 mulieres

97 897 319 936 conspectae
345 898 487 934 essent,
514 895 753 937 fugitivorum
777 895 890 928 duces
915 895 1006 927 nihil
1034 895 1134 927 aliud
1160 905 1271 937 agere
1297 898 1468 937 potuere,
1493 894 1566 926 nisi
1589 898 1630 925 ut

94 949 170 979 eaS,
198 942 283 972 ante
311 950 419 982 quam
445 939 599 972 Crassus
631 941 728 982 ipsos
755 941 1032 983 adgrederetur,
1059 940 1319 982 obprimerent.
1371 940 1454 980 Qua
1479 950 1518 971 re
1543 939 1628 971 Plu-

95 984 224 1017 tarcho
250 984 340 1017 fides
364 985 539 1018 habenda
564 988 638 1025 est,
669 996 734 1018 sex
766 986 867 1018 milia
899 986 966 1018 illa
992 989 1213 1018 armatorum
1238 985 1476 1028 fugitifirum
1501 985 1629 1027 inpetu

96 1029 134 1060 in
165 1039 341 1061 summum
374 1030 570 1062 discrimen
602 1030 754 1063 adactos
786 1031 902 1063 fuisse
934 1042 1004 1063 nec
1036 1031 1154 1062 minus
1188 1041 1249 1062 eos
1281 1041 1347 1072 per
1380 1030 1552 1062 Crassum
1585 1041 1628 1061 ex

95 1074 165 1106 1100
190 1075 355 1116 periculo
381 1078 526 1118 ereptos
552 1085 644 1115 esse,
671 1082 728 1108 set
752 1076 851 1108 nullo
876 1077 981 1109 modo
1006 1075 1184 1108 credibile
1210 1078 1279 1115 est,
1304 1079 1380 1107 tum
1397 1085 1558 1117 pugnam
1583 1085 1628 1107 ea

94 1120 238 1151 ratione
270 1120 409 1152 factam
441 1131 542 1161 esse,
578 1131 650 1163 qua
675 1121 874 1153 Frontinus
899 1122 1085 1162 narravit,
1119 1131 1188 1153 nec
1220 1124 1344 1152 tamen
1376 1121 1461 1152 huic
1486 1130 1627 1152 omnem

95 1163 202 1196 fidem
233 1175 370 1208 negare
401 1176 603 1208 possumus.
662 1166 780 1208 Igitur
812 1167 988 1209 fugitivos
1028 1166 1177 1199 credere
1210 1166 1385 1198 debemus
1415 1169 1509 1204 tum,
1547 1176 1627 1197 cum

96 1209 251 1242 Crassus
277 1211 342 1248 eis,
369 1221 459 1252 quos
483 1211 523 1242 in
546 1211 692 1243 insidiis
715 1216 907 1253 posuerat,
935 1212 1072 1244 auxilio
1097 1212 1252 1251 veniret,
1280 1221 1326 1242 ne
1353 1211 1509 1253 ancipiti
1534 1211 1628 1252 peri—

96 1254 178 1287 culo
203 1259 435 1297 caperentur,
462 1266 501 1288 se
527 1257 716 1298 recepisse
736 1260 773 1289 et
789 1261 948 1289 montem
966 1257 1084 1289 minus
1101 1257 1211 1300 longe
1230 1256 1278 1288 ab
1295 1256 1469 1298 Spartaci
1495 1255 1627 1287 castris

95 1300 263 1332 dissitum
288 1301 545 1343 occupavisse:
573 1301 625 1333 ibi
649 1305 724 1333 tum
751 1302 798 1334 ab
824 1302 957 1334 Crasso
984 1313 1027 1335 eo
1051 1302 1156 1335 modo
1180 1311 1342 1344 pugnam
1367 1301 1507 1333 factam
1533 1311 1626 1341 esse,

96 1355 165 1387 quo
190 1345 388 1378 Frontinus
413 1346 583 1386 tradidit,
616 1347 713 1389 apud
737 1347 973 1380 Plutarchum
1006 1351 1128 1380 autem
1157 1346 1306 1379 relicuis
1331 1346 1476 1379 omissis
1501 1346 1628 1378 statim

97 1391 235 1422 exitum
261 1391 338 1423 eius
362 1401 509 1434 pugnae
535 1392 699 1434 adiungi.
740 1393 808 1424 Cui
825 1394 1033 1426 sententiae
1059 1393 1092 1424 si
1116 1393 1198 1435 quis
1214 1392 1388 1434 obponat,
1409 1391 1461 1423 de
1478 1401 1627 1423 numero

97 1435 302 1468 occisorum
332 1435 442 1479 longe
474 1436 686 1479 discrepare
710 1437 948 1470 Plutarchum
981 1442 1018 1471 et
1048 1438 1283 1478 Frontinum,
1319 1447 1427 1479 quam
1451 1436 1566 1468 multa
1590 1436 1628 1467 in

97 1480 233 1513 talibus
258 1481 366 1513 rebus
391 1481 479 1514 ficta
502 1482 674 1524 ultraque
699 1493 842 1515 omnem
859 1484 1003 1516 modum
1023 1487 1134 1515 aucta
1160 1483 1299 1515 tradita
1325 1483 1399 1514 sint
1424 1482 1520 1524 apud
1538 1481 1627 1513 scri-

95 1529 231 1569 ptores,
257 1526 485 1559 recordetur:
511 1526 604 1559 illud
627 1527 749 1570 potius
767 1529 964 1561 tenendum
991 1531 1059 1568 est,
1086 1539 1180 1571 quae
1198 1527 1397 1560 Sallustius
1419 1527 1629 1559 narraverit

95 1589 139 1594 —
163 1581 249 1604 nam
274 1581 319 1604 ex
350 1582 394 1604 eo
418 1571 656 1605 Plutarchum
685 1573 855 1606 hausisse
889 1577 1027 1606 certum
1058 1574 1202 1607 videtur
1233 1591 1276 1596 —
1307 1573 1420 1605 multo
1451 1572 1627 1604 maiorem

97 1617 259 1659 speciem
283 1617 364 1649 veri
386 1627 477 1660 prae
501 1628 542 1650 se
566 1618 676 1659 ferre,
703 1629 811 1661 quam
836 1629 930 1661 quae
949 1620 1076 1652 Livius
1100 1619 1298 1651 memoriae
1323 1618 1535 1661 prodiderat
1560 1616 1627 1658 (sic

95 1661 276 1694 iudicavit
306 1662 421 1694 tacite
454 1662 618 1696 Momms.
644 1663 691 1695 Η.
718 1663 762 1696 R.
787 1664 844 1696 111
867 1676 901 1707 p.
927 1663 998 1705 79).
1047 1665 1126 1697 Iam
1156 1667 1197 1696 ut
1228 1663 1378 1696 tandem
1403 1663 1449 1695 ad
1475 1661 1628 1694 Sallusti

95 1707 221 1746 verba,
248 1716 342 1749 quae
368 1707 457 1739 mihi
481 1711 556 1740 tam
581 1707 716 1750 longae
741 1709 998 1751 disgressionis
1017 1719 1187 1742 caussam
1203 1709 1420 1752 praebuere,
1446 1710 1626 1747 revortar,

95 1762 169 1784 non
192 1751 300 1784 video
325 1762 432 1794 quem
456 1752 495 1784 in
517 1753 575 1785 his
600 1753 710 1785 rebus
734 1753 854 1786 locum
877 1754 1093 1795 habuerint,
1131 1755 1203 1786 nisi
1233 1754 1401 1797 legiones
1432 1757 1540 1795 putes
1564 1763 1628 1785 sex

96 1796 198 1828 milia
224 1796 290 1828 illa
316 1799 548 1838 armatorum,
575 1798 620 1829 de
647 1798 776 1840 quibus
793 1799 1014 1832 Plutarchus
1038 1797 1205 1832 narravit
1234 1799 1348 1831 fuisse
1368 1809 1518 1840 easque,
1546 1807 1627 1829 cum

95 1841 278 1884 fugissent
308 1842 474 1884 fugitivi,
508 1843 554 1875 ab
581 1842 715 1875 Crasso
745 1844 784 1876 in
809 1847 933 1877 castra
957 1854 1024 1877 sua
1048 1845 1219 1876 reductas
1245 1854 1338 1876 esse.
1388 1843 1478 1875 Cum
1504 1845 1627 1875 autem

96 1897 172 1919 rem
195 1886 321 1928 talem,
347 1887 386 1919 in
411 1898 482 1929 qua
507 1898 551 1932 ea
576 1888 690 1921 verba
714 1892 816 1921 recte
842 1890 916 1922 dici
939 1890 1137 1932 potuerint,
1162 1890 1201 1921 in
1217 1888 1299 1930 ,alio
1323 1888 1420 1921 bello
1446 1887 1626 1920 accidisse

95 1941 234 1975 negare
258 1942 495 1985 nequeamuS,
524 1933 670 1966 cautius
695 1934 842 1967 videtur
865 1935 977 1967 fateri
1001 1945 1066 1967 nos
1092 1945 1160 1977 quo
1185 1933 1251 1967 illa
1267 1933 1515 1977 pertinuerint
1527 1943 1626 1976 pror-

97 1987 158 2009 sus
182 1987 341 2010 nescire.

210 2056 299 2088 Cum
331 2056 544 2089 Sallustium
574 2057 618 2090 de
651 2057 723 2090 situ
757 2069 802 2090 ac
833 2063 967 2091 natura
998 2058 1135 2091 Italiae
1167 2062 1412 2091 extremarum
1438 2058 1627 2100 regionum

98 2104 207 2144 atque
234 2101 388 2134 Siciliae
412 2102 559 2135 insulae
584 2102 751 2135 littorum
776 2103 925 2144 dixisse,
950 2104 1014 2136 ubi
1031 2114 1090 2136 res
1108 2104 1155 2135 ab
1174 2104 1353 2146 Spartaco
1373 2107 1410 2135 et
1425 2104 1474 2134 M.
1493 2102 1628 2135 Crasso

97 2147 134 2178 in
158 2146 231 2178 illis
256 2150 383 2190 gestas
409 2148 606 2188 enarravit,
633 2158 752 2191 paene
771 2152 910 2182 certum
928 2149 993 2189 sit,
1019 2149 1231 2192 fragmenta
1256 2149 1303 2181 ad
1326 2148 1392 2180 illa
1417 2148 1628 2191 spectantia

96 2191 156 2224 hic
181 2191 401 2235 subiungere
423 2203 497 2225 non
521 2173 659 2233 dubito,
686 2204 903 2236 quamquam
927 2194 1111 2237 plerisque
1138 2194 1234 2237 apud
1256 2198 1404 2227 veteres
1429 2193 1627 2236 scriptores
1670 2208 1671 2211 ¹

97 2237 181 2269 libri
203 2247 375 2270 numerus
399 2248 473 2271 non
498 2238 642 2271 additus
668 2243 736 2272 est.

211 2317 300 2356 *17
333 2316 413 2370 [Kr.
433 2322 490 2356 32.
523 2320 562 2356 G.
590 2317 664 2370 16].
726 2317 857 2359 Italiae
886 2319 1001 2370 plana
1033 2332 1078 2358 ac
1109 2319 1253 2359 mollia

211 2395 313 2429 Serv.
341 2396 388 2428 ad
410 2396 521 2440 Verg.
548 2396 591 2428 A.
617 2397 675 2429 ΙΙΙ
691 2396 774 2429 522:
799 2398 1013 2442 humilemque
1037 2400 1184 2431 videmus
1207 2398 1366 2435 Italiam,-
1390 2402 1448 2430 aut
1473 2401 1626 2431 naturam

92 2442 292 2483 provinciae
322 2442 471 2474 ostendit
503 2441 617 2485 (quod
638 2453 749 2474 verum
773 2447 825 2475 est
855 2445 888 2476 in
913 2446 968 2476 zllo
993 2443 1179 2482 transitu),
1211 2448 1247 2475 ut
1280 2444 1461 2476 Sallustius
1492 2441 1626 2475 Italiae

98 2486 210 2529 plana
227 2497 270 2519 ac
289 2485 414 2518 mollia
431 2489 488 2525 [al.
506 2490 571 2529 ley.
585 2487 699 2520 Italia
713 2488 825 2530 plana
848 2499 892 2521 ac
913 2491 964 2521 vel
979 2493 1015 2521 et
1030 2486 1175 2531 mollis].
1201 2488 1281 2522 Nisi
1298 2488 1464 2521 Servium
1482 2496 1628 2530 prorsus

99 2531 369 2564 inconsiderate
392 2531 489 2564 hunc
513 2531 633 2565 locum
659 2532 836 2566 adtulisse
857 2534 987 2574 credis,
1015 2534 1229 2566 Sallustium
1249 2533 1344 2566 haec
1362 2544 1434 2565 non
1450 2533 1495 2564 de
1513 2531 1626 2563 omni-

99 2577 166 2608 bus
189 2575 326 2609 Italiae
351 2577 610 2620 regionibusp
612 2577 708 2610 lanis
734 2589 778 2611 ac
795 2578 966 2612 mollibus
983 2579 1119 2612 dixisse
1146 2579 1318 2622 adparet,
1345 2582 1402 2610 set
1426 2577 1470 2609 de
1495 2576 1626 2607 littori-

98 2621 166 2654 bus
189 2621 490 2655 meridionalibus
517 2589 610 2664 (vidp
630 2622 674 2655 fr.
700 2622 770 2665 20).

213 2700 297 2742 *18
327 2694 408 2754 [Kr.
426 2705 484 2740 33.
517 2703 555 2740 G.
579 2701 654 2754 13].
713 2702 850 2742 Omnis
878 2702 985 2742 Italia
1015 2708 1148 2742 coacta
1181 2703 1218 2741 in
1243 2702 1441 2751 angustias
1468 2699 1627 2753 [inditur

101 2768 138 2807 in
169 2768 247 2807 duo
278 2770 572 2819 promunturia,
605 2769 799 2810 Bruttium
829 2775 868 2809 et
898 2770 1166 2809 Sallentinum.
1602 2781 1605 2783 ·

212 2846 314 2880 Serv.
336 2848 382 2880 ad
398 2848 507 2890 Verg.
525 2847 568 2880 A.
587 2848 643 2880 111
661 2847 743 2880 400:
769 2848 989 2880 Sallentinum
1012 2851 1275 2889 promontorium
1297 2847 1420 2879 Italiae
1445 2850 1496 2879 est
1518 2845 1629 2889 [inter

103 2891 295 2924 Calabriam
320 2897 353 2924 et
377 2859 576 2935 Brutlgt'osst
606 2904 681 2925 nam
705 2897 740 2924 ut
765 2897 813 2925 uit
837 2893 1035 2925 Sallustius:
1061 2891 1188 2924 Omnis
1213 2910 1255 2914 ——
1281 2893 1540 2933 Sallentinum,
1566 2893 1630 2931 ubi

101 2940 276 2979 conrupte
308 2937 474 2970 nonnulli
504 2937 589 2969 libri
622 2939 731 2974 inter,-
770 2940 827 2968 set
861 2946 925 2968 0111·
957 2937 1119 2969 Kritzius
1157 2942 1194 2970 et
1226 2937 1447 2972 Gerlachius
1472 2940 1629 2980 finditur,

1301 2994 1359 3034 7*
