1826 3282
499 262 798 292 HISTORIARVM
833 261 915 292 ΜΒ.
946 262 979 290 11
1011 254 1116 293 53‘-
1132 254 1191 293 56.
1218 262 1226 269 ‘
1470 275 1486 285 .
1552 244 1602 287 51

79 364 271 409 πολεμίων
295 358 530 406 ἀπώλλυντο,
555 360 623 402 τοὶς
647 366 777 407 χεῖρας
803 359 840 402 ἐς
866 355 1068 407 ἕκατέρὸυς
1093 357 1302 406 ὀρέγοντες.
1352 364 1402 397 Ut
1425 373 1521 395 nunc
1548 373 1606 395 res

80 414 147 451 est,
175 411 220 443 ad
246 411 331 453 quid
355 411 421 443 illa
444 411 566 443 verba·
582 410 835 453 pertinuerint,
863 411 900 441 in
925 410 1066 442 incerto
1091 410 1235 443 videtur
1259 409 1554 452 relinquendum.

194 489 247 529 53
278 489 357 542 [Kr.
379 494 435 527 60.
467 491 506 528 G.
526 488 604 541 91].
665 489 696 527 E
725 489 848 528 muris
878 501 995 528 canes
1024 489 1167 541 sportis
1197 488 1454 535 dimittebant.

192 567 352 600 Exhibui
375 567 491 601 verba
514 567 568 599 uti
593 577 651 610 ap.
677 568 768 599 Non.
795 579 830 610 p.
861 567 925 599 120
949 578 977 600 s.
1003 579 1037 600 v.
1062 572 1202 610 sportas
1227 567 1365 610 scripta
1390 570 1484 607 sunt,
1512 578 1606 610 quae

79 614 133 646 ita
156 623 246 646 vera
269 623 341 645 non
365 623 447 645 esse
473 612 593 655 quivis
618 611 814 655 intellegit.
854 613 1068 645 Iamdudum
1092 613 1206 655 igitur
1229 613 1352 645 videre
1378 623 1436 645 vv.
1464 613 1523 644 dd.
1549 615 1607 646 de-

79 658 253 690 mittebant
277 657 539 700 conrigundum
565 667 658 689 esse.
708 657 811 697 Quod
843 662 1040 700 praeterea
1065 659 1166 700 Lips.
1192 659 1261 700 Ep.
1290 668 1348 700 qu.
1375 659 1427 690 IV
1454 659 1495 690 14
1520 670 1605 692 con-

79 703 170 735 iecit
193 696 280 735 cives
305 713 370 745 pro
394 713 497 735 canes
521 712 626 734 nemo
653 702 766 734 facile
793 703 1048 745 conprobabit.
1098 704 1162 735 Set
1186 703 1351 735 Kritzius
1383 715 1498 737 canem
1530 715 1605 736 ma-

81 748 227 780 chinam
253 747 447 790 quamdam
473 757 553 779 esse
573 747 785 789 arbitratus,
813 748 851 780 id
869 748 964 790 quod
981 748 1194 791 conparatis
1211 751 1314 785 arim,
1340 759 1454 792 equus,
1480 753 1608 782 ericius

81 793 129 826 al.
156 797 193 825 et
217 793 351 825 Isidori
375 792 456 824 loco
480 793 548 824 XX
575 792 627 833 153
655 793 694 825 5:
720 795 826 835 lupus,
853 796 911 836 qui
933 798 967 825 et
991 796 1154 830 canicula,
1177 794 1316 834 ferreus
1340 795 1490 836 harpam,
1517 798 1610 838 quod

78 842 112 870 si
133 839 216 881 quid
237 841 270 870 in
291 842 427 880 puteum
451 839 588 876 decidit,
615 842 709 880 rapit
735 837 819 879 (scr.
846 839 965 886 capiti
978 843 1011 870 et
1035 839 1205 876 eoetrahit,
1238 840 1326 870 unde
1351 844 1385 871 et
1409 851 1526 873 nomen
1551 851 1608 872 ac-

79 886 182 925 cepit.
229 884 385 925 Harpax
409 887 517 915 autem
541 884 650 915 dictus
668 886 746 926 quia
770 886 897 925 arripit
905 896 917 921 ‚·
941 879 1127 926 αρπάζειν
1151 888 1203 916 est
1227 886 1311 916 enim
1326 895 1451 926 ¹qraece
1468 896 1608 928 rapere,

80 928 279 960 defendere
305 927 465 968 studuit,
500 931 640 960 certam
672 937 748 960 rem
780 928 852 960 sibi
877 929 1062 970 invenisse
1088 929 1189 961 visus
1215 933 1289 970 cst,
1325 930 1371 961 ad
1404 941 1510 972 quam
1543 931 1609 962 illa

42 977 51 990 ⁸
79 974 195 1005 verba
212 974 489 1015 pertinuissent.
538 973 719 1013 Quoniam
745 973 841 1005 enim
865 974 920 1017 Ap
950 998 958 1005 .
983 974 1008 1007 l.
1037 974 1082 1006 ad
1107 973 1150 1006 52
1176 974 1269 1006 conl.
1296 974 1390 1007 hacc
1422 976 1608 1008 narravit:

79 1012 130 1056 ὦς
156 1014 199 1050 δὲ
223 1015 289 1051 καὶ
313 1015 401 1060 περὶ
425 1017 502 1050 ταῖν
525 1016 654 1050 πυλῶν
679 1017 875 1056 δείσαντες
899 1029 935 1051 οι
962 1014 1131 1061 φύλακες
1162 1014 1208 1050 τά
1234 1019 1400 1061 κλεῖθρα
1425 1020 1610 1063 καθῆκαν

81 1058 119 1101 ἒς
143 1056 264 1101 αὐτὰς
287 1056 364 1095 ἀπὸ
388 1062 588 1106 μηχανῆς,
622 1062 783 1096 Νοῦδον
812 1059 883 1106 μὲν
914 1062 980 1096 καὶ
1010 1063 1086 1096 τῶν
1117 1057 1242 1097 ἄλλων
1273 1059 1471 1108 ἡγεμόνων
1501 1061 1610 1103 τινας

79 1107 284 1146 καλωδίοις
307 1101 566 1151 οἷνιμήσαντο,
598 1113 729 1150 spartis
755 1110 1019 1152 conrigundum
1045 1110 1190 1142 censuit
1215 1113 1251 1142 et
1276 1111 1417 1142 Nudum
1443 1111 1610 1153 aliosque

80 1153 192 1185 duces
217 1153 386 1185 demissis
411 1163 430 1185 e
457 1153 568 1187 muris
594 1153 840 1185 Chalcedonis
867 1155 1022 1186 canibus
1054 1155 1227 1197 adreptos
1243 1158 1297 1194 ‚et
1321 1156 1359 1187 in
1386 1156 1500 1188 altum
1525 1157 1609 1197 sub-

79 1198 176 1230 latos
201 1201 367 1231 servatos
393 1208 487 1230 esse.
549 1197 618 1230 Cui
650 1199 782 1230 doctae
809 1202 846 1230 et
871 1200 1088 1241 ingeniosae
1114 1200 1335 1242 suspicioni,
1369 1204 1410 1232 ut
1442 1202 1609 1233 omittam

81 1243 258 1286 quaerere
291 1253 378 1275 num
409 1243 490 1275 illos
523 1253 635 1275 canes
665 1243 703 1275 in
735 1244 846 1275 muris
879 1247 1029 1286 paratos
1059 1245 1175 1276 fuisse
1200 1245 1280 1277 veri
1305 1245 1424 1277 simile
1451 1247 1517 1286 sit,
1550 1246 1610 1279 vel

80 1289 171 1320 illud
193 1299 303 1320 unum
335 1288 477 1328 obstat,
511 1288 605 1330 quod
635 1288 753 1331 ipsum
777 1289 1015 1329 vocabulum,
1050 1290 1152 1321 cuius
1193 1290 1395 1332 exemplum
1427 1290 1530 1323 locus
1564 1291 1610 1323 ab

80 1333 198 1366 Nonio
224 1333 400 1373 adfertur,
427 1333 688 1375 conrigundum
714 1336 782 1366 est.
822 1334 957 1366 Nescio
975 1334 1122 1376 qualem
1139 1345 1216 1367 rem
1234 1335 1303 1366 sibi
1321 1334 1467 1368 finxerit
1483 1336 1611 1377 Mahly

59 1379 124 1411 *N.
148 1379 191 1410 A.
218 1378 389 1411 LXXVII
421 1377 526 1421 p..79
552 1389 663 1420 panes
695 1378 810 1411 scribi
841 1379 991 1419 iubens,
1023 1390 1142 1422 neque
1173 1380 1378 1422 probabilis
1409 1381 1498 1412 mihi
1530 1381 1609 1414 visa

79 1424 261 1466 Wagneri
286 1424 499 1456 coniectura
525 1422 580 1463 (A.
600 1434 635 1466 g.
663 1424 715 1455 IX
740 1435 774 1466 p.
806 1422 882 1465 196)
907 1426 991 1457 clam
1014 1435 1051 1457 se
1074 1428 1204 1467 sportis
1229 1426 1460 1458 demittebant.
1504 1427 1608 1465 Mihi,

81 1479 163 1500 cum
189 1470 316 1511 aperte
341 1469 385 1500 de
412 1467 560 1500 obsesso
585 1469 718 1511 oppido
744 1469 845 1501 dicta
869 1469 934 1501 illa
959 1470 1115 1510 fuerint,
1149 1471 1186 1502 in
1211 1474 1370 1503 mentem
1396 1473 1498 1504 venit
1522 1472 1610 1504 scri-

80 1514 240 1554 bundum
265 1524 346 1546 esse
371 1524 496 1546 arenas
520 1513 579 1546 vel
604 1525 722 1546 caena.
770 1514 968 1556 Utriusque
1003 1516 1100 1547 enim
1131 1516 1185 1547 rei
1209 1516 1247 1547 in
1272 1516 1487 1549 defensione
1512 1528 1610 1549 moe--

80 1559 179 1591 nium
203 1569 308 1590 usum
333 1559 448 1591 fuisse
474 1559 634 1591 ostendit
659 1559 807 1591 Curtius
833 1560 884 1591 IV
908 1560 948 1600 3,
974 1560 1037 1592 25:
1069 1563 1208 1602 clupeos
1238 1572 1318 1594 vcro
1354 1573 1479 1595 aeneos
1511 1560 1610 1594 n'zulto

80 1607 157 1645 iyne
181 1604 371 1639 torrebant,
398 1614 482 1647 quos
503 1606 655 1645 repletos
675 1604 814 1645 fervida
839 1615 948 1637 arena
971 1616 1143 1649 caenoque
1168 1607 1308 1639 decocto
1334 1618 1352 1639 e
1375 1613 1479 1639 muris
1501 1609 1610 1640 subito

81 1649 309 1681 devolvebant.
357 1649 528 1681 Ceterum
553 1659 702 1681 arenam
727 1653 887 1691 tenuem,
912 1651 1060 1682 etiamsi
1083 1662 1157 1683 non
1181 1651 1327 1684 fervida
1350 1657 1460 1692 esset,
1487 1657 1612 1685 tamen

83 1694 325 1726 escendentes
351 1694 624 1736 obpugnatores
650 1694 783 1726 morari
816 1698 853 1727 et
882 1696 1099 1738 perturbare
1130 1697 1313 1739 potuisse,
1349 1702 1516 1740 apertum
1542 1702 1611 1730 est.

81 1739 136 1770 Ab
163 1738 323 1771 Sertorio
348 1742 469 1771 autem
493 1739 680 1781 pulverem
704 1740 742 1771 in
774 1740 850 1772 alia
875 1751 914 1773 re
941 1741 989 1772 ad
1012 1751 1116 1773 usum
1142 1741 1346 1774 adhibitum
1371 1754 1452 1775 esse
1479 1755 1610 1786 cogno-

76 1784 199 1828 yimus
225 1794 268 1816 ex
292 1783 388 1816 Plut.
416 1783 510 1816 Sert.
539 1795 570 1816 c.
599 1783 652 1816 17.
711 1784 714 1785 ⁷

50 1880 68 1885 r
197 1864 251 1902 54
285 1862 364 1915 [Kr.
387 1867 444 1901 63.
466 1865 505 1901 G.
527 1862 604 1915 45].
650 1863 777 1903 Noctu
799 1838 1154 1915 diuquestationes
1176 1870 1214 1905 et
1236 1866 1382 1916 vigilias
1404 1871 1609 1919 temptare.

143 1951 149 1955 “
196 1941 386 1974 Charisius
418 1953 453 1984 p.
487 1940 571 1974 207:
611 1942 723 1975 Noctu
754 1944 876 1986 diuque
901 1942 1081 1975 Sallustius
1110 1944 1327 1977 historiarum
1357 1946 1403 1978 11.
1452 1947 1510 1978 De
1542 1946 1612 1989 quo

82 1986 174 2019 duce
198 1987 292 2020 haec
324 1987 426 2019 dicta
451 1987 588 2019 fuerint
611 1998 718 2019 nemo
744 1988 855 2020 facile
882 1989 1093 2032 explicabit.
1144 1989 1208 2022 Set
1232 2001 1402 2033 magnam
1427 1992 1506 2024 veri
1531 2002 1612 2034 spe-

83 2033 177 2064 ciem
200 2043 290 2075 prae
314 2042 353 2064 se
377 2032 451 2064 fert
476 2032 676 2064 Godofredi
699 2033 904 2065 Hermanni
929 2033 1065 2076 Opusc.
1091 2035 1123 2066 V
1147 2046 1182 2077 p.
1209 2034 1277 2067 262
1309 2037 1489 2079 suspicio,
1525 2047 1611 2079 quo-

82 2078 182 2109 niam
214 2087 274 2120 ap.
301 2077 444 2109 Charis.
470 2077 580 2120 paulo
610 2081 694 2120 post
724 2077 879 2121 legitur:
910 2079 1069 2112 Naeuiae>
1091 2084 1124 2111 in
1156 2081 1420 2114 Acontizomcno
1455 2081 1616 2124 ‘Sulpicii

82 2127 182 2155 noctu
206 2123 398 2162 interfecit',
424 2133 556 2154 nomen
573 2123 712 2165 Sulpici
731 2124 777 2155 ad
795 2124 948 2156 Sallusti
965 2124 1079 2157 verba
1106 2125 1340 2168 adiungenda
1367 2137 1459 2167 esse,
1487 2137 1613 2169 quam-

84 2178 193 2210 quam
215 2168 377 2210 subplicio
410 2167 641 2200 scribundum
667 2169 809 2200 censuit
833 2169 942 2201 Ribb.
970 2180 1061 2201 com.
1089 2170 1154 2202 rel.
1179 2182 1214 2213 p.
1239 2172 1271 2203 5.
1320 2172 1414 2204 Nam
1439 2173 1524 2214 quid
1549 2173 1612 2204 ob-

83 2216 170 2252 stat,
197 2223 266 2255 quo
283 2214 401 2245 minus
418 2212 621 2255 Sulpicium
647 2214 850 2255 quemdam,
876 2232 921 2237 —
945 2215 1104 2247 fortasse
1123 2216 1225 2249 Serv.
1246 2216 1445 2259 Sulpicium
1462 2218 1611 2256 Rufum,

85 2259 146 2300 qui
171 2268 204 2290 a.
230 2257 274 2290 65
298 2261 448 2300 praetor
472 2258 554 2298 fuit,
581 2269 614 2290 a.
632 2257 677 2291 63
701 2259 739 2290 in
763 2259 942 2302 petitione
961 2260 1171 2292 consulatus
1189 2262 1374 2304 repulsam
1393 2262 1489 2302 tulit,
1516 2274 1551 2295 a.
1569 2263 1613 2294 5⁶2

83 2303 257 2343 interrex,
284 2314 305 2335 a
330 2302 372 2334 51
400 2313 481 2335 cum
504 2303 553 2334 Μ.
574 2303 726 2340 Claudio
743 2304 921 2336 Marcello
939 2315 1012 2337 cos.
1028 2322 1075 2337 —,-
1090 2306 1128 2337 in
1145 2307 1309 2339 exercitu
1333 2307 1391 2340 vel
1419 2308 1487 2341 Gn.
1507 2309 1612 2340 Pom-

84 2348 144 2391 pei
169 2348 228 2381 vel
252 2348 296 2388 Q.
322 2347 467 2380 Metelli
490 2347 607 2390 legati
631 2348 751 2381 locum
777 2350 978 2382 obtinuisse
1004 2351 1207 2383 credamus.

200 2438 254 2476 55
288 2437 368 2491 [Kr.
393 2443 450 2476 61.
482 2441 521 2477 G.
542 2438 618 2491 48].
679 2440 814 2493 Neque
844 2440 1028 2481 subsidiis
1058 2443 1115 2480 uti
1142 2442 1315 2482 soluerat
1345 2445 1568 2495 conpositis,

200 2518 315 2550 Prisc.
340 2518 450 2551 VIIII
473 2529 509 2560 p.
533 2517 619 2551 489:
655 2520 792 2557 ‘soleo',
819 2521 909 2563 quod
933 2520 1069 2554 ‘solitus
1092 2524 1177 2554 sum'
1209 2526 1260 2554 vel
1293 2525 1396 2555 ‘solui
1405 2523 1411 2533 '
1436 2525 1614 2555 secundum

87 2562 278 2597 Sallustium
297 2564 386 2606 facit
408 2564 607 2606 perfectam,
634 2567 692 2607 qui
713 2568 747 2596 in
763 2565 800 2597 H
823 2567 1040 2599 historiarum
1060 2569 1178 2609 ponit:
1203 2578 1321 2610 neque
1341 2587 1382 2590 —
1402 2569 1612 2610 conpositis.

199 2643 253 2683 56
285 2642 365 2696 [Kr.
385 2648 443 2682 65.
475 2645 514 2681 G.
535 2642 613 2696 87].
661 2644 719 2684 Ad
740 2644 816 2700 lloc
843 2657 968 2696 pauca
992 2647 1160 2704 >piratica
1190 2651 1227 2685 et
1255 2647 1427 2685 actuaria
1448 2647 1612 2696 navigia.

199 2723 291 2755 Non.
326 2733 360 2764 p.
387 2721 470 2754 366:
511 2723 700 2756 Actum-tae
731 2726 903 2757 naviculae
933 2728 1062 2758 celeres
1094 2726 1223 2762 dictae,
1257 2725 1349 2767 quod
1376 2726 1434 2766 aqi
1458 2730 1613 2766 possent.

88 2766 268 2799 Sallustius
284 2758 376 2799 Hist.
395 2767 451 2800 lib.
467 2768 520 2800 11:
548 2768 594 2800 ad
617 2768 687 2800 hoc
704 2787 747 2791 —-
763 2770 927 2812 navigia.
970 2769 1279 2801 Homoeoteleuta
1305 2769 1393 2800 ferri
1418 2780 1489 2802 non
1506 2781 1614 2812 posse

90 2815 127 2844 et
151 2822 231 2844 cum
254 2812 339 2844 libri
362 2813 457 2844 Noni
482 2812 681 2847 exhibeant
699 2816 882 2856 piraticae.
909 2814 1140 2846 scribendum
1166 2823 1245 2845 esse
1268 2816 1419 2855 piratica
1443 2819 1476 2846 et
1500 2820 1616 2848 actua-

87 2858 143 2888 ria
173 2857 364 2901 perspexit
394 2857 520 2899 Mahly
544 2858 567 2889 l.
595 2869 626 2890 c.
660 2870 695 2901 p.
722 2858 779 2891 79.
836 2858 1005 2890 Ceterum
1039 2858 1197 2889 minume
1228 2868 1381 2891 necesse
1415 2863 1488 2899 cst,
1519 2861 1615 2893 haec

88 2901 203 2944 verba
228 2903 265 2933 in
291 2902 524 2934 enarratione
550 2903 644 2935 belli
657 2903 849 2935 advorsum
867 2904 1134 2945 piratasgesta
1150 2903 1265 2934 fuisse
1290 2906 1507 2945 statuamus,
1535 2916 1616 2938 cum

87 2946 290 2988 piratarum
314 2957 429 2979 naves
453 2951 528 2979 tum
553 2950 620 2989 per
644 2948 765 2980 omnia
788 2949 906 2979 maria
931 2957 1080 2989 sparsas
1107 2947 1219 2979 fuisse
1239 2952 1394 2981 constet.

1285 3006 1348 3044 4*
