<?xml version="1.0" encoding="UTF-8"?>
<!DOCTYPE html PUBLIC "-//W3C//DTD XHTML 1.0 Transitional//EN"
    "http://www.w3.org/TR/xhtml1/DTD/xhtml1-transitional.dtd">
<html xmlns="http://www.w3.org/1999/xhtml" xml:lang="en" lang="en">
 <head>
  <title>
</title>
<meta http-equiv="Content-Type" content="text/html;charset=utf-8" />
  <meta name='ocr-system' content='tesseract 3.04.00' />
  <meta name='ocr-capabilities' content='ocr_page ocr_carea ocr_par ocr_line ocrx_word'/>
</head>
<body>
  <div class='ocr_page' id='page_1' title='image "./quaesupersunt02salluoft_0393.png"; bbox 0 0 1812 3268; ppageno 0'>
   <div class='ocr_carea' id='block_1_1' title="bbox 813 207 1646 256">
    <p class='ocr_par' dir='ltr' id='par_1_1' title="bbox 813 207 1646 256">
     <span class='ocr_line' id='line_1_1' title="bbox 813 207 1646 256; baseline -0.005 -1"><span class='ocrx_word' id='word_1_1' title='bbox 813 227 948 256; x_wconf 70' lang='lat' dir='ltr'>mnnx</span> <span class='ocrx_word' id='word_1_2' title='bbox 1550 207 1646 252; x_wconf 26' lang='lat'><strong>&gt;385</strong></span> 
     </span>
    </p>
   </div>
   <div class='ocr_carea' id='block_1_2' title="bbox 122 322 1643 374">
    <p class='ocr_par' dir='ltr' id='par_1_2' title="bbox 122 322 1643 374">
     <span class='ocr_line' id='line_1_2' title="bbox 122 322 1643 374; baseline -0.009 -6"><span class='ocrx_word' id='word_1_3' title='bbox 122 335 341 368; x_wconf 76' lang='lat' dir='ltr'>circumiens</span> <span class='ocrx_word' id='word_1_4' title='bbox 355 334 380 366; x_wconf 88' lang='lat' dir='ltr'><strong>J</strong></span> <span class='ocrx_word' id='word_1_5' title='bbox 396 331 452 372; x_wconf 88' lang='grc'>49,</span> <span class='ocrx_word' id='word_1_6' title='bbox 471 332 504 364; x_wconf 90' lang='grc'>2.</span> <span class='ocrx_word' id='word_1_7' title='bbox 543 341 610 374; x_wconf 88' lang='lat' dir='ltr'>per</span> <span class='ocrx_word' id='word_1_8' title='bbox 626 330 832 370; x_wconf 80' lang='lat' dir='ltr'>centurias,</span> <span class='ocrx_word' id='word_1_9' title='bbox 857 328 948 360; x_wconf 90' lang='lat' dir='ltr'>item</span> <span class='ocrx_word' id='word_1_10' title='bbox 963 330 1102 359; x_wconf 87' lang='lat' dir='ltr'>turmas</span> <span class='ocrx_word' id='word_1_11' title='bbox 1118 325 1356 359; x_wconf 78' lang='lat' dir='ltr'><strong>distribuerat</strong></span> <span class='ocrx_word' id='word_1_12' title='bbox 1369 324 1395 356; x_wconf 79' lang='lat' dir='ltr'>J</span> <span class='ocrx_word' id='word_1_13' title='bbox 1410 322 1467 366; x_wconf 84' lang='grc'>91,</span> <span class='ocrx_word' id='word_1_14' title='bbox 1486 323 1517 356; x_wconf 90' lang='grc'>1.</span> <span class='ocrx_word' id='word_1_15' title='bbox 1560 333 1643 356; x_wconf 88' lang='lat' dir='ltr'>cum</span> 
     </span>
    </p>
   </div>
   <div class='ocr_carea' id='block_1_3' title="bbox 119 373 1644 2582">
    <p class='ocr_par' dir='ltr' id='par_1_3' title="bbox 122 373 770 414">
     <span class='ocr_line' id='line_1_3' title="bbox 122 373 770 414; baseline -0.011 -1"><span class='ocrx_word' id='word_1_16' title='bbox 122 380 264 413; x_wconf 82' lang='lat' dir='ltr'>duabus</span> <span class='ocrx_word' id='word_1_17' title='bbox 280 379 409 411; x_wconf 89' lang='lat' dir='ltr'>turmis</span> <span class='ocrx_word' id='word_1_18' title='bbox 426 377 610 409; x_wconf 86' lang='lat' dir='ltr'>Thracum</span> <span class='ocrx_word' id='word_1_19' title='bbox 624 376 648 408; x_wconf 91' lang='lat' dir='ltr'><strong>J</strong></span> <span class='ocrx_word' id='word_1_20' title='bbox 663 373 720 414; x_wconf 87' lang='lat'>38,</span> <span class='ocrx_word' id='word_1_21' title='bbox 737 373 770 406; x_wconf 99' lang='lat'>6.</span> 
     </span>
    </p>

    <p class='ocr_par' dir='ltr' id='par_1_4' title="bbox 166 418 942 459">
     <span class='ocr_line' id='line_1_4' title="bbox 166 418 942 459; baseline -0.008 -3"><span class='ocrx_word' id='word_1_22' title='bbox 166 425 339 456; x_wconf 73' lang='lat' dir='ltr'><strong>turmatim</strong></span> <span class='ocrx_word' id='word_1_23' title='bbox 355 441 397 446; x_wconf 92' lang='lat'><strong>—</strong></span> <span class='ocrx_word' id='word_1_24' title='bbox 413 423 562 455; x_wconf 84' lang='lat' dir='ltr'>Mauros</span> <span class='ocrx_word' id='word_1_25' title='bbox 579 420 758 453; x_wconf 86' lang='lat' dir='ltr'>invadunt</span> <span class='ocrx_word' id='word_1_26' title='bbox 773 420 797 451; x_wconf 87' lang='lat' dir='ltr'><strong>J</strong></span> <span class='ocrx_word' id='word_1_27' title='bbox 815 418 891 459; x_wconf 97' lang='grc'>101,</span> <span class='ocrx_word' id='word_1_28' title='bbox 909 419 942 450; x_wconf 87' lang='lat'>4.</span> 
     </span>
    </p>

    <p class='ocr_par' dir='ltr' id='par_1_5' title="bbox 166 461 1215 509">
     <span class='ocr_line' id='line_1_5' title="bbox 166 461 1215 509; baseline -0.008 -7"><span class='ocrx_word' id='word_1_29' title='bbox 166 470 345 509; x_wconf 72' lang='lat' dir='ltr'>Turpilius.</span> <span class='ocrx_word' id='word_1_30' title='bbox 377 469 419 500; x_wconf 90' lang='lat' dir='ltr'>T.</span> <span class='ocrx_word' id='word_1_31' title='bbox 437 466 625 509; x_wconf 84' lang='lat' dir='ltr'>Turpilius</span> <span class='ocrx_word' id='word_1_32' title='bbox 642 464 790 498; x_wconf 83' lang='lat' dir='ltr'>Silanus</span> <span class='ocrx_word' id='word_1_33' title='bbox 803 465 827 496; x_wconf 89' lang='lat' dir='ltr'><strong>J</strong></span> <span class='ocrx_word' id='word_1_34' title='bbox 843 463 898 504; x_wconf 89' lang='lat'>66,</span> <span class='ocrx_word' id='word_1_35' title='bbox 917 463 958 496; x_wconf 70' lang='lat'>3.</span> <span class='ocrx_word' id='word_1_36' title='bbox 976 462 1030 503; x_wconf 88' lang='lat'>67,</span> <span class='ocrx_word' id='word_1_37' title='bbox 1050 462 1083 495; x_wconf 85' lang='lat'>3.</span> <span class='ocrx_word' id='word_1_38' title='bbox 1107 461 1164 502; x_wconf 93' lang='lat'>69,</span> <span class='ocrx_word' id='word_1_39' title='bbox 1181 462 1215 494; x_wconf 89' lang='grc'>4.</span> 
     </span>
    </p>

    <p class='ocr_par' dir='ltr' id='par_1_6' title="bbox 121 504 1644 646">
     <span class='ocr_line' id='line_1_6' title="bbox 165 504 1643 554; baseline -0.006 -7"><span class='ocrx_word' id='word_1_40' title='bbox 165 515 285 554; x_wconf 72' lang='lat' dir='ltr'>turpis.</span> <span class='ocrx_word' id='word_1_41' title='bbox 317 512 453 546; x_wconf 86' lang='lat' dir='ltr'>ancilla</span> <span class='ocrx_word' id='word_1_42' title='bbox 470 512 587 554; x_wconf 87' lang='lat' dir='ltr'>turpis</span> <span class='ocrx_word' id='word_1_43' title='bbox 603 511 639 542; x_wconf 91' lang='lat' dir='ltr'>H</span> <span class='ocrx_word' id='word_1_44' title='bbox 655 511 673 542; x_wconf 97' lang='lat' dir='ltr'>I</span> <span class='ocrx_word' id='word_1_45' title='bbox 688 509 744 550; x_wconf 86' lang='grc'>41,</span> <span class='ocrx_word' id='word_1_46' title='bbox 763 509 819 541; x_wconf 94' lang='grc'>21.</span> <span class='ocrx_word' id='word_1_47' title='bbox 859 513 886 541; x_wconf 89' lang='lat' dir='ltr'>t.</span> <span class='ocrx_word' id='word_1_48' title='bbox 906 508 1010 541; x_wconf 86' lang='lat' dir='ltr'>facta</span> <span class='ocrx_word' id='word_1_49' title='bbox 1025 508 1050 540; x_wconf 90' lang='lat' dir='ltr'><strong>J</strong></span> <span class='ocrx_word' id='word_1_50' title='bbox 1065 506 1127 547; x_wconf 84' lang='grc'>85,</span> <span class='ocrx_word' id='word_1_51' title='bbox 1145 506 1201 540; x_wconf 88' lang='grc'>31.</span> <span class='ocrx_word' id='word_1_52' title='bbox 1243 506 1344 538; x_wconf 77' lang='lat' dir='ltr'>fama</span> <span class='ocrx_word' id='word_1_53' title='bbox 1359 506 1383 538; x_wconf 88' lang='lat' dir='ltr'>J</span> <span class='ocrx_word' id='word_1_54' title='bbox 1398 504 1462 547; x_wconf 88' lang='lat'>85,</span> <span class='ocrx_word' id='word_1_55' title='bbox 1481 504 1536 539; x_wconf 91' lang='lat'>33.</span> <span class='ocrx_word' id='word_1_56' title='bbox 1571 506 1643 539; x_wconf 84' lang='lat' dir='ltr'>for-</span> 
     </span>
     <span class='ocr_line' id='line_1_7' title="bbox 122 549 1644 599; baseline -0.006 -7"><span class='ocrx_word' id='word_1_57' title='bbox 122 560 218 592; x_wconf 88' lang='lat' dir='ltr'>mido</span> <span class='ocrx_word' id='word_1_58' title='bbox 235 559 271 591; x_wconf 90' lang='lat' dir='ltr'>H</span> <span class='ocrx_word' id='word_1_59' title='bbox 285 560 304 591; x_wconf 91' lang='lat'><strong>1</strong></span> <span class='ocrx_word' id='word_1_60' title='bbox 320 558 376 590; x_wconf 89' lang='lat'>28.</span> <span class='ocrx_word' id='word_1_61' title='bbox 418 559 507 599; x_wconf 80' lang='lat' dir='ltr'>fuga</span> <span class='ocrx_word' id='word_1_62' title='bbox 523 557 547 589; x_wconf 97' lang='lat' dir='ltr'>J</span> <span class='ocrx_word' id='word_1_63' title='bbox 566 554 642 595; x_wconf 86' lang='grc'>106,</span> <span class='ocrx_word' id='word_1_64' title='bbox 660 554 692 587; x_wconf 91' lang='grc'>3.</span> <span class='ocrx_word' id='word_1_65' title='bbox 733 555 812 586; x_wconf 88' lang='lat' dir='ltr'>vita</span> <span class='ocrx_word' id='word_1_66' title='bbox 827 555 852 586; x_wconf 88' lang='lat' dir='ltr'><strong>J</strong></span> <span class='ocrx_word' id='word_1_67' title='bbox 868 553 924 594; x_wconf 90' lang='lat'>67,</span> <span class='ocrx_word' id='word_1_68' title='bbox 942 553 974 586; x_wconf 85' lang='lat'>3.</span> <span class='ocrx_word' id='word_1_69' title='bbox 991 565 1039 581; x_wconf 86' lang='lat'>==</span> <span class='ocrx_word' id='word_1_70' title='bbox 1055 552 1252 592; x_wconf 66' lang='lat' dir='ltr'>turpissumi</span> <span class='ocrx_word' id='word_1_71' title='bbox 1268 551 1338 584; x_wconf 90' lang='lat' dir='ltr'>viri</span> <span class='ocrx_word' id='word_1_72' title='bbox 1353 551 1378 583; x_wconf 89' lang='lat' dir='ltr'>J</span> <span class='ocrx_word' id='word_1_73' title='bbox 1394 549 1450 591; x_wconf 84' lang='lat'>85,</span> <span class='ocrx_word' id='word_1_74' title='bbox 1465 551 1522 583; x_wconf 90' lang='lat'>42.</span> <span class='ocrx_word' id='word_1_75' title='bbox 1555 561 1644 584; x_wconf 86' lang='lat' dir='ltr'>ven-</span> 
     </span>
     <span class='ocr_line' id='line_1_8' title="bbox 121 595 1642 646; baseline -0.007 -9"><span class='ocrx_word' id='word_1_76' title='bbox 121 606 181 645; x_wconf 83' lang='lat' dir='ltr'>tri,</span> <span class='ocrx_word' id='word_1_77' title='bbox 200 604 444 646; x_wconf 82' lang='lat' dir='ltr'>turpissumae</span> <span class='ocrx_word' id='word_1_78' title='bbox 462 601 559 645; x_wconf 87' lang='lat' dir='ltr'>parti</span> <span class='ocrx_word' id='word_1_79' title='bbox 576 600 738 642; x_wconf 84' lang='lat' dir='ltr'>eorporis</span> <span class='ocrx_word' id='word_1_80' title='bbox 754 600 779 631; x_wconf 91' lang='lat' dir='ltr'>J</span> <span class='ocrx_word' id='word_1_81' title='bbox 795 599 850 640; x_wconf 91' lang='lat'>85,</span> <span class='ocrx_word' id='word_1_82' title='bbox 868 599 923 631; x_wconf 89' lang='lat'>41.</span> <span class='ocrx_word' id='word_1_83' title='bbox 939 611 986 626; x_wconf 73' lang='grc' dir='ltr'>Ξ</span> <span class='ocrx_word' id='word_1_84' title='bbox 1001 596 1150 638; x_wconf 66' lang='lat' dir='ltr'>turpiter</span> <span class='ocrx_word' id='word_1_85' title='bbox 1164 597 1392 629; x_wconf 82' lang='lat' dir='ltr'>moriundum</span> <span class='ocrx_word' id='word_1_86' title='bbox 1407 596 1444 628; x_wconf 90' lang='lat' dir='ltr'>H</span> <span class='ocrx_word' id='word_1_87' title='bbox 1459 597 1495 628; x_wconf 91' lang='grc' dir='ltr'>Π</span> <span class='ocrx_word' id='word_1_88' title='bbox 1510 596 1566 638; x_wconf 96' lang='grc'>41,</span> <span class='ocrx_word' id='word_1_89' title='bbox 1589 595 1642 629; x_wconf 91' lang='grc'>11.</span> 
     </span>
    </p>

    <p class='ocr_par' dir='ltr' id='par_1_7' title="bbox 121 641 1644 733">
     <span class='ocr_line' id='line_1_9' title="bbox 165 641 1644 689; baseline -0.006 -8"><span class='ocrx_word' id='word_1_90' title='bbox 165 649 351 689; x_wconf 80' lang='lat' dir='ltr'>turpitudo.</span> <span class='ocrx_word' id='word_1_91' title='bbox 381 645 561 689; x_wconf 88' lang='lat' dir='ltr'>(divitiis)</span> <span class='ocrx_word' id='word_1_92' title='bbox 586 646 689 678; x_wconf 83' lang='lat' dir='ltr'>abuti</span> <span class='ocrx_word' id='word_1_93' title='bbox 711 655 777 687; x_wconf 92' lang='lat' dir='ltr'>per</span> <span class='ocrx_word' id='word_1_94' title='bbox 801 644 1064 687; x_wconf 85' lang='lat' dir='ltr'>turpitudinem</span> <span class='ocrx_word' id='word_1_95' title='bbox 1083 642 1111 675; x_wconf 88' lang='lat' dir='ltr'>C</span> <span class='ocrx_word' id='word_1_96' title='bbox 1128 641 1180 684; x_wconf 84' lang='lat'>13,</span> <span class='ocrx_word' id='word_1_97' title='bbox 1199 643 1232 674; x_wconf 88' lang='lat'>2.</span> <span class='ocrx_word' id='word_1_98' title='bbox 1274 652 1355 674; x_wconf 85' lang='lat' dir='ltr'>cum</span> <span class='ocrx_word' id='word_1_99' title='bbox 1373 651 1514 674; x_wconf 85' lang='lat' dir='ltr'>summa</span> <span class='ocrx_word' id='word_1_100' title='bbox 1530 642 1644 685; x_wconf 86' lang='lat' dir='ltr'>turpi—</span> 
     </span>
     <span class='ocr_line' id='line_1_10' title="bbox 121 689 884 733; baseline -0.008 -6"><span class='ocrx_word' id='word_1_101' title='bbox 121 695 248 727; x_wconf 84' lang='lat' dir='ltr'>tudine</span> <span class='ocrx_word' id='word_1_102' title='bbox 265 695 304 726; x_wconf 90' lang='lat' dir='ltr'>in</span> <span class='ocrx_word' id='word_1_103' title='bbox 321 693 432 726; x_wconf 85' lang='lat' dir='ltr'>exilio</span> <span class='ocrx_word' id='word_1_104' title='bbox 447 693 563 724; x_wconf 86' lang='lat' dir='ltr'>vitam</span> <span class='ocrx_word' id='word_1_105' title='bbox 581 701 692 733; x_wconf 88' lang='lat' dir='ltr'>agere</span> <span class='ocrx_word' id='word_1_106' title='bbox 711 690 738 722; x_wconf 82' lang='lat' dir='ltr'>O</span> <span class='ocrx_word' id='word_1_107' title='bbox 756 689 811 728; x_wconf 85' lang='lat'>58,</span> <span class='ocrx_word' id='word_1_108' title='bbox 833 690 884 722; x_wconf 87' lang='lat'>13.</span> 
     </span>
    </p>

    <p class='ocr_par' dir='ltr' id='par_1_8' title="bbox 119 732 1643 958">
     <span class='ocr_line' id='line_1_11' title="bbox 165 732 1642 778; baseline -0.005 -7"><span class='ocrx_word' id='word_1_109' title='bbox 165 740 280 771; x_wconf 70' lang='lat' dir='ltr'>turris.</span> <span class='ocrx_word' id='word_1_110' title='bbox 312 739 502 770; x_wconf 84' lang='lat' dir='ltr'>obsessum</span> <span class='ocrx_word' id='word_1_111' title='bbox 526 737 654 768; x_wconf 87' lang='lat' dir='ltr'>turrim</span> <span class='ocrx_word' id='word_1_112' title='bbox 677 736 819 778; x_wconf 80' lang='lat' dir='ltr'>regiam</span> <span class='ocrx_word' id='word_1_113' title='bbox 834 736 858 767; x_wconf 90' lang='lat' dir='ltr'>J</span> <span class='ocrx_word' id='word_1_114' title='bbox 877 733 957 775; x_wconf 89' lang='grc'>103,</span> <span class='ocrx_word' id='word_1_115' title='bbox 978 734 1009 766; x_wconf 92' lang='lat' dir='ltr'>l.</span> <span class='ocrx_word' id='word_1_116' title='bbox 1050 744 1162 766; x_wconf 87' lang='lat' dir='ltr'>onere</span> <span class='ocrx_word' id='word_1_117' title='bbox 1185 733 1338 764; x_wconf 82' lang='lat' dir='ltr'>turrium</span> <span class='ocrx_word' id='word_1_118' title='bbox 1362 732 1515 765; x_wconf 89' lang='lat' dir='ltr'>incertis</span> <span class='ocrx_word' id='word_1_119' title='bbox 1539 733 1642 765; x_wconf 84' lang='lat' dir='ltr'>navi·</span> 
     </span>
     <span class='ocr_line' id='line_1_12' title="bbox 121 777 1643 825; baseline -0.005 -8"><span class='ocrx_word' id='word_1_120' title='bbox 121 786 188 817; x_wconf 89' lang='lat' dir='ltr'>bus</span> <span class='ocrx_word' id='word_1_121' title='bbox 205 785 241 816; x_wconf 89' lang='lat' dir='ltr'>H</span> <span class='ocrx_word' id='word_1_122' title='bbox 256 784 312 816; x_wconf 84' lang='lat'>111</span> <span class='ocrx_word' id='word_1_123' title='bbox 328 783 383 816; x_wconf 89' lang='lat'>23.</span> <span class='ocrx_word' id='word_1_124' title='bbox 419 782 618 825; x_wconf 84' lang='lat' dir='ltr'>aggeribus</span> <span class='ocrx_word' id='word_1_125' title='bbox 634 781 828 822; x_wconf 85' lang='lat' dir='ltr'>turribusq.</span> <span class='ocrx_word' id='word_1_126' title='bbox 846 780 947 812; x_wconf 88' lang='lat' dir='ltr'>locus</span> <span class='ocrx_word' id='word_1_127' title='bbox 963 780 1176 822; x_wconf 85' lang='lat' dir='ltr'>inportunus</span> <span class='ocrx_word' id='word_1_128' title='bbox 1191 778 1215 810; x_wconf 89' lang='lat' dir='ltr'>J</span> <span class='ocrx_word' id='word_1_129' title='bbox 1231 777 1287 818; x_wconf 84' lang='grc'>92,</span> <span class='ocrx_word' id='word_1_130' title='bbox 1307 778 1340 810; x_wconf 90' lang='grc'>7.</span> <span class='ocrx_word' id='word_1_131' title='bbox 1381 779 1491 810; x_wconf 85' lang='lat' dir='ltr'>turris</span> <span class='ocrx_word' id='word_1_132' title='bbox 1508 789 1643 821; x_wconf 82' lang='lat' dir='ltr'>capere</span> 
     </span>
     <span class='ocr_line' id='line_1_13' title="bbox 119 823 1643 869; baseline -0.003 -8"><span class='ocrx_word' id='word_1_133' title='bbox 119 830 144 862; x_wconf 89' lang='lat' dir='ltr'>J</span> <span class='ocrx_word' id='word_1_134' title='bbox 159 828 214 869; x_wconf 88' lang='lat'>69,</span> <span class='ocrx_word' id='word_1_135' title='bbox 233 829 267 860; x_wconf 92' lang='lat'>2.</span> <span class='ocrx_word' id='word_1_136' title='bbox 299 845 344 850; x_wconf 93' lang='lat'>—</span> <span class='ocrx_word' id='word_1_137' title='bbox 361 828 495 860; x_wconf 85' lang='lat' dir='ltr'>extruit</span> <span class='ocrx_word' id='word_1_138' title='bbox 509 828 534 859; x_wconf 97' lang='lat' dir='ltr'>J</span> <span class='ocrx_word' id='word_1_139' title='bbox 550 826 606 867; x_wconf 92' lang='lat'>23,</span> <span class='ocrx_word' id='word_1_140' title='bbox 628 827 657 858; x_wconf 94' lang='lat'>1.</span> <span class='ocrx_word' id='word_1_141' title='bbox 692 826 811 859; x_wconf 85' lang='lat' dir='ltr'>vineis</span> <span class='ocrx_word' id='word_1_142' title='bbox 829 825 1024 867; x_wconf 89' lang='lat' dir='ltr'>turribusq.</span> <span class='ocrx_word' id='word_1_143' title='bbox 1044 827 1082 856; x_wconf 87' lang='lat' dir='ltr'>et</span> <span class='ocrx_word' id='word_1_144' title='bbox 1098 823 1278 856; x_wconf 78' lang='lat' dir='ltr'>machinis</span> <span class='ocrx_word' id='word_1_145' title='bbox 1295 823 1453 855; x_wconf 89' lang='lat' dir='ltr'>omnium</span> <span class='ocrx_word' id='word_1_146' title='bbox 1469 832 1643 866; x_wconf 81' lang='lat' dir='ltr'>generum</span> 
     </span>
     <span class='ocr_line' id='line_1_14' title="bbox 122 869 1643 916; baseline -0.004 -10"><span class='ocrx_word' id='word_1_147' title='bbox 122 874 336 916; x_wconf 78' lang='lat' dir='ltr'>adgreditur</span> <span class='ocrx_word' id='word_1_148' title='bbox 350 874 373 906; x_wconf 92' lang='lat' dir='ltr'>J</span> <span class='ocrx_word' id='word_1_149' title='bbox 390 872 445 913; x_wconf 88' lang='grc'>21,</span> <span class='ocrx_word' id='word_1_150' title='bbox 465 871 496 905; x_wconf 87' lang='grc'>3.</span> <span class='ocrx_word' id='word_1_151' title='bbox 538 882 647 914; x_wconf 90' lang='lat' dir='ltr'>super</span> <span class='ocrx_word' id='word_1_152' title='bbox 670 882 846 914; x_wconf 82' lang='lat' dir='ltr'>aggerem</span> <span class='ocrx_word' id='word_1_153' title='bbox 869 870 1038 913; x_wconf 87' lang='lat' dir='ltr'>inpositis</span> <span class='ocrx_word' id='word_1_154' title='bbox 1059 869 1219 901; x_wconf 82' lang='lat' dir='ltr'>turribus</span> <span class='ocrx_word' id='word_1_155' title='bbox 1243 878 1332 911; x_wconf 85' lang='lat' dir='ltr'>opus</span> <span class='ocrx_word' id='word_1_156' title='bbox 1354 871 1391 900; x_wconf 87' lang='lat' dir='ltr'>et</span> <span class='ocrx_word' id='word_1_157' title='bbox 1407 869 1643 901; x_wconf 85' lang='lat' dir='ltr'>administros</span> 
     </span>
     <span class='ocr_line' id='line_1_15' title="bbox 119 912 1327 958; baseline -0.005 -7"><span class='ocrx_word' id='word_1_158' title='bbox 119 920 233 951; x_wconf 86' lang='lat' dir='ltr'>tutari</span> <span class='ocrx_word' id='word_1_159' title='bbox 247 919 272 951; x_wconf 89' lang='lat' dir='ltr'>J</span> <span class='ocrx_word' id='word_1_160' title='bbox 287 918 343 958; x_wconf 88' lang='lat'>76,</span> <span class='ocrx_word' id='word_1_161' title='bbox 361 917 394 951; x_wconf 93' lang='grc'><strong>3.</strong></span> <span class='ocrx_word' id='word_1_162' title='bbox 434 917 551 949; x_wconf 86' lang='lat' dir='ltr'>tribus</span> <span class='ocrx_word' id='word_1_163' title='bbox 569 927 651 949; x_wconf 89' lang='lat' dir='ltr'>cum</span> <span class='ocrx_word' id='word_1_164' title='bbox 668 917 779 948; x_wconf 87' lang='lat' dir='ltr'>muris</span> <span class='ocrx_word' id='word_1_165' title='bbox 797 919 834 948; x_wconf 87' lang='lat' dir='ltr'>et</span> <span class='ocrx_word' id='word_1_166' title='bbox 851 916 997 957; x_wconf 81' lang='lat' dir='ltr'>magnis</span> <span class='ocrx_word' id='word_1_167' title='bbox 1013 915 1173 946; x_wconf 87' lang='lat' dir='ltr'>turribus</span> <span class='ocrx_word' id='word_1_168' title='bbox 1190 914 1226 945; x_wconf 93' lang='lat' dir='ltr'>H</span> <span class='ocrx_word' id='word_1_169' title='bbox 1242 914 1255 945; x_wconf 93' lang='lat' dir='ltr'>i</span> <span class='ocrx_word' id='word_1_170' title='bbox 1274 912 1327 946; x_wconf 87' lang='grc'>16.</span> 
     </span>
    </p>

    <p class='ocr_par' dir='ltr' id='par_1_9' title="bbox 165 958 1254 1004">
     <span class='ocr_line' id='line_1_16' title="bbox 165 958 1254 1004; baseline -0.005 -8"><span class='ocrx_word' id='word_1_171' title='bbox 165 967 231 996; x_wconf 75' lang='lat' dir='ltr'>tus.</span> <span class='ocrx_word' id='word_1_172' title='bbox 261 964 427 996; x_wconf 89' lang='lat' dir='ltr'>venienti</span> <span class='ocrx_word' id='word_1_173' title='bbox 442 967 523 995; x_wconf 85' lang='lat' dir='ltr'>ture</span> <span class='ocrx_word' id='word_1_174' title='bbox 542 962 647 1004; x_wconf 88' lang='lat' dir='ltr'>quasi</span> <span class='ocrx_word' id='word_1_175' title='bbox 665 962 732 994; x_wconf 92' lang='lat' dir='ltr'>deo</span> <span class='ocrx_word' id='word_1_176' title='bbox 751 961 1028 1003; x_wconf 88' lang='lat' dir='ltr'>subplicabatur</span> <span class='ocrx_word' id='word_1_177' title='bbox 1044 960 1079 991; x_wconf 94' lang='lat' dir='ltr'>H</span> <span class='ocrx_word' id='word_1_178' title='bbox 1095 960 1131 991; x_wconf 95' lang='lat' dir='ltr'>II</span> <span class='ocrx_word' id='word_1_179' title='bbox 1147 958 1201 999; x_wconf 88' lang='grc'>23,</span> <span class='ocrx_word' id='word_1_180' title='bbox 1221 958 1254 991; x_wconf 91' lang='grc'><strong>3.</strong></span> 
     </span>
    </p>

    <p class='ocr_par' dir='ltr' id='par_1_10' title="bbox 166 1007 456 1049">
     <span class='ocr_line' id='line_1_17' title="bbox 166 1007 456 1049; baseline 0 -9"><span class='ocrx_word' id='word_1_181' title='bbox 166 1010 266 1040; x_wconf 79' lang='lat' dir='ltr'>Tusci</span> <span class='ocrx_word' id='word_1_182' title='bbox 283 1008 310 1040; x_wconf 88' lang='lat' dir='ltr'>C</span> <span class='ocrx_word' id='word_1_183' title='bbox 327 1009 382 1049; x_wconf 93' lang='lat'>51,</span> <span class='ocrx_word' id='word_1_184' title='bbox 402 1007 456 1040; x_wconf 88' lang='lat'>38.</span> 
     </span>
    </p>

    <p class='ocr_par' dir='ltr' id='par_1_11' title="bbox 119 1048 1644 1276">
     <span class='ocr_line' id='line_1_18' title="bbox 165 1048 1642 1089; baseline -0.003 -3"><span class='ocrx_word' id='word_1_185' title='bbox 165 1057 267 1086; x_wconf 82' lang='lat' dir='ltr'>tutor.</span> <span class='ocrx_word' id='word_1_186' title='bbox 298 1064 369 1086; x_wconf 89' lang='lat' dir='ltr'>nou</span> <span class='ocrx_word' id='word_1_187' title='bbox 387 1052 531 1085; x_wconf 81' lang='lat' dir='ltr'>castelli</span> <span class='ocrx_word' id='word_1_188' title='bbox 547 1052 737 1084; x_wconf 89' lang='lat' dir='ltr'>moenibus</span> <span class='ocrx_word' id='word_1_189' title='bbox 755 1062 837 1084; x_wconf 89' lang='lat' dir='ltr'>sese</span> <span class='ocrx_word' id='word_1_190' title='bbox 854 1051 1070 1083; x_wconf 87' lang='lat' dir='ltr'>tutabantur</span> <span class='ocrx_word' id='word_1_191' title='bbox 1085 1050 1107 1082; x_wconf 89' lang='lat' dir='ltr'>J</span> <span class='ocrx_word' id='word_1_192' title='bbox 1118 1048 1175 1089; x_wconf 89' lang='lat'>94,</span> <span class='ocrx_word' id='word_1_193' title='bbox 1185 1049 1217 1081; x_wconf 88' lang='lat'>4.</span> <span class='ocrx_word' id='word_1_194' title='bbox 1251 1048 1334 1081; x_wconf 87' lang='lat' dir='ltr'>finis</span> <span class='ocrx_word' id='word_1_195' title='bbox 1350 1059 1450 1082; x_wconf 87' lang='lat' dir='ltr'>meos</span> <span class='ocrx_word' id='word_1_196' title='bbox 1469 1049 1642 1082; x_wconf 84' lang='lat' dir='ltr'>advorsus</span> 
     </span>
     <span class='ocr_line' id='line_1_19' title="bbox 128 1094 1641 1139; baseline -0.003 -8"><span class='ocrx_word' id='word_1_197' title='bbox 128 1103 290 1131; x_wconf 83' lang='lat' dir='ltr'>armatos</span> <span class='ocrx_word' id='word_1_198' title='bbox 308 1102 450 1131; x_wconf 82' lang='lat' dir='ltr'>tutatus</span> <span class='ocrx_word' id='word_1_199' title='bbox 468 1108 546 1130; x_wconf 91' lang='lat' dir='ltr'>sum</span> <span class='ocrx_word' id='word_1_200' title='bbox 563 1099 586 1130; x_wconf 91' lang='lat' dir='ltr'>J</span> <span class='ocrx_word' id='word_1_201' title='bbox 613 1096 694 1138; x_wconf 91' lang='grc'>110,</span> <span class='ocrx_word' id='word_1_202' title='bbox 714 1096 746 1129; x_wconf 88' lang='lat'><strong>6.</strong></span> <span class='ocrx_word' id='word_1_203' title='bbox 789 1107 883 1139; x_wconf 84' lang='lat' dir='ltr'>quae</span> <span class='ocrx_word' id='word_1_204' title='bbox 908 1096 1027 1128; x_wconf 82' lang='lat' dir='ltr'>adhuc</span> <span class='ocrx_word' id='word_1_205' title='bbox 1050 1094 1266 1138; x_wconf 84' lang='lat' dir='ltr'>Iugurtham</span> <span class='ocrx_word' id='word_1_206' title='bbox 1289 1097 1411 1126; x_wconf 76' lang='lat' dir='ltr'>tutata</span> <span class='ocrx_word' id='word_1_207' title='bbox 1434 1098 1519 1130; x_wconf 87' lang='lat' dir='ltr'>sunt</span> <span class='ocrx_word' id='word_1_208' title='bbox 1539 1095 1564 1127; x_wconf 91' lang='lat' dir='ltr'>J</span> <span class='ocrx_word' id='word_1_209' title='bbox 1585 1094 1641 1135; x_wconf 89' lang='lat'>85,</span> 
     </span>
     <span class='ocr_line' id='line_1_20' title="bbox 121 1139 1644 1187; baseline -0.004 -10"><span class='ocrx_word' id='word_1_210' title='bbox 121 1145 178 1176; x_wconf 92' lang='lat'>45.</span> <span class='ocrx_word' id='word_1_211' title='bbox 211 1144 367 1187; x_wconf 89' lang='lat' dir='ltr'>plerosq.</span> <span class='ocrx_word' id='word_1_212' title='bbox 385 1143 567 1176; x_wconf 84' lang='lat' dir='ltr'>velocitas</span> <span class='ocrx_word' id='word_1_213' title='bbox 593 1147 629 1175; x_wconf 88' lang='lat' dir='ltr'>et</span> <span class='ocrx_word' id='word_1_214' title='bbox 652 1143 757 1184; x_wconf 89' lang='lat' dir='ltr'>regio</span> <span class='ocrx_word' id='word_1_215' title='bbox 772 1142 940 1174; x_wconf 89' lang='lat' dir='ltr'>hostibus</span> <span class='ocrx_word' id='word_1_216' title='bbox 963 1141 1096 1183; x_wconf 85' lang='lat' dir='ltr'>ignara</span> <span class='ocrx_word' id='word_1_217' title='bbox 1118 1142 1241 1172; x_wconf 86' lang='lat' dir='ltr'>tutata</span> <span class='ocrx_word' id='word_1_218' title='bbox 1264 1143 1349 1172; x_wconf 88' lang='lat' dir='ltr'>sunt</span> <span class='ocrx_word' id='word_1_219' title='bbox 1363 1140 1388 1171; x_wconf 92' lang='lat' dir='ltr'>J</span> <span class='ocrx_word' id='word_1_220' title='bbox 1402 1139 1464 1180; x_wconf 88' lang='lat'>52,</span> <span class='ocrx_word' id='word_1_221' title='bbox 1483 1141 1517 1171; x_wconf 97' lang='lat'>4.</span> <span class='ocrx_word' id='word_1_222' title='bbox 1559 1150 1644 1183; x_wconf 87' lang='lat' dir='ltr'>spes</span> 
     </span>
     <span class='ocr_line' id='line_1_21' title="bbox 123 1185 1643 1228; baseline -0.004 -6"><span class='ocrx_word' id='word_1_223' title='bbox 123 1207 162 1212; x_wconf 92' lang='lat'>—</span> <span class='ocrx_word' id='word_1_224' title='bbox 180 1190 316 1222; x_wconf 86' lang='lat' dir='ltr'>virtute</span> <span class='ocrx_word' id='word_1_225' title='bbox 334 1192 372 1221; x_wconf 91' lang='lat' dir='ltr'>et</span> <span class='ocrx_word' id='word_1_226' title='bbox 388 1189 603 1221; x_wconf 86' lang='lat' dir='ltr'>innocentia</span> <span class='ocrx_word' id='word_1_227' title='bbox 620 1188 734 1219; x_wconf 86' lang='lat' dir='ltr'>tutari</span> <span class='ocrx_word' id='word_1_228' title='bbox 750 1188 774 1219; x_wconf 88' lang='lat' dir='ltr'>J</span> <span class='ocrx_word' id='word_1_229' title='bbox 790 1186 845 1228; x_wconf 90' lang='lat'>85,</span> <span class='ocrx_word' id='word_1_230' title='bbox 865 1187 897 1218; x_wconf 87' lang='lat'>4.</span> <span class='ocrx_word' id='word_1_231' title='bbox 934 1186 1094 1218; x_wconf 87' lang='lat' dir='ltr'>turribus</span> <span class='ocrx_word' id='word_1_232' title='bbox 1114 1202 1151 1207; x_wconf 93' lang='lat'><strong>—</strong></span> <span class='ocrx_word' id='word_1_233' title='bbox 1172 1195 1261 1227; x_wconf 90' lang='lat' dir='ltr'>opus</span> <span class='ocrx_word' id='word_1_234' title='bbox 1279 1188 1317 1217; x_wconf 92' lang='lat' dir='ltr'>et</span> <span class='ocrx_word' id='word_1_235' title='bbox 1334 1185 1570 1217; x_wconf 85' lang='lat' dir='ltr'>administros</span> <span class='ocrx_word' id='word_1_236' title='bbox 1587 1189 1643 1217; x_wconf 89' lang='lat' dir='ltr'>tu-</span> 
     </span>
     <span class='ocr_line' id='line_1_22' title="bbox 119 1229 1644 1276; baseline -0.003 -9"><span class='ocrx_word' id='word_1_237' title='bbox 119 1235 194 1267; x_wconf 90' lang='lat' dir='ltr'>tari</span> <span class='ocrx_word' id='word_1_238' title='bbox 215 1235 239 1267; x_wconf 93' lang='lat' dir='ltr'>J</span> <span class='ocrx_word' id='word_1_239' title='bbox 255 1233 318 1276; x_wconf 91' lang='lat'>76,</span> <span class='ocrx_word' id='word_1_240' title='bbox 337 1233 368 1267; x_wconf 89' lang='grc'>3.</span> <span class='ocrx_word' id='word_1_241' title='bbox 410 1244 526 1276; x_wconf 86' lang='lat' dir='ltr'>regna</span> <span class='ocrx_word' id='word_1_242' title='bbox 549 1236 731 1265; x_wconf 86' lang='lat' dir='ltr'>tutantem</span> <span class='ocrx_word' id='word_1_243' title='bbox 756 1242 858 1264; x_wconf 84' lang='lat' dir='ltr'>arma</span> <span class='ocrx_word' id='word_1_244' title='bbox 883 1232 1028 1274; x_wconf 81' lang='lat' dir='ltr'>cepisse</span> <span class='ocrx_word' id='word_1_245' title='bbox 1050 1231 1075 1263; x_wconf 93' lang='lat' dir='ltr'>J</span> <span class='ocrx_word' id='word_1_246' title='bbox 1095 1229 1175 1272; x_wconf 89' lang='lat'><strong>102,</strong></span> <span class='ocrx_word' id='word_1_247' title='bbox 1197 1230 1249 1262; x_wconf 88' lang='grc'>12.</span> <span class='ocrx_word' id='word_1_248' title='bbox 1292 1231 1338 1263; x_wconf 93' lang='grc'>011</span> <span class='ocrx_word' id='word_1_249' title='bbox 1362 1240 1446 1262; x_wconf 90' lang='lat' dir='ltr'>suos</span> <span class='ocrx_word' id='word_1_250' title='bbox 1469 1231 1644 1263; x_wconf 85' lang='lat' dir='ltr'>tutandos</span> 
     </span>
    </p>

    <p class='ocr_par' dir='ltr' id='par_1_12' title="bbox 124 1305 1641 1411">
     <span class='ocr_line' id='line_1_23' title="bbox 165 1305 1641 1365; baseline -0.003 -9"><span class='ocrx_word' id='word_1_251' title='bbox 165 1305 245 1356; x_wconf 63' lang='lat' dir='ltr'>tuiis</span> <span class='ocrx_word' id='word_1_252' title='bbox 269 1324 296 1356; x_wconf 87' lang='lat' dir='ltr'>C</span> <span class='ocrx_word' id='word_1_253' title='bbox 314 1324 375 1365; x_wconf 89' lang='lat'>35,</span> <span class='ocrx_word' id='word_1_254' title='bbox 398 1324 428 1356; x_wconf 94' lang='grc'>1.</span> <span class='ocrx_word' id='word_1_255' title='bbox 447 1323 469 1356; x_wconf 89' lang='grc'>6</span> <span class='ocrx_word' id='word_1_256' title='bbox 485 1323 552 1356; x_wconf 64' lang='lat' dir='ltr'>bis?</span> <span class='ocrx_word' id='word_1_257' title='bbox 572 1324 631 1362; x_wconf 87' lang='grc'>44,</span> <span class='ocrx_word' id='word_1_258' title='bbox 650 1323 682 1355; x_wconf 90' lang='lat'>5.</span> <span class='ocrx_word' id='word_1_259' title='bbox 707 1323 730 1355; x_wconf 87' lang='lat' dir='ltr'>J</span> <span class='ocrx_word' id='word_1_260' title='bbox 747 1321 786 1363; x_wconf 90' lang='grc'>9,</span> <span class='ocrx_word' id='word_1_261' title='bbox 805 1323 838 1354; x_wconf 90' lang='grc'>2.</span> <span class='ocrx_word' id='word_1_262' title='bbox 867 1321 925 1363; x_wconf 90' lang='grc'>10,</span> <span class='ocrx_word' id='word_1_263' title='bbox 945 1322 966 1352; x_wconf 94' lang='grc'><strong>2</strong></span> <span class='ocrx_word' id='word_1_264' title='bbox 982 1321 1043 1353; x_wconf 83' lang='lat' dir='ltr'>bis.</span> <span class='ocrx_word' id='word_1_265' title='bbox 1062 1320 1095 1352; x_wconf 87' lang='lat'>5.</span> <span class='ocrx_word' id='word_1_266' title='bbox 1124 1320 1184 1361; x_wconf 91' lang='lat'>14,</span> <span class='ocrx_word' id='word_1_267' title='bbox 1202 1319 1225 1353; x_wconf 92' lang='lat'><strong>9</strong></span> <span class='ocrx_word' id='word_1_268' title='bbox 1240 1325 1306 1354; x_wconf 82' lang='lat' dir='ltr'>ter.</span> <span class='ocrx_word' id='word_1_269' title='bbox 1324 1321 1380 1353; x_wconf 88' lang='lat'>22.</span> <span class='ocrx_word' id='word_1_270' title='bbox 1398 1320 1454 1354; x_wconf 90' lang='grc'>23.</span> <span class='ocrx_word' id='word_1_271' title='bbox 1483 1320 1566 1362; x_wconf 88' lang='grc'>102,</span> <span class='ocrx_word' id='word_1_272' title='bbox 1589 1320 1641 1353; x_wconf 90' lang='grc'>11.</span> 
     </span>
     <span class='ocr_line' id='line_1_24' title="bbox 124 1367 890 1411; baseline -0.004 -9"><span class='ocrx_word' id='word_1_273' title='bbox 124 1369 198 1411; x_wconf 91' lang='grc'>110,</span> <span class='ocrx_word' id='word_1_274' title='bbox 217 1369 250 1402; x_wconf 89' lang='grc'>3.</span> <span class='ocrx_word' id='word_1_275' title='bbox 275 1370 376 1402; x_wconf 90' lang='lat' dir='ltr'>HIV</span> <span class='ocrx_word' id='word_1_276' title='bbox 391 1368 446 1410; x_wconf 89' lang='grc'>61,</span> <span class='ocrx_word' id='word_1_277' title='bbox 465 1370 498 1401; x_wconf 89' lang='grc'>2.</span> <span class='ocrx_word' id='word_1_278' title='bbox 515 1370 548 1401; x_wconf 89' lang='lat'>4.</span> <span class='ocrx_word' id='word_1_279' title='bbox 571 1367 622 1400; x_wconf 89' lang='lat'><strong>16.</strong></span> <span class='ocrx_word' id='word_1_280' title='bbox 640 1367 695 1400; x_wconf 87' lang='lat'><strong>23.</strong></span> <span class='ocrx_word' id='word_1_281' title='bbox 885 1369 890 1373; x_wconf 86' lang='lat'>&#39;</span> 
     </span>
    </p>

    <p class='ocr_par' dir='ltr' id='par_1_13' title="bbox 164 1412 797 1455">
     <span class='ocr_line' id='line_1_25' title="bbox 164 1412 797 1455; baseline -0.006 -8"><span class='ocrx_word' id='word_1_282' title='bbox 164 1415 321 1455; x_wconf 74' lang='lat' dir='ltr'>tyrannis</span> <span class='ocrx_word' id='word_1_283' title='bbox 337 1414 463 1447; x_wconf 83' lang='lat' dir='ltr'>Sullae</span> <span class='ocrx_word' id='word_1_284' title='bbox 479 1414 516 1444; x_wconf 93' lang='lat' dir='ltr'>H</span> <span class='ocrx_word' id='word_1_285' title='bbox 531 1413 550 1445; x_wconf 94' lang='lat' dir='ltr'>I</span> <span class='ocrx_word' id='word_1_286' title='bbox 565 1412 621 1453; x_wconf 92' lang='lat'>41,</span> <span class='ocrx_word' id='word_1_287' title='bbox 643 1412 672 1444; x_wconf 90' lang='lat'>1.</span> <span class='ocrx_word' id='word_1_288' title='bbox 692 1412 723 1443; x_wconf 90' lang='lat'>7.</span> <span class='ocrx_word' id='word_1_289' title='bbox 742 1412 797 1443; x_wconf 90' lang='grc'>22.</span> 
     </span>
    </p>

    <p class='ocr_par' dir='ltr' id='par_1_14' title="bbox 164 1455 1108 1500">
     <span class='ocr_line' id='line_1_26' title="bbox 164 1455 1108 1500; baseline -0.002 -9"><span class='ocrx_word' id='word_1_290' title='bbox 164 1462 339 1500; x_wconf 61' lang='lat' dir='ltr'>tyrannum</span> <span class='ocrx_word' id='word_1_291' title='bbox 369 1469 473 1491; x_wconf 83' lang='grc'>-1110</span> <span class='ocrx_word' id='word_1_292' title='bbox 491 1461 528 1490; x_wconf 92' lang='lat' dir='ltr'>et</span> <span class='ocrx_word' id='word_1_293' title='bbox 545 1457 702 1490; x_wconf 86' lang='lat' dir='ltr'>Cinnam</span> <span class='ocrx_word' id='word_1_294' title='bbox 718 1456 951 1499; x_wconf 87' lang='lat' dir='ltr'>adpellantes</span> <span class='ocrx_word' id='word_1_295' title='bbox 966 1456 1002 1488; x_wconf 90' lang='lat' dir='ltr'>H</span> <span class='ocrx_word' id='word_1_296' title='bbox 1018 1457 1037 1488; x_wconf 94' lang='lat' dir='ltr'>I</span> <span class='ocrx_word' id='word_1_297' title='bbox 1053 1455 1108 1489; x_wconf 95' lang='lat'>42.</span> 
     </span>
    </p>

    <p class='ocr_par' dir='ltr' id='par_1_15' title="bbox 164 1503 430 1544">
     <span class='ocr_line' id='line_1_27' title="bbox 164 1503 430 1544; baseline 0 -8"><span class='ocrx_word' id='word_1_298' title='bbox 164 1505 260 1544; x_wconf 70' lang='lat' dir='ltr'>Tyrii</span> <span class='ocrx_word' id='word_1_299' title='bbox 274 1505 310 1536; x_wconf 90' lang='lat' dir='ltr'>H</span> <span class='ocrx_word' id='word_1_300' title='bbox 322 1505 362 1537; x_wconf 92' lang='grc' dir='ltr'>ΙΙ</span> <span class='ocrx_word' id='word_1_301' title='bbox 374 1503 430 1536; x_wconf 90' lang='lat'>26.</span> 
     </span>
    </p>

    <p class='ocr_par' dir='ltr' id='par_1_16' title="bbox 119 1545 1644 2582">
     <span class='ocr_line' id='line_1_28' title="bbox 163 1545 1644 1592; baseline -0.001 -11"><span class='ocrx_word' id='word_1_302' title='bbox 163 1550 223 1581; x_wconf 90' lang='lat' dir='ltr'>ubi</span> <span class='ocrx_word' id='word_1_303' title='bbox 239 1560 382 1591; x_wconf 89' lang='lat' dir='ltr'>quemq.</span> <span class='ocrx_word' id='word_1_304' title='bbox 397 1548 600 1592; x_wconf 88' lang='lat' dir='ltr'>periculum</span> <span class='ocrx_word' id='word_1_305' title='bbox 618 1550 780 1590; x_wconf 87' lang='lat' dir='ltr'>ceperat,</span> <span class='ocrx_word' id='word_1_306' title='bbox 801 1547 855 1579; x_wconf 91' lang='lat' dir='ltr'>ibi</span> <span class='ocrx_word' id='word_1_307' title='bbox 870 1547 1044 1579; x_wconf 89' lang='lat' dir='ltr'>resistere</span> <span class='ocrx_word' id='word_1_308' title='bbox 1061 1547 1085 1578; x_wconf 92' lang='lat' dir='ltr'>J</span> <span class='ocrx_word' id='word_1_309' title='bbox 1102 1546 1158 1586; x_wconf 88' lang='lat'>51,</span> <span class='ocrx_word' id='word_1_310' title='bbox 1180 1545 1195 1577; x_wconf 92' lang='lat' dir='ltr'>l</span> <span class='ocrx_word' id='word_1_311' title='bbox 1214 1548 1300 1579; x_wconf 84' lang='lat' dir='ltr'><strong>conl.</strong></span> <span class='ocrx_word' id='word_1_312' title='bbox 1319 1545 1375 1587; x_wconf 90' lang='lat'>85,</span> <span class='ocrx_word' id='word_1_313' title='bbox 1392 1546 1448 1579; x_wconf 92' lang='lat'>41.</span> <span class='ocrx_word' id='word_1_314' title='bbox 1490 1550 1555 1579; x_wconf 87' lang='lat' dir='ltr'>aut</span> <span class='ocrx_word' id='word_1_315' title='bbox 1570 1558 1644 1580; x_wconf 91' lang='lat' dir='ltr'>non</span> 
     </span>
     <span class='ocr_line' id='line_1_29' title="bbox 119 1591 1642 1637; baseline -0.001 -10"><span class='ocrx_word' id='word_1_316' title='bbox 119 1595 174 1626; x_wconf 91' lang='lat' dir='ltr'>ibi</span> <span class='ocrx_word' id='word_1_317' title='bbox 196 1595 278 1636; x_wconf 88' lang='lat' dir='ltr'>plus</span> <span class='ocrx_word' id='word_1_318' title='bbox 301 1596 420 1637; x_wconf 86' lang='lat' dir='ltr'>possit</span> <span class='ocrx_word' id='word_1_319' title='bbox 436 1594 614 1634; x_wconf 86' lang='lat' dir='ltr'>audacia,</span> <span class='ocrx_word' id='word_1_320' title='bbox 641 1594 705 1625; x_wconf 91' lang='lat' dir='ltr'>ubi</span> <span class='ocrx_word' id='word_1_321' title='bbox 731 1593 777 1625; x_wconf 86' lang='lat' dir='ltr'>ad</span> <span class='ocrx_word' id='word_1_322' title='bbox 793 1592 1065 1625; x_wconf 88' lang='lat' dir='ltr'>defendundum</span> <span class='ocrx_word' id='word_1_323' title='bbox 1082 1602 1170 1634; x_wconf 87' lang='lat' dir='ltr'>opes</span> <span class='ocrx_word' id='word_1_324' title='bbox 1186 1592 1347 1624; x_wconf 84' lang='lat' dir='ltr'>minores</span> <span class='ocrx_word' id='word_1_325' title='bbox 1364 1595 1449 1624; x_wconf 90' lang='lat' dir='ltr'>sunt</span> <span class='ocrx_word' id='word_1_326' title='bbox 1465 1591 1494 1624; x_wconf 90' lang='lat' dir='ltr'>C</span> <span class='ocrx_word' id='word_1_327' title='bbox 1511 1592 1566 1633; x_wconf 85' lang='grc'>52,</span> <span class='ocrx_word' id='word_1_328' title='bbox 1589 1593 1642 1625; x_wconf 91' lang='lat'><strong>15.</strong></span> 
     </span>
     <span class='ocr_line' id='line_1_30' title="bbox 120 1636 1641 1681; baseline -0.001 -9"><span class='ocrx_word' id='word_1_329' title='bbox 120 1640 238 1672; x_wconf 90' lang='lat' dir='ltr'>omnis</span> <span class='ocrx_word' id='word_1_330' title='bbox 260 1640 430 1681; x_wconf 85' lang='lat' dir='ltr'>potentia</span> <span class='ocrx_word' id='word_1_331' title='bbox 453 1639 567 1671; x_wconf 88' lang='lat' dir='ltr'>honos</span> <span class='ocrx_word' id='word_1_332' title='bbox 591 1638 745 1670; x_wconf 88' lang='lat' dir='ltr'>divitiae</span> <span class='ocrx_word' id='word_1_333' title='bbox 772 1638 869 1680; x_wconf 90' lang='lat' dir='ltr'>apud</span> <span class='ocrx_word' id='word_1_334' title='bbox 890 1637 975 1670; x_wconf 89' lang='lat' dir='ltr'>illos</span> <span class='ocrx_word' id='word_1_335' title='bbox 998 1641 1083 1669; x_wconf 86' lang='lat' dir='ltr'>sunt</span> <span class='ocrx_word' id='word_1_336' title='bbox 1108 1640 1173 1669; x_wconf 89' lang='lat' dir='ltr'>aut</span> <span class='ocrx_word' id='word_1_337' title='bbox 1191 1636 1255 1668; x_wconf 93' lang='lat' dir='ltr'>ubi</span> <span class='ocrx_word' id='word_1_338' title='bbox 1271 1637 1328 1668; x_wconf 91' lang='lat' dir='ltr'>illi</span> <span class='ocrx_word' id='word_1_339' title='bbox 1343 1637 1472 1670; x_wconf 87' lang='lat' dir='ltr'>volunt</span> <span class='ocrx_word' id='word_1_340' title='bbox 1489 1637 1517 1670; x_wconf 86' lang='lat' dir='ltr'>C</span> <span class='ocrx_word' id='word_1_341' title='bbox 1534 1637 1589 1679; x_wconf 91' lang='lat'>20,</span> <span class='ocrx_word' id='word_1_342' title='bbox 1608 1638 1641 1670; x_wconf 92' lang='lat'><strong>8.</strong></span> 
     </span>
     <span class='ocr_line' id='line_1_31' title="bbox 120 1681 1644 1726; baseline -0.001 -10"><span class='ocrx_word' id='word_1_343' title='bbox 120 1685 183 1716; x_wconf 88' lang='lat' dir='ltr'>ubi</span> <span class='ocrx_word' id='word_1_344' title='bbox 201 1685 319 1726; x_wconf 90' lang='lat' dir='ltr'>quisq.</span> <span class='ocrx_word' id='word_1_345' title='bbox 339 1684 484 1726; x_wconf 86' lang='lat' dir='ltr'>legatus</span> <span class='ocrx_word' id='word_1_346' title='bbox 502 1683 676 1722; x_wconf 85' lang='lat' dir='ltr'>curabat,</span> <span class='ocrx_word' id='word_1_347' title='bbox 703 1693 746 1714; x_wconf 92' lang='lat' dir='ltr'>eo</span> <span class='ocrx_word' id='word_1_348' title='bbox 762 1700 807 1705; x_wconf 93' lang='lat'>——</span> <span class='ocrx_word' id='word_1_349' title='bbox 824 1683 895 1714; x_wconf 88' lang='lat' dir='ltr'>niti</span> <span class='ocrx_word' id='word_1_350' title='bbox 910 1683 933 1714; x_wconf 91' lang='lat' dir='ltr'>J</span> <span class='ocrx_word' id='word_1_351' title='bbox 949 1681 1012 1721; x_wconf 90' lang='lat'><strong>60,</strong></span> <span class='ocrx_word' id='word_1_352' title='bbox 1035 1681 1063 1713; x_wconf 94' lang='lat'>1.</span> <span class='ocrx_word' id='word_1_353' title='bbox 1107 1682 1153 1713; x_wconf 90' lang='lat' dir='ltr'>ad</span> <span class='ocrx_word' id='word_1_354' title='bbox 1177 1682 1350 1724; x_wconf 86' lang='lat' dir='ltr'>oppidum</span> <span class='ocrx_word' id='word_1_355' title='bbox 1374 1682 1428 1722; x_wconf 84' lang='lat' dir='ltr'>S.‚</span> <span class='ocrx_word' id='word_1_356' title='bbox 1454 1683 1520 1714; x_wconf 87' lang='lat' dir='ltr'>ubi</span> <span class='ocrx_word' id='word_1_357' title='bbox 1542 1684 1644 1725; x_wconf 86' lang='lat' dir='ltr'>regis</span> 
     </span>
     <span class='ocr_line' id='line_1_32' title="bbox 120 1725 1644 1770; baseline -0.001 -9"><span class='ocrx_word' id='word_1_358' title='bbox 120 1729 311 1761; x_wconf 83' lang='lat' dir='ltr'>thensauri</span> <span class='ocrx_word' id='word_1_359' title='bbox 330 1732 436 1761; x_wconf 87' lang='lat' dir='ltr'>erant</span> <span class='ocrx_word' id='word_1_360' title='bbox 450 1729 474 1760; x_wconf 91' lang='lat' dir='ltr'>J</span> <span class='ocrx_word' id='word_1_361' title='bbox 491 1728 552 1768; x_wconf 87' lang='grc'>37,</span> <span class='ocrx_word' id='word_1_362' title='bbox 571 1727 593 1760; x_wconf 90' lang='grc'>3</span> <span class='ocrx_word' id='word_1_363' title='bbox 617 1731 702 1760; x_wconf 80' lang='lat' dir='ltr'><strong>conl.</strong></span> <span class='ocrx_word' id='word_1_364' title='bbox 720 1726 782 1767; x_wconf 88' lang='grc'>46,</span> <span class='ocrx_word' id='word_1_365' title='bbox 800 1727 832 1759; x_wconf 90' lang='lat'><strong>5.</strong></span> <span class='ocrx_word' id='word_1_366' title='bbox 858 1727 913 1764; x_wconf 88' lang='lat'>47,</span> <span class='ocrx_word' id='word_1_367' title='bbox 934 1727 964 1758; x_wconf 93' lang='lat' dir='ltr'>l.</span> <span class='ocrx_word' id='word_1_368' title='bbox 990 1725 1047 1766; x_wconf 88' lang='lat'><strong>67,</strong></span> <span class='ocrx_word' id='word_1_369' title='bbox 1068 1726 1098 1757; x_wconf 92' lang='lat' dir='ltr'>l.</span> <span class='ocrx_word' id='word_1_370' title='bbox 1123 1725 1178 1766; x_wconf 88' lang='grc'>90,</span> <span class='ocrx_word' id='word_1_371' title='bbox 1197 1727 1229 1758; x_wconf 90' lang='lat'>2.</span> <span class='ocrx_word' id='word_1_372' title='bbox 1257 1727 1292 1758; x_wconf 90' lang='lat' dir='ltr'>H</span> <span class='ocrx_word' id='word_1_373' title='bbox 1309 1727 1361 1759; x_wconf 87' lang='lat' dir='ltr'>IV</span> <span class='ocrx_word' id='word_1_374' title='bbox 1377 1727 1431 1758; x_wconf 89' lang='lat'>22.</span> <span class='ocrx_word' id='word_1_375' title='bbox 1473 1729 1644 1770; x_wconf 88' lang='lat' dir='ltr'>oppidum</span> 
     </span>
     <span class='ocr_line' id='line_1_33' title="bbox 121 1771 1643 1817; baseline -0.001 -11"><span class='ocrx_word' id='word_1_376' title='bbox 121 1785 291 1817; x_wconf 84' lang='lat' dir='ltr'>magnum</span> <span class='ocrx_word' id='word_1_377' title='bbox 307 1775 430 1814; x_wconf 86' lang='lat' dir='ltr'>ubique</span> <span class='ocrx_word' id='word_1_378' title='bbox 447 1791 489 1796; x_wconf 88' lang='lat'>——</span> <span class='ocrx_word' id='word_1_379' title='bbox 506 1773 697 1805; x_wconf 81' lang='lat' dir='ltr'>thensauri</span> <span class='ocrx_word' id='word_1_380' title='bbox 716 1774 822 1804; x_wconf 83' lang='lat' dir='ltr'>erant</span> <span class='ocrx_word' id='word_1_381' title='bbox 837 1772 862 1804; x_wconf 90' lang='lat' dir='ltr'>J</span> <span class='ocrx_word' id='word_1_382' title='bbox 877 1772 932 1812; x_wconf 87' lang='grc'>75,</span> <span class='ocrx_word' id='word_1_383' title='bbox 954 1771 984 1803; x_wconf 91' lang='lat' dir='ltr'>l.</span> <span class='ocrx_word' id='word_1_384' title='bbox 1026 1771 1166 1803; x_wconf 83' lang='lat' dir='ltr'>dimisit</span> <span class='ocrx_word' id='word_1_385' title='bbox 1188 1782 1292 1812; x_wconf 90' lang='lat' dir='ltr'>quem</span> <span class='ocrx_word' id='word_1_386' title='bbox 1310 1771 1408 1814; x_wconf 90' lang='lat' dir='ltr'>ubiq.</span> <span class='ocrx_word' id='word_1_387' title='bbox 1428 1776 1643 1814; x_wconf 86' lang='lat' dir='ltr'>oportunum</span> 
     </span>
     <span class='ocr_line' id='line_1_34' title="bbox 121 1817 1643 1859; baseline -0.002 -7"><span class='ocrx_word' id='word_1_388' title='bbox 121 1820 193 1852; x_wconf 83' lang='lat' dir='ltr'>sibi</span> <span class='ocrx_word' id='word_1_389' title='bbox 210 1820 288 1852; x_wconf 91' lang='lat' dir='ltr'>fore</span> <span class='ocrx_word' id='word_1_390' title='bbox 308 1818 585 1858; x_wconf 86' lang='lat' dir='ltr'>credebatC27,</span> <span class='ocrx_word' id='word_1_391' title='bbox 600 1817 632 1850; x_wconf 88' lang='lat' dir='ltr'>l.</span> <span class='ocrx_word' id='word_1_392' title='bbox 663 1819 700 1849; x_wconf 90' lang='lat' dir='ltr'>in</span> <span class='ocrx_word' id='word_1_393' title='bbox 717 1817 814 1849; x_wconf 86' lang='lat' dir='ltr'>lecto</span> <span class='ocrx_word' id='word_1_394' title='bbox 833 1817 1061 1859; x_wconf 86' lang='lat' dir='ltr'>quiescebat,</span> <span class='ocrx_word' id='word_1_395' title='bbox 1080 1817 1143 1848; x_wconf 90' lang='lat' dir='ltr'>ubi</span> <span class='ocrx_word' id='word_1_396' title='bbox 1160 1834 1202 1839; x_wconf 89' lang='lat'>·-</span> <span class='ocrx_word' id='word_1_397' title='bbox 1220 1826 1367 1848; x_wconf 87' lang='lat' dir='ltr'>somnus</span> <span class='ocrx_word' id='word_1_398' title='bbox 1386 1819 1487 1859; x_wconf 82' lang='lat' dir='ltr'>cepit</span> <span class='ocrx_word' id='word_1_399' title='bbox 1501 1818 1527 1850; x_wconf 85' lang='lat' dir='ltr'>J</span> <span class='ocrx_word' id='word_1_400' title='bbox 1542 1818 1598 1858; x_wconf 90' lang='lat'>71,</span> <span class='ocrx_word' id='word_1_401' title='bbox 1613 1817 1643 1849; x_wconf 90' lang='lat'>1.</span> 
     </span>
     <span class='ocr_line' id='line_1_35' title="bbox 119 1861 1643 1907; baseline -0.001 -11"><span class='ocrx_word' id='word_1_402' title='bbox 119 1865 183 1896; x_wconf 90' lang='lat' dir='ltr'>ubi</span> <span class='ocrx_word' id='word_1_403' title='bbox 200 1865 364 1907; x_wconf 84' lang='lat' dir='ltr'>asperior</span> <span class='ocrx_word' id='word_1_404' title='bbox 381 1864 581 1896; x_wconf 83' lang='lat' dir='ltr'>adscensus</span> <span class='ocrx_word' id='word_1_405' title='bbox 600 1866 697 1903; x_wconf 85' lang='lat' dir='ltr'>erat,</span> <span class='ocrx_word' id='word_1_406' title='bbox 717 1862 882 1904; x_wconf 79' lang='lat' dir='ltr'>singulos</span> <span class='ocrx_word' id='word_1_407' title='bbox 899 1872 988 1904; x_wconf 86' lang='lat' dir='ltr'>prae</span> <span class='ocrx_word' id='word_1_408' title='bbox 1005 1872 1044 1894; x_wconf 89' lang='lat' dir='ltr'>se</span> <span class='ocrx_word' id='word_1_409' title='bbox 1061 1862 1212 1893; x_wconf 85' lang='lat' dir='ltr'>inermis</span> <span class='ocrx_word' id='word_1_410' title='bbox 1229 1862 1375 1894; x_wconf 87' lang='lat' dir='ltr'>mittere</span> <span class='ocrx_word' id='word_1_411' title='bbox 1391 1862 1416 1894; x_wconf 89' lang='lat' dir='ltr'>J</span> <span class='ocrx_word' id='word_1_412' title='bbox 1431 1861 1486 1903; x_wconf 81' lang='lat'>94,</span> <span class='ocrx_word' id='word_1_413' title='bbox 1505 1863 1538 1894; x_wconf 89' lang='lat'>2.</span> <span class='ocrx_word' id='word_1_414' title='bbox 1580 1863 1643 1895; x_wconf 92' lang='lat' dir='ltr'>ho-</span> 
     </span>
     <span class='ocr_line' id='line_1_36' title="bbox 121 1905 1644 1950; baseline -0.001 -8"><span class='ocrx_word' id='word_1_415' title='bbox 121 1910 205 1950; x_wconf 87' lang='lat' dir='ltr'>stis,</span> <span class='ocrx_word' id='word_1_416' title='bbox 231 1910 296 1942; x_wconf 92' lang='lat' dir='ltr'>ubi</span> <span class='ocrx_word' id='word_1_417' title='bbox 313 1908 587 1942; x_wconf 83' lang='lat' dir='ltr'>confertissumi</span> <span class='ocrx_word' id='word_1_418' title='bbox 611 1908 849 1948; x_wconf 83' lang='lat' dir='ltr'>obstiterant,</span> <span class='ocrx_word' id='word_1_419' title='bbox 873 1907 1048 1939; x_wconf 85' lang='lat' dir='ltr'>invadere</span> <span class='ocrx_word' id='word_1_420' title='bbox 1064 1907 1089 1938; x_wconf 93' lang='lat' dir='ltr'>J</span> <span class='ocrx_word' id='word_1_421' title='bbox 1104 1905 1165 1947; x_wconf 82' lang='lat'>98,</span> <span class='ocrx_word' id='word_1_422' title='bbox 1187 1906 1217 1938; x_wconf 92' lang='lat'>1.</span> <span class='ocrx_word' id='word_1_423' title='bbox 1258 1907 1354 1939; x_wconf 82' lang='lat' dir='ltr'>diem</span> <span class='ocrx_word' id='word_1_424' title='bbox 1378 1907 1555 1950; x_wconf 88' lang='lat' dir='ltr'><strong>locumq.,</strong></span> <span class='ocrx_word' id='word_1_425' title='bbox 1580 1909 1644 1940; x_wconf 89' lang='lat' dir='ltr'>ubi</span> 
     </span>
     <span class='ocr_line' id='line_1_37' title="bbox 120 1952 1644 1997; baseline -0.001 -10"><span class='ocrx_word' id='word_1_426' title='bbox 120 1958 268 1997; x_wconf 86' lang='lat' dir='ltr'>praesto</span> <span class='ocrx_word' id='word_1_427' title='bbox 292 1955 447 1995; x_wconf 86' lang='lat' dir='ltr'>fuerint,</span> <span class='ocrx_word' id='word_1_428' title='bbox 473 1953 697 1996; x_wconf 85' lang='lat' dir='ltr'>praedicitJ</span> <span class='ocrx_word' id='word_1_429' title='bbox 715 1952 776 1991; x_wconf 92' lang='lat'>75,</span> <span class='ocrx_word' id='word_1_430' title='bbox 795 1952 828 1984; x_wconf 91' lang='lat'><strong>5.</strong></span> <span class='ocrx_word' id='word_1_431' title='bbox 869 1952 1008 1995; x_wconf 85' lang='lat' dir='ltr'>legatis</span> <span class='ocrx_word' id='word_1_432' title='bbox 1032 1952 1198 1994; x_wconf 89' lang='lat' dir='ltr'>inperat,</span> <span class='ocrx_word' id='word_1_433' title='bbox 1220 1952 1285 1984; x_wconf 88' lang='lat' dir='ltr'>ubi</span> <span class='ocrx_word' id='word_1_434' title='bbox 1310 1953 1426 1994; x_wconf 88' lang='lat' dir='ltr'>quisq.</span> <span class='ocrx_word' id='word_1_435' title='bbox 1452 1958 1599 1986; x_wconf 80' lang='lat' dir='ltr'>curaret</span> <span class='ocrx_word' id='word_1_436' title='bbox 1620 1954 1644 1985; x_wconf 91' lang='lat' dir='ltr'>J</span> 
     </span>
     <span class='ocr_line' id='line_1_38' title="bbox 120 1996 1644 2041; baseline -0.001 -9"><span class='ocrx_word' id='word_1_437' title='bbox 120 2000 176 2041; x_wconf 89' lang='grc'>57,</span> <span class='ocrx_word' id='word_1_438' title='bbox 194 2001 226 2032; x_wconf 90' lang='grc'>2.</span> <span class='ocrx_word' id='word_1_439' title='bbox 268 2000 406 2032; x_wconf 88' lang='lat' dir='ltr'>bellum</span> <span class='ocrx_word' id='word_1_440' title='bbox 430 1999 650 2041; x_wconf 80' lang='lat' dir='ltr'>exoptabat,</span> <span class='ocrx_word' id='word_1_441' title='bbox 675 1999 739 2030; x_wconf 91' lang='lat' dir='ltr'>ubi</span> <span class='ocrx_word' id='word_1_442' title='bbox 762 1998 879 2030; x_wconf 85' lang='lat' dir='ltr'>virtus</span> <span class='ocrx_word' id='word_1_443' title='bbox 904 1998 1110 2029; x_wconf 87' lang='lat' dir='ltr'>enitescere</span> <span class='ocrx_word' id='word_1_444' title='bbox 1128 2001 1253 2039; x_wconf 85' lang='lat' dir='ltr'>posset</span> <span class='ocrx_word' id='word_1_445' title='bbox 1270 1996 1297 2029; x_wconf 91' lang='lat' dir='ltr'>C</span> <span class='ocrx_word' id='word_1_446' title='bbox 1315 1998 1378 2037; x_wconf 88' lang='lat'><strong>54,</strong></span> <span class='ocrx_word' id='word_1_447' title='bbox 1395 1998 1436 2029; x_wconf 87' lang='lat'>4..</span> <span class='ocrx_word' id='word_1_448' title='bbox 1460 1999 1512 2030; x_wconf 90' lang='lat' dir='ltr'>-in</span> <span class='ocrx_word' id='word_1_449' title='bbox 1535 2009 1644 2041; x_wconf 85' lang='lat' dir='ltr'>agros</span> 
     </span>
     <span class='ocr_line' id='line_1_39' title="bbox 122 2041 1643 2087; baseline -0.001 -10"><span class='ocrx_word' id='word_1_450' title='bbox 122 2045 394 2087; x_wconf 86' lang='lat' dir='ltr'>egrederentur,</span> <span class='ocrx_word' id='word_1_451' title='bbox 412 2045 476 2077; x_wconf 87' lang='lat' dir='ltr'>ubi</span> <span class='ocrx_word' id='word_1_452' title='bbox 494 2047 692 2086; x_wconf 87' lang='lat' dir='ltr'>augeretur</span> <span class='ocrx_word' id='word_1_453' title='bbox 708 2053 877 2074; x_wconf 89' lang='lat' dir='ltr'>numerus</span> <span class='ocrx_word' id='word_1_454' title='bbox 893 2043 929 2074; x_wconf 88' lang='lat' dir='ltr'>H</span> <span class='ocrx_word' id='word_1_455' title='bbox 945 2042 1002 2074; x_wconf 95' lang='lat' dir='ltr'>III</span> <span class='ocrx_word' id='word_1_456' title='bbox 1017 2041 1072 2083; x_wconf 91' lang='lat'>67,</span> <span class='ocrx_word' id='word_1_457' title='bbox 1086 2041 1139 2076; x_wconf 88' lang='lat'>14.</span> <span class='ocrx_word' id='word_1_458' title='bbox 1174 2052 1221 2074; x_wconf 86' lang='lat' dir='ltr'>an</span> <span class='ocrx_word' id='word_1_459' title='bbox 1230 2053 1409 2085; x_wconf 89' lang='lat' dir='ltr'>quoquam</span> <span class='ocrx_word' id='word_1_460' title='bbox 1424 2043 1526 2075; x_wconf 88' lang='lat' dir='ltr'>adire</span> <span class='ocrx_word' id='word_1_461' title='bbox 1539 2043 1643 2085; x_wconf 86' lang='lat' dir='ltr'>licet,</span> 
     </span>
     <span class='ocr_line' id='line_1_40' title="bbox 120 2087 1642 2130; baseline -0.001 -8"><span class='ocrx_word' id='word_1_462' title='bbox 120 2090 184 2122; x_wconf 86' lang='lat' dir='ltr'>nbi</span> <span class='ocrx_word' id='word_1_463' title='bbox 201 2100 274 2121; x_wconf 92' lang='lat' dir='ltr'>non</span> <span class='ocrx_word' id='word_1_464' title='bbox 290 2108 331 2112; x_wconf 91' lang='lat'><strong>—</strong></span> <span class='ocrx_word' id='word_1_465' title='bbox 345 2093 581 2122; x_wconf 86' lang='lat' dir='ltr'>monumenta</span> <span class='ocrx_word' id='word_1_466' title='bbox 597 2088 763 2130; x_wconf 89' lang='lat' dir='ltr'>pluruma</span> <span class='ocrx_word' id='word_1_467' title='bbox 777 2087 883 2120; x_wconf 90' lang='lat' dir='ltr'>sintJ</span> <span class='ocrx_word' id='word_1_468' title='bbox 894 2087 945 2127; x_wconf 92' lang='lat'>14,</span> <span class='ocrx_word' id='word_1_469' title='bbox 961 2087 1012 2119; x_wconf 84' lang='lat'>17.</span> <span class='ocrx_word' id='word_1_470' title='bbox 1046 2098 1090 2119; x_wconf 90' lang='lat' dir='ltr'>eo</span> <span class='ocrx_word' id='word_1_471' title='bbox 1106 2088 1372 2129; x_wconf 82' lang='lat' dir='ltr'>magnitudinis</span> <span class='ocrx_word' id='word_1_472' title='bbox 1387 2089 1642 2130; x_wconf 83' lang='lat' dir='ltr'>procederent,</span> 
     </span>
     <span class='ocr_line' id='line_1_41' title="bbox 120 2132 1644 2175; baseline -0.001 -8"><span class='ocrx_word' id='word_1_473' title='bbox 120 2135 183 2166; x_wconf 88' lang='lat' dir='ltr'>ubi</span> <span class='ocrx_word' id='word_1_474' title='bbox 200 2151 246 2158; x_wconf 83' lang='lat'>—-</span> <span class='ocrx_word' id='word_1_475' title='bbox 263 2135 407 2167; x_wconf 86' lang='lat' dir='ltr'>aeterni</span> <span class='ocrx_word' id='word_1_476' title='bbox 423 2134 554 2166; x_wconf 88' lang='lat' dir='ltr'>fierent</span> <span class='ocrx_word' id='word_1_477' title='bbox 570 2134 592 2166; x_wconf 87' lang='lat' dir='ltr'>J</span> <span class='ocrx_word' id='word_1_478' title='bbox 614 2133 643 2174; x_wconf 91' lang='lat' dir='ltr'>l,</span> <span class='ocrx_word' id='word_1_479' title='bbox 660 2133 692 2165; x_wconf 87' lang='lat'>5.</span> <span class='ocrx_word' id='word_1_480' title='bbox 734 2133 825 2164; x_wconf 86' lang='lat' dir='ltr'>haut</span> <span class='ocrx_word' id='word_1_481' title='bbox 842 2133 955 2164; x_wconf 87' lang='lat' dir='ltr'>facile</span> <span class='ocrx_word' id='word_1_482' title='bbox 974 2132 1118 2174; x_wconf 81' lang='lat' dir='ltr'>animus</span> <span class='ocrx_word' id='word_1_483' title='bbox 1135 2142 1258 2164; x_wconf 89' lang='lat' dir='ltr'>verum</span> <span class='ocrx_word' id='word_1_484' title='bbox 1274 2133 1462 2175; x_wconf 80' lang='lat' dir='ltr'>providet,</span> <span class='ocrx_word' id='word_1_485' title='bbox 1488 2134 1553 2166; x_wconf 92' lang='lat' dir='ltr'>ubi</span> <span class='ocrx_word' id='word_1_486' title='bbox 1577 2134 1644 2166; x_wconf 90' lang='lat' dir='ltr'>illa</span> 
     </span>
     <span class='ocr_line' id='line_1_42' title="bbox 121 2176 1641 2220; baseline 0 -8"><span class='ocrx_word' id='word_1_487' title='bbox 121 2179 300 2212; x_wconf 82' lang='lat' dir='ltr'>obfioiunt</span> <span class='ocrx_word' id='word_1_488' title='bbox 316 2179 344 2212; x_wconf 86' lang='lat' dir='ltr'>C</span> <span class='ocrx_word' id='word_1_489' title='bbox 361 2179 422 2220; x_wconf 93' lang='lat'>51,</span> <span class='ocrx_word' id='word_1_490' title='bbox 442 2179 475 2211; x_wconf 90' lang='grc'>2.</span> <span class='ocrx_word' id='word_1_491' title='bbox 501 2179 562 2219; x_wconf 87' lang='grc'>52,</span> <span class='ocrx_word' id='word_1_492' title='bbox 581 2177 626 2211; x_wconf 88' lang='grc'>23</span> <span class='ocrx_word' id='word_1_493' title='bbox 643 2178 720 2218; x_wconf 85' lang='grc'>(11111</span> <span class='ocrx_word' id='word_1_494' title='bbox 740 2196 777 2200; x_wconf 84' lang='grc'><strong>-</strong></span> <span class='ocrx_word' id='word_1_495' title='bbox 792 2203 800 2217; x_wconf 95' lang='grc'>,</span> <span class='ocrx_word' id='word_1_496' title='bbox 821 2188 864 2210; x_wconf 84' lang='grc'>00</span> <span class='ocrx_word' id='word_1_497' title='bbox 881 2177 946 2219; x_wconf 89' lang='lat' dir='ltr'><strong>fit).</strong></span> <span class='ocrx_word' id='word_1_498' title='bbox 970 2178 995 2210; x_wconf 90' lang='lat' dir='ltr'>J</span> <span class='ocrx_word' id='word_1_499' title='bbox 1013 2177 1048 2218; x_wconf 92' lang='lat' dir='ltr'>l,</span> <span class='ocrx_word' id='word_1_500' title='bbox 1069 2177 1101 2211; x_wconf 87' lang='lat'>3.</span> <span class='ocrx_word' id='word_1_501' title='bbox 1127 2178 1162 2209; x_wconf 90' lang='lat' dir='ltr'>H</span> <span class='ocrx_word' id='word_1_502' title='bbox 1179 2178 1198 2210; x_wconf 91' lang='lat' dir='ltr'>I</span> <span class='ocrx_word' id='word_1_503' title='bbox 1213 2176 1275 2218; x_wconf 86' lang='lat'>48,</span> <span class='ocrx_word' id='word_1_504' title='bbox 1293 2177 1326 2210; x_wconf 88' lang='lat'>9.</span> <span class='ocrx_word' id='word_1_505' title='bbox 1366 2178 1429 2210; x_wconf 88' lang='lat' dir='ltr'>ubi</span> <span class='ocrx_word' id='word_1_506' title='bbox 1442 2184 1491 2202; x_wconf 71' lang='lat'>⁸-</span> <span class='ocrx_word' id='word_1_507' title='bbox 1510 2188 1641 2212; x_wconf 37' lang='lat' dir='ltr'>conve-⁷</span> 
     </span>
     <span class='ocr_line' id='line_1_43' title="bbox 120 2222 1640 2265; baseline -0.001 -8"><span class='ocrx_word' id='word_1_508' title='bbox 120 2225 218 2257; x_wconf 85' lang='lat' dir='ltr'>nisse</span> <span class='ocrx_word' id='word_1_509' title='bbox 234 2225 348 2265; x_wconf 87' lang='lat' dir='ltr'>videt,</span> <span class='ocrx_word' id='word_1_510' title='bbox 369 2242 406 2247; x_wconf 81' lang='lat'>—</span> <span class='ocrx_word' id='word_1_511' title='bbox 427 2224 569 2257; x_wconf 89' lang='lat' dir='ltr'>secedit</span> <span class='ocrx_word' id='word_1_512' title='bbox 586 2223 613 2255; x_wconf 84' lang='lat' dir='ltr'>C</span> <span class='ocrx_word' id='word_1_513' title='bbox 632 2222 688 2263; x_wconf 89' lang='lat'>20,</span> <span class='ocrx_word' id='word_1_514' title='bbox 709 2223 739 2255; x_wconf 94' lang='lat' dir='ltr'>l.</span> <span class='ocrx_word' id='word_1_515' title='bbox 765 2222 821 2262; x_wconf 87' lang='grc'>60,</span> <span class='ocrx_word' id='word_1_516' title='bbox 841 2223 872 2255; x_wconf 90' lang='grc'>5.</span> <span class='ocrx_word' id='word_1_517' title='bbox 896 2223 921 2255; x_wconf 88' lang='lat' dir='ltr'>J</span> <span class='ocrx_word' id='word_1_518' title='bbox 937 2223 969 2262; x_wconf 89' lang='lat'>7,</span> <span class='ocrx_word' id='word_1_519' title='bbox 992 2222 1022 2254; x_wconf 94' lang='lat'>1.</span> <span class='ocrx_word' id='word_1_520' title='bbox 1048 2222 1103 2262; x_wconf 84' lang='lat'>50,</span> <span class='ocrx_word' id='word_1_521' title='bbox 1123 2222 1156 2255; x_wconf 91' lang='grc'>3.</span> <span class='ocrx_word' id='word_1_522' title='bbox 1181 2222 1239 2263; x_wconf 89' lang='grc'>51,</span> <span class='ocrx_word' id='word_1_523' title='bbox 1257 2222 1291 2255; x_wconf 86' lang='grc'>3.</span> <span class='ocrx_word' id='word_1_524' title='bbox 1316 2223 1372 2264; x_wconf 90' lang='grc'>53,</span> <span class='ocrx_word' id='word_1_525' title='bbox 1395 2223 1424 2255; x_wconf 93' lang='grc'>1.</span> <span class='ocrx_word' id='word_1_526' title='bbox 1450 2223 1505 2265; x_wconf 90' lang='grc'>56,</span> <span class='ocrx_word' id='word_1_527' title='bbox 1529 2223 1558 2256; x_wconf 94' lang='lat' dir='ltr'>l.</span> <span class='ocrx_word' id='word_1_528' title='bbox 1585 2223 1640 2264; x_wconf 87' lang='lat'>64,</span> 
     </span>
     <span class='ocr_line' id='line_1_44' title="bbox 123 2266 1642 2311; baseline 0 -10"><span class='ocrx_word' id='word_1_529' title='bbox 123 2269 154 2302; x_wconf 90' lang='lat'>1.</span> <span class='ocrx_word' id='word_1_530' title='bbox 180 2269 235 2309; x_wconf 88' lang='lat'>69,</span> <span class='ocrx_word' id='word_1_531' title='bbox 258 2270 287 2302; x_wconf 91' lang='lat'>1.</span> <span class='ocrx_word' id='word_1_532' title='bbox 314 2269 368 2311; x_wconf 90' lang='lat'>76,</span> <span class='ocrx_word' id='word_1_533' title='bbox 388 2270 420 2301; x_wconf 88' lang='lat'>2.</span> <span class='ocrx_word' id='word_1_534' title='bbox 446 2272 490 2302; x_wconf 84' lang='lat' dir='ltr'>al.</span> <span class='ocrx_word' id='word_1_535' title='bbox 508 2269 611 2301; x_wconf 84' lang='lat' dir='ltr'>verba</span> <span class='ocrx_word' id='word_1_536' title='bbox 630 2268 656 2301; x_wconf 90' lang='lat' dir='ltr'>C</span> <span class='ocrx_word' id='word_1_537' title='bbox 673 2269 728 2308; x_wconf 88' lang='lat'>27,</span> <span class='ocrx_word' id='word_1_538' title='bbox 744 2268 776 2301; x_wconf 88' lang='lat'>3.</span> <span class='ocrx_word' id='word_1_539' title='bbox 802 2267 857 2309; x_wconf 89' lang='grc'>28,</span> <span class='ocrx_word' id='word_1_540' title='bbox 875 2268 907 2300; x_wconf 92' lang='grc'>2.</span> <span class='ocrx_word' id='word_1_541' title='bbox 931 2267 994 2308; x_wconf 90' lang='grc'>49,</span> <span class='ocrx_word' id='word_1_542' title='bbox 1012 2267 1045 2299; x_wconf 94' lang='grc'>4.</span> <span class='ocrx_word' id='word_1_543' title='bbox 1070 2266 1132 2307; x_wconf 87' lang='grc'>60,</span> <span class='ocrx_word' id='word_1_544' title='bbox 1154 2267 1185 2299; x_wconf 88' lang='lat' dir='ltr'>l.</span> <span class='ocrx_word' id='word_1_545' title='bbox 1208 2269 1234 2300; x_wconf 90' lang='lat' dir='ltr'>J</span> <span class='ocrx_word' id='word_1_546' title='bbox 1253 2267 1312 2309; x_wconf 95' lang='grc'>11,</span> <span class='ocrx_word' id='word_1_547' title='bbox 1329 2267 1364 2300; x_wconf 91' lang='grc'>9.</span> <span class='ocrx_word' id='word_1_548' title='bbox 1392 2268 1446 2309; x_wconf 91' lang='grc'>13,</span> <span class='ocrx_word' id='word_1_549' title='bbox 1465 2269 1497 2301; x_wconf 90' lang='grc'>9.</span> <span class='ocrx_word' id='word_1_550' title='bbox 1527 2268 1580 2310; x_wconf 93' lang='grc'>14,</span> <span class='ocrx_word' id='word_1_551' title='bbox 1602 2269 1642 2301; x_wconf 90' lang='grc'>11</span> 
     </span>
     <span class='ocr_line' id='line_1_45' title="bbox 121 2312 1644 2357; baseline 0 -11"><span class='ocrx_word' id='word_1_552' title='bbox 121 2314 199 2356; x_wconf 86' lang='grc'>(11111</span> <span class='ocrx_word' id='word_1_553' title='bbox 215 2325 272 2347; x_wconf 89' lang='lat' dir='ltr'>me</span> <span class='ocrx_word' id='word_1_554' title='bbox 290 2325 363 2347; x_wconf 90' lang='lat' dir='ltr'>non</span> <span class='ocrx_word' id='word_1_555' title='bbox 380 2315 459 2357; x_wconf 89' lang='lat' dir='ltr'>quit</span> <span class='ocrx_word' id='word_1_556' title='bbox 476 2325 623 2356; x_wconf 89' lang='lat' dir='ltr'>capere,</span> <span class='ocrx_word' id='word_1_557' title='bbox 642 2331 686 2335; x_wconf 93' lang='lat'>—-</span> <span class='ocrx_word' id='word_1_558' title='bbox 704 2313 855 2354; x_wconf 82' lang='lat' dir='ltr'>effecit).</span> <span class='ocrx_word' id='word_1_559' title='bbox 881 2312 936 2354; x_wconf 90' lang='lat'><strong>21,</strong></span> <span class='ocrx_word' id='word_1_560' title='bbox 958 2312 988 2345; x_wconf 88' lang='lat' dir='ltr'>l.</span> <span class='ocrx_word' id='word_1_561' title='bbox 1014 2313 1072 2352; x_wconf 88' lang='grc'>25,</span> <span class='ocrx_word' id='word_1_562' title='bbox 1091 2312 1142 2345; x_wconf 88' lang='lat'>10.</span> <span class='ocrx_word' id='word_1_563' title='bbox 1169 2314 1224 2353; x_wconf 92' lang='lat'>27,</span> <span class='ocrx_word' id='word_1_564' title='bbox 1243 2313 1276 2346; x_wconf 88' lang='lat'>3.</span> <span class='ocrx_word' id='word_1_565' title='bbox 1303 2313 1360 2355; x_wconf 89' lang='lat'>52,</span> <span class='ocrx_word' id='word_1_566' title='bbox 1378 2313 1412 2347; x_wconf 90' lang='lat'>3.</span> <span class='ocrx_word' id='word_1_567' title='bbox 1437 2313 1494 2355; x_wconf 88' lang='lat'>63,</span> <span class='ocrx_word' id='word_1_568' title='bbox 1512 2315 1545 2346; x_wconf 78' lang='lat'>4.</span> <span class='ocrx_word' id='word_1_569' title='bbox 1579 2315 1644 2346; x_wconf 91' lang='lat' dir='ltr'>ubi</span> 
     </span>
     <span class='ocr_line' id='line_1_46' title="bbox 121 2358 1641 2402; baseline -0.001 -10"><span class='ocrx_word' id='word_1_570' title='bbox 121 2370 179 2391; x_wconf 85' lang='lat' dir='ltr'>res</span> <span class='ocrx_word' id='word_1_571' title='bbox 195 2360 418 2402; x_wconf 88' lang='lat' dir='ltr'>postulabat,</span> <span class='ocrx_word' id='word_1_572' title='bbox 440 2360 594 2391; x_wconf 89' lang='lat' dir='ltr'>insidias</span> <span class='ocrx_word' id='word_1_573' title='bbox 611 2358 729 2391; x_wconf 87' lang='lat' dir='ltr'>tendit</span> <span class='ocrx_word' id='word_1_574' title='bbox 743 2358 768 2390; x_wconf 89' lang='lat' dir='ltr'>J</span> <span class='ocrx_word' id='word_1_575' title='bbox 784 2358 883 2398; x_wconf 86' lang='lat'><strong>35‚5.</strong></span> <span class='ocrx_word' id='word_1_576' title='bbox 914 2358 978 2390; x_wconf 88' lang='lat' dir='ltr'>ubi</span> <span class='ocrx_word' id='word_1_577' title='bbox 992 2358 1055 2390; x_wconf 88' lang='lat' dir='ltr'>lux</span> <span class='ocrx_word' id='word_1_578' title='bbox 1073 2359 1311 2399; x_wconf 87' lang='lat' dir='ltr'>adventabat,</span> <span class='ocrx_word' id='word_1_579' title='bbox 1330 2359 1493 2391; x_wconf 75' lang='lat' dir='ltr'>iubet‘-—</span> <span class='ocrx_word' id='word_1_580' title='bbox 1509 2360 1534 2392; x_wconf 90' lang='lat' dir='ltr'>J</span> <span class='ocrx_word' id='word_1_581' title='bbox 1541 2358 1598 2400; x_wconf 89' lang='lat'>99,</span> <span class='ocrx_word' id='word_1_582' title='bbox 1611 2359 1641 2391; x_wconf 92' lang='grc'>1.</span> 
     </span>
     <span class='ocr_line' id='line_1_47' title="bbox 121 2403 1644 2447; baseline -0.001 -10"><span class='ocrx_word' id='word_1_583' title='bbox 121 2405 184 2437; x_wconf 89' lang='lat' dir='ltr'>ubi</span> <span class='ocrx_word' id='word_1_584' title='bbox 200 2406 239 2437; x_wconf 90' lang='lat' dir='ltr'>vi</span> <span class='ocrx_word' id='word_1_585' title='bbox 255 2415 344 2447; x_wconf 87' lang='lat' dir='ltr'>opus</span> <span class='ocrx_word' id='word_1_586' title='bbox 362 2408 453 2445; x_wconf 90' lang='lat' dir='ltr'>erat,</span> <span class='ocrx_word' id='word_1_587' title='bbox 474 2405 597 2436; x_wconf 83' lang='lat' dir='ltr'>cuncti</span> <span class='ocrx_word' id='word_1_588' title='bbox 614 2404 770 2435; x_wconf 87' lang='lat' dir='ltr'>aderant</span> <span class='ocrx_word' id='word_1_589' title='bbox 784 2403 809 2436; x_wconf 92' lang='lat' dir='ltr'>J</span> <span class='ocrx_word' id='word_1_590' title='bbox 824 2403 879 2444; x_wconf 88' lang='lat'><strong>55,</strong></span> <span class='ocrx_word' id='word_1_591' title='bbox 890 2403 964 2436; x_wconf 86' lang='lat'><strong>4.7.</strong></span> <span class='ocrx_word' id='word_1_592' title='bbox 999 2403 1063 2435; x_wconf 91' lang='lat' dir='ltr'>ubi</span> <span class='ocrx_word' id='word_1_593' title='bbox 1082 2407 1206 2436; x_wconf 85' lang='lat' dir='ltr'>castra</span> <span class='ocrx_word' id='word_1_594' title='bbox 1222 2404 1348 2436; x_wconf 89' lang='lat' dir='ltr'>locata</span> <span class='ocrx_word' id='word_1_595' title='bbox 1366 2407 1402 2436; x_wconf 89' lang='lat' dir='ltr'>et</span> <span class='ocrx_word' id='word_1_596' title='bbox 1419 2404 1495 2436; x_wconf 89' lang='lat' dir='ltr'>diei</span> <span class='ocrx_word' id='word_1_597' title='bbox 1511 2415 1644 2446; x_wconf 90' lang='lat' dir='ltr'>vesper</span> 
     </span>
     <span class='ocr_line' id='line_1_48' title="bbox 124 2448 1642 2491; baseline -0.001 -10"><span class='ocrx_word' id='word_1_598' title='bbox 124 2454 205 2481; x_wconf 86' lang='lat' dir='ltr'>erat</span> <span class='ocrx_word' id='word_1_599' title='bbox 219 2451 242 2482; x_wconf 91' lang='lat' dir='ltr'>J</span> <span class='ocrx_word' id='word_1_600' title='bbox 262 2449 343 2490; x_wconf 90' lang='grc'>106,</span> <span class='ocrx_word' id='word_1_601' title='bbox 362 2450 394 2482; x_wconf 92' lang='grc'>2.</span> <span class='ocrx_word' id='word_1_602' title='bbox 434 2450 499 2482; x_wconf 86' lang='grc'>11111</span> <span class='ocrx_word' id='word_1_603' title='bbox 516 2449 676 2489; x_wconf 89' lang='lat' dir='ltr'>desidia,</span> <span class='ocrx_word' id='word_1_604' title='bbox 700 2448 824 2481; x_wconf 88' lang='lat' dir='ltr'>lubido</span> <span class='ocrx_word' id='word_1_605' title='bbox 850 2452 923 2490; x_wconf 89' lang='lat' dir='ltr'>atq.</span> <span class='ocrx_word' id='word_1_606' title='bbox 950 2449 1125 2491; x_wconf 87' lang='lat' dir='ltr'>superbia</span> <span class='ocrx_word' id='word_1_607' title='bbox 1147 2449 1335 2489; x_wconf 89' lang='lat' dir='ltr'>invasere,</span> <span class='ocrx_word' id='word_1_608' title='bbox 1363 2449 1512 2480; x_wconf 86' lang='lat' dir='ltr'>fortuna</span> <span class='ocrx_word' id='word_1_609' title='bbox 1534 2449 1642 2481; x_wconf 88' lang='lat' dir='ltr'>simul</span> 
     </span>
     <span class='ocr_line' id='line_1_49' title="bbox 123 2493 1643 2535; baseline -0.001 -9"><span class='ocrx_word' id='word_1_610' title='bbox 123 2505 204 2526; x_wconf 91' lang='lat' dir='ltr'>cum</span> <span class='ocrx_word' id='word_1_611' title='bbox 221 2495 380 2527; x_wconf 89' lang='lat' dir='ltr'>moribus</span> <span class='ocrx_word' id='word_1_612' title='bbox 397 2495 598 2526; x_wconf 85' lang='lat' dir='ltr'>inmutatur</span> <span class='ocrx_word' id='word_1_613' title='bbox 614 2493 642 2526; x_wconf 86' lang='lat' dir='ltr'>C</span> <span class='ocrx_word' id='word_1_614' title='bbox 659 2494 692 2535; x_wconf 86' lang='lat'>2,</span> <span class='ocrx_word' id='word_1_615' title='bbox 709 2493 732 2526; x_wconf 89' lang='grc'>5</span> <span class='ocrx_word' id='word_1_616' title='bbox 754 2496 839 2526; x_wconf 82' lang='lat' dir='ltr'><strong>conl.</strong></span> <span class='ocrx_word' id='word_1_617' title='bbox 858 2493 900 2526; x_wconf 91' lang='lat'>51</span> <span class='ocrx_word' id='word_1_618' title='bbox 912 2518 922 2534; x_wconf 93' lang='lat'>,</span> <span class='ocrx_word' id='word_1_619' title='bbox 938 2494 996 2525; x_wconf 88' lang='lat'>27.</span> <span class='ocrx_word' id='word_1_620' title='bbox 1035 2494 1104 2525; x_wconf 92' lang='lat' dir='ltr'>hoc</span> <span class='ocrx_word' id='word_1_621' title='bbox 1119 2510 1166 2516; x_wconf 88' lang='lat'>·—</span> <span class='ocrx_word' id='word_1_622' title='bbox 1180 2493 1245 2525; x_wconf 90' lang='lat' dir='ltr'>ubi</span> <span class='ocrx_word' id='word_1_623' title='bbox 1267 2493 1408 2533; x_wconf 82' lang='lat' dir='ltr'>evenit,</span> <span class='ocrx_word' id='word_1_624' title='bbox 1434 2494 1571 2525; x_wconf 85' lang='lat' dir='ltr'>frustra</span> <span class='ocrx_word' id='word_1_625' title='bbox 1588 2494 1643 2525; x_wconf 83' lang='lat' dir='ltr'>iu-</span> 
     </span>
     <span class='ocr_line' id='line_1_50' title="bbox 121 2538 1641 2582; baseline -0.001 -11"><span class='ocrx_word' id='word_1_626' title='bbox 121 2539 220 2571; x_wconf 88' lang='lat' dir='ltr'>dicia</span> <span class='ocrx_word' id='word_1_627' title='bbox 237 2539 399 2582; x_wconf 87' lang='lat' dir='ltr'>inplores</span> <span class='ocrx_word' id='word_1_628' title='bbox 417 2539 444 2571; x_wconf 91' lang='lat' dir='ltr'>C</span> <span class='ocrx_word' id='word_1_629' title='bbox 462 2540 518 2580; x_wconf 90' lang='lat'>52,</span> <span class='ocrx_word' id='word_1_630' title='bbox 537 2540 570 2572; x_wconf 89' lang='lat'>4.</span> <span class='ocrx_word' id='word_1_631' title='bbox 609 2542 735 2571; x_wconf 85' lang='lat' dir='ltr'>cetera</span> <span class='ocrx_word' id='word_1_632' title='bbox 751 2538 927 2571; x_wconf 88' lang='lat' dir='ltr'>malificia</span> <span class='ocrx_word' id='word_1_633' title='bbox 944 2542 1020 2570; x_wconf 89' lang='lat' dir='ltr'>tum</span> <span class='ocrx_word' id='word_1_634' title='bbox 1037 2547 1277 2580; x_wconf 86' lang='lat' dir='ltr'>persequare,</span> <span class='ocrx_word' id='word_1_635' title='bbox 1301 2538 1363 2570; x_wconf 92' lang='lat' dir='ltr'>ubi</span> <span class='ocrx_word' id='word_1_636' title='bbox 1376 2538 1490 2570; x_wconf 79' lang='lat' dir='ltr'>-faeta</span> <span class='ocrx_word' id='word_1_637' title='bbox 1513 2543 1596 2570; x_wconf 84' lang='lat' dir='ltr'>sunt</span> <span class='ocrx_word' id='word_1_638' title='bbox 1614 2539 1641 2570; x_wconf 88' lang='lat' dir='ltr'>C</span> 
     </span>
    </p>
   </div>
   <div class='ocr_carea' id='block_1_4' title="bbox 69 2582 1641 2626">
    <p class='ocr_par' dir='ltr' id='par_1_17' title="bbox 69 2582 1641 2626">
     <span class='ocr_line' id='line_1_51' title="bbox 69 2582 1641 2626; baseline -0.001 -10"><span class='ocrx_word' id='word_1_639' title='bbox 69 2619 73 2622; x_wconf 53' lang='lat'>.</span> <span class='ocrx_word' id='word_1_640' title='bbox 121 2583 176 2625; x_wconf 81' lang='lat'>52,</span> <span class='ocrx_word' id='word_1_641' title='bbox 195 2585 218 2616; x_wconf 88' lang='grc'><strong>4</strong></span> <span class='ocrx_word' id='word_1_642' title='bbox 233 2587 319 2617; x_wconf 79' lang='lat' dir='ltr'><strong>conl.</strong></span> <span class='ocrx_word' id='word_1_643' title='bbox 336 2585 361 2617; x_wconf 90' lang='lat' dir='ltr'>J</span> <span class='ocrx_word' id='word_1_644' title='bbox 379 2584 414 2622; x_wconf 92' lang='lat'>1,</span> <span class='ocrx_word' id='word_1_645' title='bbox 432 2585 465 2616; x_wconf 92' lang='lat'>4.</span> <span class='ocrx_word' id='word_1_646' title='bbox 505 2584 571 2616; x_wconf 92' lang='lat' dir='ltr'>ubi</span> <span class='ocrx_word' id='word_1_647' title='bbox 595 2585 734 2616; x_wconf 85' lang='lat' dir='ltr'>animus</span> <span class='ocrx_word' id='word_1_648' title='bbox 757 2584 957 2626; x_wconf 69' lang='lat' dir='ltr'>requievit,</span> <span class='ocrx_word' id='word_1_649' title='bbox 981 2593 1054 2615; x_wconf 90' lang='lat' dir='ltr'>non</span> <span class='ocrx_word' id='word_1_650' title='bbox 1077 2583 1148 2614; x_wconf 86' lang='lat' dir='ltr'>fuit</span> <span class='ocrx_word' id='word_1_651' title='bbox 1173 2582 1367 2614; x_wconf 87' lang='lat' dir='ltr'>consilium</span> <span class='ocrx_word' id='word_1_652' title='bbox 1384 2582 1411 2614; x_wconf 86' lang='lat' dir='ltr'>C</span> <span class='ocrx_word' id='word_1_653' title='bbox 1429 2583 1470 2622; x_wconf 87' lang='lat'>4,</span> <span class='ocrx_word' id='word_1_654' title='bbox 1491 2582 1520 2615; x_wconf 92' lang='lat'>1.</span> <span class='ocrx_word' id='word_1_655' title='bbox 1547 2582 1589 2624; x_wconf 86' lang='lat'>6,</span> <span class='ocrx_word' id='word_1_656' title='bbox 1608 2584 1641 2614; x_wconf 84' lang='lat'>7.</span> 
     </span>
    </p>
   </div>
   <div class='ocr_carea' id='block_1_5' title="bbox 121 2626 1643 2940">
    <p class='ocr_par' dir='ltr' id='par_1_18' title="bbox 121 2626 1643 2940">
     <span class='ocr_line' id='line_1_52' title="bbox 123 2626 1640 2671; baseline -0.001 -11"><span class='ocrx_word' id='word_1_657' title='bbox 123 2628 182 2670; x_wconf 90' lang='grc'>10,</span> <span class='ocrx_word' id='word_1_658' title='bbox 206 2629 236 2661; x_wconf 94' lang='lat'>1.</span> <span class='ocrx_word' id='word_1_659' title='bbox 251 2628 287 2662; x_wconf 89' lang='lat'>6.</span> <span class='ocrx_word' id='word_1_660' title='bbox 315 2629 375 2671; x_wconf 90' lang='grc'>17,</span> <span class='ocrx_word' id='word_1_661' title='bbox 392 2630 424 2662; x_wconf 91' lang='grc'>2.</span> <span class='ocrx_word' id='word_1_662' title='bbox 451 2629 511 2670; x_wconf 91' lang='grc'>23,</span> <span class='ocrx_word' id='word_1_663' title='bbox 531 2629 563 2662; x_wconf 91' lang='grc'>7.</span> <span class='ocrx_word' id='word_1_664' title='bbox 589 2629 652 2671; x_wconf 88' lang='grc'>31,</span> <span class='ocrx_word' id='word_1_665' title='bbox 672 2629 704 2661; x_wconf 91' lang='grc'>7.</span> <span class='ocrx_word' id='word_1_666' title='bbox 731 2628 845 2670; x_wconf 61' lang='grc'>36,2.</span> <span class='ocrx_word' id='word_1_667' title='bbox 872 2628 926 2668; x_wconf 86' lang='grc'>39,</span> <span class='ocrx_word' id='word_1_668' title='bbox 946 2628 977 2661; x_wconf 87' lang='grc'>3.</span> <span class='ocrx_word' id='word_1_669' title='bbox 1004 2627 1060 2668; x_wconf 82' lang='grc'>40,</span> <span class='ocrx_word' id='word_1_670' title='bbox 1079 2627 1111 2658; x_wconf 91' lang='grc'>2.</span> <span class='ocrx_word' id='word_1_671' title='bbox 1129 2628 1161 2658; x_wconf 92' lang='grc'>4.</span> <span class='ocrx_word' id='word_1_672' title='bbox 1187 2627 1242 2667; x_wconf 87' lang='grc'>45,</span> <span class='ocrx_word' id='word_1_673' title='bbox 1262 2627 1295 2659; x_wconf 94' lang='grc'>4.</span> <span class='ocrx_word' id='word_1_674' title='bbox 1320 2626 1427 2666; x_wconf 87' lang='grc'>47,1.</span> <span class='ocrx_word' id='word_1_675' title='bbox 1453 2627 1508 2667; x_wconf 89' lang='lat'>48,</span> <span class='ocrx_word' id='word_1_676' title='bbox 1527 2628 1560 2659; x_wconf 92' lang='lat'>5.</span> <span class='ocrx_word' id='word_1_677' title='bbox 1585 2627 1640 2667; x_wconf 87' lang='lat'><strong>50,</strong></span> 
     </span>
     <span class='ocr_line' id='line_1_53' title="bbox 121 2670 1640 2716; baseline -0.001 -10"><span class='ocrx_word' id='word_1_678' title='bbox 121 2673 154 2706; x_wconf 87' lang='lat'>3.</span> <span class='ocrx_word' id='word_1_679' title='bbox 172 2675 205 2706; x_wconf 90' lang='lat'>5.</span> <span class='ocrx_word' id='word_1_680' title='bbox 231 2674 285 2715; x_wconf 90' lang='lat'>51,</span> <span class='ocrx_word' id='word_1_681' title='bbox 304 2674 360 2708; x_wconf 89' lang='lat'>30.</span> <span class='ocrx_word' id='word_1_682' title='bbox 387 2675 450 2716; x_wconf 90' lang='lat'>57,</span> <span class='ocrx_word' id='word_1_683' title='bbox 469 2674 509 2708; x_wconf 90' lang='lat'>3..</span> <span class='ocrx_word' id='word_1_684' title='bbox 527 2673 582 2716; x_wconf 87' lang='lat'>59,</span> <span class='ocrx_word' id='word_1_685' title='bbox 604 2674 634 2707; x_wconf 93' lang='grc'>1.</span> <span class='ocrx_word' id='word_1_686' title='bbox 658 2675 682 2706; x_wconf 91' lang='lat' dir='ltr'>J</span> <span class='ocrx_word' id='word_1_687' title='bbox 698 2673 731 2714; x_wconf 88' lang='lat'>6,</span> <span class='ocrx_word' id='word_1_688' title='bbox 754 2674 770 2705; x_wconf 93' lang='lat'><strong>1</strong></span> <span class='ocrx_word' id='word_1_689' title='bbox 789 2674 862 2716; x_wconf 88' lang='lat' dir='ltr'>(ubi</span> <span class='ocrx_word' id='word_1_690' title='bbox 876 2674 1017 2713; x_wconf 82' lang='lat' dir='ltr'>primum</span> <span class='ocrx_word' id='word_1_691' title='bbox 1033 2675 1120 2704; x_wconf 84' lang='lat' dir='ltr'><strong>conl.</strong></span> <span class='ocrx_word' id='word_1_692' title='bbox 1137 2670 1198 2712; x_wconf 89' lang='lat'>62,</span> <span class='ocrx_word' id='word_1_693' title='bbox 1221 2671 1250 2703; x_wconf 92' lang='lat'>1.</span> <span class='ocrx_word' id='word_1_694' title='bbox 1276 2671 1339 2713; x_wconf 86' lang='lat'>63,</span> <span class='ocrx_word' id='word_1_695' title='bbox 1357 2671 1405 2713; x_wconf 91' lang='lat'>3).</span> <span class='ocrx_word' id='word_1_696' title='bbox 1432 2672 1471 2712; x_wconf 93' lang='lat'>7,</span> <span class='ocrx_word' id='word_1_697' title='bbox 1489 2673 1525 2704; x_wconf 91' lang='lat'>4.</span> <span class='ocrx_word' id='word_1_698' title='bbox 1548 2671 1589 2712; x_wconf 89' lang='lat'><strong>9,</strong></span> <span class='ocrx_word' id='word_1_699' title='bbox 1608 2672 1640 2705; x_wconf 90' lang='lat'>3.</span> 
     </span>
     <span class='ocr_line' id='line_1_54' title="bbox 126 2716 1641 2761; baseline -0.001 -11"><span class='ocrx_word' id='word_1_700' title='bbox 126 2718 185 2759; x_wconf 83' lang='lat'>13,</span> <span class='ocrx_word' id='word_1_701' title='bbox 203 2720 236 2750; x_wconf 88' lang='lat'>4.</span> <span class='ocrx_word' id='word_1_702' title='bbox 254 2720 287 2751; x_wconf 90' lang='lat'>7.</span> <span class='ocrx_word' id='word_1_703' title='bbox 314 2719 356 2751; x_wconf 90' lang='lat'><strong>21</strong></span> <span class='ocrx_word' id='word_1_704' title='bbox 369 2745 378 2761; x_wconf 93' lang='lat'>,</span> <span class='ocrx_word' id='word_1_705' title='bbox 396 2720 428 2751; x_wconf 92' lang='lat'>2.</span> <span class='ocrx_word' id='word_1_706' title='bbox 455 2718 517 2761; x_wconf 87' lang='lat'>23,</span> <span class='ocrx_word' id='word_1_707' title='bbox 537 2719 566 2752; x_wconf 93' lang='lat' dir='ltr'>l.</span> <span class='ocrx_word' id='word_1_708' title='bbox 584 2719 605 2751; x_wconf 91' lang='lat'><strong>2</strong></span> <span class='ocrx_word' id='word_1_709' title='bbox 622 2719 872 2761; x_wconf 80' lang='lat' dir='ltr'>(intellegit?).</span> <span class='ocrx_word' id='word_1_710' title='bbox 899 2718 960 2755; x_wconf 89' lang='lat'>25,</span> <span class='ocrx_word' id='word_1_711' title='bbox 977 2716 1010 2749; x_wconf 89' lang='lat'>6.</span> <span class='ocrx_word' id='word_1_712' title='bbox 1036 2716 1100 2758; x_wconf 85' lang='lat'>29,</span> <span class='ocrx_word' id='word_1_713' title='bbox 1121 2716 1136 2748; x_wconf 96' lang='lat'><strong>1</strong></span> <span class='ocrx_word' id='word_1_714' title='bbox 1156 2716 1310 2759; x_wconf 87' lang='lat' dir='ltr'>(coepit,</span> <span class='ocrx_word' id='word_1_715' title='bbox 1335 2721 1373 2748; x_wconf 83' lang='lat' dir='ltr'>ut</span> <span class='ocrx_word' id='word_1_716' title='bbox 1389 2716 1451 2756; x_wconf 88' lang='lat'>33,</span> <span class='ocrx_word' id='word_1_717' title='bbox 1468 2717 1501 2748; x_wconf 93' lang='lat'>4.</span> <span class='ocrx_word' id='word_1_718' title='bbox 1528 2716 1590 2758; x_wconf 90' lang='lat'>78,</span> <span class='ocrx_word' id='word_1_719' title='bbox 1608 2717 1641 2750; x_wconf 89' lang='grc'>3.</span> 
     </span>
     <span class='ocr_line' id='line_1_55' title="bbox 121 2760 1641 2808; baseline 0.001 -14"><span class='ocrx_word' id='word_1_720' title='bbox 121 2763 176 2803; x_wconf 90' lang='grc'>91,</span> <span class='ocrx_word' id='word_1_721' title='bbox 195 2763 217 2794; x_wconf 89' lang='grc'>4</span> <span class='ocrx_word' id='word_1_722' title='bbox 241 2765 365 2807; x_wconf 85' lang='lat' dir='ltr'>coepit</span> <span class='ocrx_word' id='word_1_723' title='bbox 382 2783 424 2788; x_wconf 98' lang='lat'><strong>—</strong></span> <span class='ocrx_word' id='word_1_724' title='bbox 442 2765 609 2808; x_wconf 86' lang='lat' dir='ltr'>egressi).</span> <span class='ocrx_word' id='word_1_725' title='bbox 635 2764 695 2804; x_wconf 89' lang='lat'>34,</span> <span class='ocrx_word' id='word_1_726' title='bbox 718 2764 747 2796; x_wconf 91' lang='lat'>1.</span> <span class='ocrx_word' id='word_1_727' title='bbox 774 2763 836 2803; x_wconf 89' lang='lat'>39,</span> <span class='ocrx_word' id='word_1_728' title='bbox 859 2763 889 2794; x_wconf 87' lang='lat'>1.</span> <span class='ocrx_word' id='word_1_729' title='bbox 914 2762 970 2802; x_wconf 88' lang='lat'>41,</span> <span class='ocrx_word' id='word_1_730' title='bbox 989 2761 1021 2794; x_wconf 87' lang='lat'>3.</span> <span class='ocrx_word' id='word_1_731' title='bbox 1042 2760 1093 2793; x_wconf 93' lang='grc'>10.</span> <span class='ocrx_word' id='word_1_732' title='bbox 1120 2760 1174 2801; x_wconf 89' lang='lat'>43,</span> <span class='ocrx_word' id='word_1_733' title='bbox 1194 2762 1226 2793; x_wconf 84' lang='lat'>2.</span> <span class='ocrx_word' id='word_1_734' title='bbox 1253 2762 1310 2801; x_wconf 86' lang='lat'>44,</span> <span class='ocrx_word' id='word_1_735' title='bbox 1332 2761 1347 2793; x_wconf 94' lang='lat'><strong>1</strong></span> <span class='ocrx_word' id='word_1_736' title='bbox 1367 2761 1507 2802; x_wconf 88' lang='lat' dir='ltr'>(venit).</span> <span class='ocrx_word' id='word_1_737' title='bbox 1533 2761 1588 2803; x_wconf 88' lang='lat'>46,</span> <span class='ocrx_word' id='word_1_738' title='bbox 1611 2762 1641 2795; x_wconf 93' lang='lat' dir='ltr'>l.</span> 
     </span>
     <span class='ocr_line' id='line_1_56' title="bbox 121 2805 1643 2851; baseline 0 -12"><span class='ocrx_word' id='word_1_739' title='bbox 121 2807 182 2848; x_wconf 90' lang='lat'>48,</span> <span class='ocrx_word' id='word_1_740' title='bbox 205 2807 234 2839; x_wconf 91' lang='lat'>1.</span> <span class='ocrx_word' id='word_1_741' title='bbox 260 2807 316 2848; x_wconf 90' lang='grc'>50,</span> <span class='ocrx_word' id='word_1_742' title='bbox 337 2808 354 2840; x_wconf 93' lang='lat' dir='ltr'>l</span> <span class='ocrx_word' id='word_1_743' title='bbox 372 2809 673 2851; x_wconf 88' lang='lat' dir='ltr'>(animadvortit).</span> <span class='ocrx_word' id='word_1_744' title='bbox 700 2809 754 2848; x_wconf 85' lang='lat'>52,</span> <span class='ocrx_word' id='word_1_745' title='bbox 773 2809 806 2839; x_wconf 91' lang='grc'>5.</span> <span class='ocrx_word' id='word_1_746' title='bbox 832 2807 893 2846; x_wconf 89' lang='lat'>53,</span> <span class='ocrx_word' id='word_1_747' title='bbox 911 2807 944 2838; x_wconf 93' lang='lat'>2.</span> <span class='ocrx_word' id='word_1_748' title='bbox 970 2805 1033 2844; x_wconf 88' lang='lat'>60,</span> <span class='ocrx_word' id='word_1_749' title='bbox 1051 2807 1084 2838; x_wconf 89' lang='lat'>5.</span> <span class='ocrx_word' id='word_1_750' title='bbox 1102 2806 1134 2846; x_wconf 90' lang='lat'>7,</span> <span class='ocrx_word' id='word_1_751' title='bbox 1160 2805 1215 2847; x_wconf 89' lang='lat'>62,</span> <span class='ocrx_word' id='word_1_752' title='bbox 1234 2805 1266 2838; x_wconf 91' lang='lat'>8.</span> <span class='ocrx_word' id='word_1_753' title='bbox 1293 2805 1348 2847; x_wconf 84' lang='lat'>66,</span> <span class='ocrx_word' id='word_1_754' title='bbox 1366 2806 1388 2840; x_wconf 90' lang='lat'>3</span> <span class='ocrx_word' id='word_1_755' title='bbox 1405 2806 1483 2847; x_wconf 88' lang='lat' dir='ltr'>(ubi</span> <span class='ocrx_word' id='word_1_756' title='bbox 1500 2811 1643 2850; x_wconf 89' lang='lat' dir='ltr'>tempus</span> 
     </span>
     <span class='ocr_line' id='line_1_57' title="bbox 125 2850 1640 2894; baseline 0.001 -10"><span class='ocrx_word' id='word_1_757' title='bbox 125 2852 222 2894; x_wconf 75' lang='lat' dir='ltr'>fuit).</span> <span class='ocrx_word' id='word_1_758' title='bbox 249 2851 314 2889; x_wconf 82' lang='grc'>68,</span> <span class='ocrx_word' id='word_1_759' title='bbox 334 2852 365 2884; x_wconf 87' lang='grc'>1.</span> <span class='ocrx_word' id='word_1_760' title='bbox 389 2853 454 2894; x_wconf 82' lang='grc'>69,</span> <span class='ocrx_word' id='word_1_761' title='bbox 475 2854 504 2886; x_wconf 91' lang='lat'>1.</span> <span class='ocrx_word' id='word_1_762' title='bbox 531 2854 592 2894; x_wconf 90' lang='lat'>71,</span> <span class='ocrx_word' id='word_1_763' title='bbox 611 2855 643 2886; x_wconf 83' lang='lat'>5.</span> <span class='ocrx_word' id='word_1_764' title='bbox 669 2853 729 2892; x_wconf 85' lang='lat'>73,</span> <span class='ocrx_word' id='word_1_765' title='bbox 753 2852 781 2884; x_wconf 91' lang='lat'>1.</span> <span class='ocrx_word' id='word_1_766' title='bbox 808 2852 869 2891; x_wconf 80' lang='lat'>75,</span> <span class='ocrx_word' id='word_1_767' title='bbox 889 2851 922 2883; x_wconf 86' lang='lat'>7.</span> <span class='ocrx_word' id='word_1_768' title='bbox 947 2851 1008 2890; x_wconf 89' lang='lat'>77,</span> <span class='ocrx_word' id='word_1_769' title='bbox 1028 2850 1060 2883; x_wconf 82' lang='lat'>3.</span> <span class='ocrx_word' id='word_1_770' title='bbox 1087 2851 1148 2891; x_wconf 84' lang='lat'>79,</span> <span class='ocrx_word' id='word_1_771' title='bbox 1167 2850 1200 2884; x_wconf 88' lang='grc'>6.</span> <span class='ocrx_word' id='word_1_772' title='bbox 1226 2851 1366 2892; x_wconf 85' lang='lat'><strong>85‚42.</strong></span> <span class='ocrx_word' id='word_1_773' title='bbox 1389 2850 1450 2892; x_wconf 89' lang='lat'>87,</span> <span class='ocrx_word' id='word_1_774' title='bbox 1469 2852 1501 2884; x_wconf 85' lang='lat'>4.</span> <span class='ocrx_word' id='word_1_775' title='bbox 1526 2851 1640 2892; x_wconf 84' lang='lat'><strong>89,3.</strong></span> 
     </span>
     <span class='ocr_line' id='line_1_58' title="bbox 125 2895 1641 2940; baseline -0.001 -10"><span class='ocrx_word' id='word_1_776' title='bbox 125 2897 188 2939; x_wconf 86' lang='lat'>92,</span> <span class='ocrx_word' id='word_1_777' title='bbox 207 2897 241 2931; x_wconf 89' lang='lat'>3.</span> <span class='ocrx_word' id='word_1_778' title='bbox 265 2897 327 2939; x_wconf 87' lang='lat'>93,</span> <span class='ocrx_word' id='word_1_779' title='bbox 345 2897 380 2930; x_wconf 87' lang='lat'>3.</span> <span class='ocrx_word' id='word_1_780' title='bbox 403 2897 466 2940; x_wconf 88' lang='lat'>94,</span> <span class='ocrx_word' id='word_1_781' title='bbox 488 2899 517 2931; x_wconf 92' lang='lat' dir='ltr'>l.</span> <span class='ocrx_word' id='word_1_782' title='bbox 536 2898 568 2932; x_wconf 88' lang='lat'>3.</span> <span class='ocrx_word' id='word_1_783' title='bbox 587 2898 610 2930; x_wconf 91' lang='lat'>6</span> <span class='ocrx_word' id='word_1_784' title='bbox 626 2896 804 2940; x_wconf 81' lang='lat' dir='ltr'>(accidit).</span> <span class='ocrx_word' id='word_1_785' title='bbox 829 2896 891 2936; x_wconf 91' lang='lat'>97,</span> <span class='ocrx_word' id='word_1_786' title='bbox 910 2897 944 2928; x_wconf 90' lang='lat'>2.</span> <span class='ocrx_word' id='word_1_787' title='bbox 973 2895 1054 2937; x_wconf 88' lang='grc'>101,</span> <span class='ocrx_word' id='word_1_788' title='bbox 1073 2896 1105 2929; x_wconf 90' lang='grc'>7.</span> <span class='ocrx_word' id='word_1_789' title='bbox 1133 2895 1215 2938; x_wconf 90' lang='grc'>109,</span> <span class='ocrx_word' id='word_1_790' title='bbox 1234 2897 1267 2929; x_wconf 92' lang='grc'>4.</span> <span class='ocrx_word' id='word_1_791' title='bbox 1294 2896 1376 2937; x_wconf 88' lang='grc'>113,</span> <span class='ocrx_word' id='word_1_792' title='bbox 1394 2897 1428 2929; x_wconf 86' lang='grc'>5.</span> <span class='ocrx_word' id='word_1_793' title='bbox 1459 2897 1495 2928; x_wconf 91' lang='grc' dir='ltr'><strong>Η</strong></span> <span class='ocrx_word' id='word_1_794' title='bbox 1512 2897 1569 2929; x_wconf 91' lang='grc' dir='ltr'>ΙΙΙ</span> <span class='ocrx_word' id='word_1_795' title='bbox 1585 2897 1641 2930; x_wconf 87' lang='lat'>71.</span> 
     </span>
    </p>
   </div>
   <div class='ocr_carea' id='block_1_6' title="bbox 213 2952 1373 2998">
    <p class='ocr_par' dir='ltr' id='par_1_19' title="bbox 213 2952 1373 2998">
     <span class='ocr_line' id='line_1_59' title="bbox 213 2952 1373 2998; baseline -0.001 -1"><span class='ocrx_word' id='word_1_796' title='bbox 213 2965 393 2998; x_wconf 73' lang='lat' dir='ltr'>SALnusr.</span> <span class='ocrx_word' id='word_1_797' title='bbox 420 2976 479 2997; x_wconf 73' lang='lat' dir='ltr'>sn.</span> <span class='ocrx_word' id='word_1_798' title='bbox 503 2967 686 2998; x_wconf 72' lang='lat' dir='ltr'>Dm’rscn.</span> <span class='ocrx_word' id='word_1_799' title='bbox 727 2965 775 2997; x_wconf 94' lang='lat' dir='ltr'>II.</span> <span class='ocrx_word' id='word_1_800' title='bbox 1320 2952 1373 2992; x_wconf 79' lang='lat'><strong>25</strong></span> 
     </span>
    </p>
   </div>
  </div>
 </body>
</html>
