1800 3250
227 265 253 304 4
306 298 315 301 -
668 274 965 303 ms'romARvM
999 274 1081 303 me.
1113 276 1127 302 1
1158 270 1193 306 9.
1225 271 1279 306 10.

219 374 370 417 ’1111111111
405 390 586 416 maxume
628 381 739 423 aucta
771 379 872 413 suut.
933 375 1029 414 Nam
1068 377 1230 416 iniuriae
1256 377 1483 417 validiorum
1514 382 1552 417 et
1586 377 1635 417 ob
1677 391 1743 419 eas

170 434 173 439 ¹
227 445 410 483 discessio
445 444 572 494 plebei
613 456 632 481 3
673 442 849 493 patribus
879 441 1054 494 aliaeque
1093 443 1354 483 dissensiones
1393 444 1498 484 domi
1529 446 1638 484 suere
1668 446 1744 485 iam

227 512 314 550 inde
349 523 368 549 3
394 511 585 562 principio
616 522 743 561 neque
776 509 941 560 amplius
969 522 1084 561 quam
1116 510 1276 560 regibus
1307 513 1463 556 exactis
1496 512 1589 551 dum
1619 517 1746 552 metus

226 592 245 617 3
275 578 487 628 Tarquinio
522 581 559 616 et
595 577 739 616 bellum
780 587 897 626 grave
935 589 1022 616 cum
1054 577 1209 617 Etruria
1240 580 1409 629 positum
1442 584 1511 625 est,
1539 591 1677 631 aequo
1708 584 1747 618 et

191 645 415 698 smodestq
430 645 514 684 iure
552 645 751 695 agitatum.
816 643 912 682 Dein
953 644 1080 683 servili
1121 646 1272 696 inperio
1307 650 1439 696 patres
1479 646 1635 697 plebem
1677 658 1744 685 ex-

226 725 382 757 ercere,
423 712 471 751 de
500 713 575 751 vita
613 715 728 763 atque
762 716 874 761 tergo
916 712 1024 761 regio
1055 724 1166 750 more
1200 712 1424 757 consulere,
1462 725 1557 764 agro
1597 712 1744 764 pellere

225 785 263 819 et
290 781 429 819 ceteris
458 779 684 830 expertibus
714 778 785 817 soli
812 779 849 817 111
881 779 1032 829 inperio
1061 790 1191 829 agere.
1240 779 1389 826 Quibus
1411 781 1550 830 agitata
1578 781 1744 820 saevitiis

225 852 263 886 et
293 852 474 886 maxume
506 847 653 886 fenoris
684 858 804 885 onere
837 845 1024 896 obpressa
1055 846 1189 897 plebes
1223 859 1311 885 cum
1343 847 1506 886 assiduis
1535 847 1645 887 bellis
1675 848 1743 887 tri·
1775 861 1783 867 ·

224 914 362 953 butum
391 914 506 954 simul
536 918 574 953 et
604 913 777 952 militiam
808 912 1011 958 toleraret,
1054 918 1201 952 armata
1238 918 1410 953 montem
1441 927 1597 954 sacrum
1628 918 1743 966 atque

180 996 212 1023 ιο
224 982 456 1021 Aventinum
485 981 646 1025 insedit,
682 985 842 1032 tumque
870 979 1050 1019 tribunos
1083 980 1210 1031 plebei
1250 985 1287 1019 ct
1313 981 1384 1020 alia
1416 969 1601 1021 sibiiura
1629 993 1743 1033 para-

226 1051 287 1088 vit.
343 1049 633 1088 Discordiarum
665 1052 702 1086 et
732 1047 955 1086 certaminis
981 1048 1176 1099 utrimque
1208 1048 1295 1087 fluis
1322 1048 1393 1087 fuit
1412 1048 1627 1088 secundum
1660 1047 1742 1088 hel-

224 1116 304 1155 lum
334 1116 538 1155 Punicum.

1547 1176 1567 1195 0

223 1210 362 1238 conanti
382 1207 540 1248 opitulati
559 1209 648 1245 sunt,
670 1205 768 1246 ιῳάυἰ
783 1205 866 1237 bello
884 1205 989 1237 Roma
1005 1215 1167 1237 concussa
1180 1209 1240 1236 est.
1276 1205 1362 1237 Ideo
1380 1206 1461 1238 dicit
1480 1215 1596 1247 aequo
1614 1209 1650 1238 et
1667 1216 1739 1238 mo-

223 1251 327 1283 desto
345 1251 424 1282 iure
443 1254 570 1292 qestam
597 1261 702 1292 remp.
719 1254 805 1282 metu
818 1254 1003 1291 premente,
1027 1260 1091 1282 non
1105 1250 1333 1291 persuadente
1352 1252 1490 1282 iustitia.
1531 1251 1623 1282 Tum
1649 1248 1739 1283 ext'r.

225 1307 305 1338 cap.
325 1296 435 1328 Finito
451 1298 579 1328 scilicet
599 1300 750 1336 tempore
773 1305 836 1337 quo
853 1305 970 1336 aequo
994 1297 1030 1326 et
1051 1294 1214 1327 modesto
1232 1294 1310 1326 iure
1336 1295 1514 1336 agitatum
1534 1298 1600 1335 est,
1625 1299 1742 1328 secuta

221 1345 298 1372 sunt
323 1351 408 1384 quae
433 1342 519 1372 idem
536 1341 713 1372 Sallustius
730 1339 877 1371 breviter
893 1343 1063 1380 explicat:
1089 1339 1219 1371 deinde
1237 1339 1364 1372 servili
1381 1357 1422 1363 -—
1441 1340 1510 1372 soli
1527 1340 1681 1382 imperio
1698 1358 1759 1375 —,

223 1386 364 1426 Quibus
377 1385 526 1428 agitata
544 1385 712 1417 saevitsss
738 1402 778 1407 —-
803 1385 959 1416 maxime
979 1384 1104 1416 fenore
1123 1395 1222 1426 oppr.
1248 1403 1291 1406 —
1316 1384 1490 1416 tributum
1517 1389 1553 1417 et
1571 1385 1739 1417 militiam

223 1431 329 1463 simul
352 1447 398 1453 —-
420 1434 567 1472 tumque
596 1428 754 1471 [Erasm.
783 1429 829 1460 al.
855 1427 1015 1471 tuncque]
1043 1447 1086 1450 —
1112 1430 1325 1460 certaminis
1348 1430 1537 1472 utriusque
1563 1448 1606 1451 ——
1629 1430 1741 1462 Puni-

223 1486 316 1507 cum.
364 1475 415 1507 Id.
435 1476 467 1507 V
488 1475 544 1506 12:
572 1474 635 1514 Qui
649 1476 742 1506 audit
758 1474 841 1506 haee
861 1474 996 1506 Catonis
1012 1474 1115 1505 verba
1129 1476 1197 1506 sive
1215 1473 1368 1506 Sallustii
1392 1473 1485 1516 [Cat.
1504 1475 1560 1515 52,
1582 1473 1738 1517 19—22]‚

220 1525 318 1562 putat
351 1522 466 1563 quales
497 1521 677 1552 laudantur
709 1520 850 1551 Romani
878 1522 1009 1550 veteres
1041 1529 1151 1550 omnes
1182 1521 1268 1551 tales
1302 1523 1380 1550 tunc
1407 1519 1515 1560 sitisse
1539 1522 1591 1551 vel
1610 1523 1739 1561 plures.

223 1566 309 1607 Non
324 1568 373 1597 ita
397 1570 467 1602 est,·
492 1566 637 1607 alioquin
662 1575 743 1596 vera
768 1574 833 1596 non
857 1568 978 1600 essent,
1006 1574 1090 1606 quae
1115 1566 1187 1604 ipse
1213 1564 1297 1595 idem
1320 1563 1454 1601 scribit,
1481 1575 1522 1596 ea
1546 1574 1631 1607 quae
1655 1574 1740 1597 eom-

220 1613 400 1642 memoravz‘
421 1611 454 1641 in
478 1611 624 1642 secundo
649 1610 734 1641 libro
759 1610 854 1641 lucius
876 1610 1002 1650 operis,
1028 1608 1084 1639 ubi
1107 1609 1187 1640 dicit
1212 1609 1366 1640 iniurias
1390 1609 1607 1641 validiorum
1633 1612 1669 1642 et
1693 1609 1739 1642 ob

223 1665 286 1687 eas
319 1654 580 1687 discessionem
613 1654 732 1696 plebis
767 1664 788 1685 a
819 1654 985 1695 patribus
1017 1653 1183 1695 aliasque
1215 1653 1462 1686 dissensiones
1499 1654 1597 1686 domi
1626 1654 1739 1686 fuisse

221 1700 295 1731 iam
320 1700 405 1732 inde
432 1710 453 1731 a
477 1699 659 1742 principio
685 1709 800 1741 neque
828 1698 984 1740 amplius
1010 1708 1127 1740 aequo
1153 1701 1189 1730 et
1206 1698 1368 1731 modesto
1393 1699 1472 1730 iure
1490 1703 1606 1737 aetum,
1634 1708 1740 1741 quarn

223 1745 382 1787 expulsis
414 1746 561 1787 regibus
594 1746 747 1787 quamdiu
777 1746 894 1775 metus
927 1754 949 1775 a
981 1743 1182 1785 Tarquinio
1210 1743 1295 1783 fuit,
1322 1743 1428 1775 donee
1453 1743 1588 1775 bellum
1613 1753 1738 1786 grave,

222 1791 312 1833 quod
333 1794 479 1831 propter
502 1791 606 1831 ipsum
631 1800 712 1821 cum
737 1789 885 1820 Etruria
908 1792 1096 1829 susceptum
1115 1788 1250 1828 fuerat,
1278 1789 1447 1829 finiretur.
1503 1789 1631 1821 Postea
1660 1798 1740 1821 vero

221 1835 348 1867 servili
373 1835 524 1877 imperio
549 1837 674 1876 patres
700 1834 907 1866 exercuisse
932 1833 1095 1875 plebem,
1128 1833 1230 1875 regio
1263 1843 1360 1864 more
1393 1833 1614 1870 verberasse,
1651 1843 1740 1876 agro

220 1880 425 1923 pepulisse,
462 1882 499 1911 et
530 1880 664 1911 ceteris
695 1878 906 1921 erpertibus
938 1877 1034 1910 solos
1061 1877 1180 1920 egisse
1206 1878 1244 1909 in
1269 1878 1432 1919 imperio.
1483 1878 1642 1918 Quarum
1667 1878 1739 1910 dis-

222 1925 437 1965 cordiam-m,
465 1926 539 1956 dum
562 1925 615 1956 illi
636 1925 804 1956 dominari
825 1925 961 1961 vellent,
988 1923 1047 1954 isti
1068 1924 1196 1954 servire
1220 1924 1362 1962 nollent,
1388 1922 1495 1954 finem
1525 1922 1638 1954 fuisse
1663 1921 1739 1954 bel-

219 1969 293 2001 lum
317 1970 496 2001 Punicum
522 1969 736 2009 seeundum,
773 1970 850 2010 quia
879 1978 998 1999 rursus
1020 1967 1137 2007 ‚oravis
1159 1970 1263 1998 metus
1288 1970 1400 2008 coepit
1423 1977 1545 2008 uryere
1570 1972 1671 2010 atque
1696 1967 1738 1999 ab

218 2016 283 2046 z'Ilz's
306 2014 615 2056 perturbationilms
639 2015 707 2046 alia
730 2015 856 2044 maiore
873 2023 956 2044 cura
979 2011 1133 2044 cohibere
1151 2014 1277 2043 animos
1295 2013 1459 2054 inquieto-s·
1476 2016 1508 2044 et
1533 2013 1581 2044 ad
1600 2022 1739 2045 eoncor-

220 2061 309 2091 (lz'am
332 2070 494 2091 revocare
518 2059 654 2090 civilem.
681 2076 723 2080 —
750 2057 779 2088 1.
806 2057 905 2088 Serv.
927 2056 972 2088 ad
991 2057 1097 2097 Verg.
1117 2056 1182 2088 Ge.
1202 2056 1253 2088 IV
1270 2055 1352 2088 238:
1379 2057 1579 2089 Sallus-tius:
1603 2057 1739 2089 iniuria

220 2104 449 2142 validiorum,
475 2105 602 2135 scilicet
627 2113 722 2145 quam
746 2101 938 2141 inferebant
960 2102 1153 2133 validiore&
1180 2119 1223 2122 —
1247 2101 1279 2133 5.
1306 2101 1440 2133 Donat.
1462 2102 1508 2133 ad
1525 2102 1608 2134 Ter.
1626 2102 1737 2134 Andr.

219 2148 237 2179 I
265 2148 293 2188 l,
320 2147 359 2180 9:
393 2148 483 2179 Mire
514 2149 703 2179 servitutem
730 2157 797 2188 pro
830 2147 998 2178 dominatu
1028 2146 1151 2186 posuit.
1190 2146 1257 2182 ‚Sic
1286 2146 1463 2178 Sallustius
1496 2147 1581 2181 dein
1613 2146 1738 2180 servili

220 2193 384 2234 imperio.
410 2210 455 2215 —
478 2191 511 2223 9.
537 2192 641 2223 Arus.
667 2203 701 2233 p.
727 2190 794 2223 236
817 2192 860 2222 L.
886 2192 994 2223 insido
1021 2193 1105 2222 illos.
1136 2209 1175 2212 —
1213 2190 1301 2222 Sall.
1320 2191 1418 2223 Hist.
1437 2192 1453 2222 1
1480 2195 1622 2224 armata
1639 2202 1737 2224 mon-

220 2240 293 2268 tem
325 2247 468 2269 sacrum
500 2240 610 2278 atque
641 2236 859 2267 Aventinum
884 2235 1030 2268 insedit.
1089 2235 1188 2267 Serv.
1220 2236 1265 2267 ad
1289 2236 1398 2278 Verg.
1424 2237 1514 2268 Aen.
1540 2237 1629 2268 VIII
1652 2235 1736 2275 479:

220 2282 357 2313 insedit
381 2286 488 2314 autem
511 2283 688 2314 sec-mulum
713 2280 923 2313 Sallustium.-
950 2284 1106 2312 montem
1133 2291 1276 2312 sacrum
1303 2284 1412 2322 atque
1437 2281 1657 2313 Aventinum
1683 2281 1735 2313 in-

220 2326 326 2369 sedit.
376 2326 542 2358 Diomed.
569 2338 603 2369 p.
629 2326 694 2358 443
720 2335 772 2367 sq.
790 2326 835 2357 K.
861 2330 894 2357 et
919 2327 1019 2357 aliter
1036 2327 1077 2357 (Ie
1099 2328 1254 2367 prolepsi
1276 2327 1477 2367 disprzttrtur,
1503 2337 1573 2358 eum
1597 2327 1634 2358 iat
1649 2327 1740 2369 quod

214 2373 388 2413 posterius
413 2373 537 2403 accidit
561 2375 639 2403 ante
663 2375 791 2412 tempas·
815 2371 1005 2407 ascribitur,
1031 2373 1117 2402 velut
1134 2371 1365 2412 Laviniaque
1383 2371 1485 2402 venit
1509 2371 1630 2415 litora.
1667 2371 1736 2403 La-

218 2418 335 2448 vinium
361 2420 445 2448 enim
469 2418 610 2448 nondum
635 2420 720 2453 erat,
748 2427 817 2447 cum
842 2416 889 2447 ml
911 2416 1048 2447 Italiam
1071 2417 1159 2447 venit
1185 2417 1333 2447 Aeneas.
1366 2416 1413 2447 Et
1437 2417 1529 2457 apud
1545 2416 1736 2448 Sallustium

219 2465 376 2493 montem
409 2472 551 2493 sacrum
585 2464 695 2503 atque
725 2461 945 2491 Aventinum
978 2460 1130 2499 insedit-3
1165 2461 1222 2503 qni
1252 2471 1344 2492 mons
1369 2460 1410 2492 ab
1435 2461 1515 2502 hoe,
1548 2462 1626 2503 quia
1647 2463 1736 2493 illum

216 2507 312 2548 pleb-s*
335 2508 518 2543 insederat,
540 2511 664 2548 postea
686 2516 786 2537 sacer
811 2506 918 2537 (lictus
943 2510 1004 2537 est.

333 2563 428 2602 Quid
454 2563 548 2594 inter
573 2562 641 2594 hoc
666 2565 705 2594 et
730 2571 893 2603 sequens
911 2562 1156 2604 fragmentum
1182 2561 1443 2601 intercesserit,
1472 2571 1516 2593 ex
1539 2561 1734 2604 Augustini

217 2607 310 2640 loeis
335 2608 499 2650 adparet.

336 2698 384 2737 10
419 2695 728 2749 [Kr.ll.G.12].
781 2696 991 2748 Postquam
1026 2701 1178 2735 remoto
1205 2699 1311 2735 metu
1343 2695 1490 2734 Punico
1521 2694 1735 2734 simultates

219 2776 404 2804 exercere
437 2776 598 2803 vacuom
632 2763 720 2808 suit,
757 2763 962 2815 plurumae
992 2763 1152 2808 turbae,
1192 2755 1399 2801 seditiones
1429 2766 1467 2821 et
1500 2762 1549 2800 ad
1581 2766 1733 2812 postre-

332 2853 425 2885 Gell.
450 2854 493 2884 N.
519 2854 560 2885 A.
586 2855 635 2885 IX
666 2853 721 2885 14:
754 2858 856 2885 metus·
886 2854 1025 2885 hostium
1054 2857 1147 2884 reete
1179 2853 1302 2884 dieitur
1332 2855 1364 2882 et
1389 2861 1458 2883 eum
1483 2853 1596 2883 timent
1620 2851 1734 2883 hostes

217 2901 248 2928 et
273 2908 343 2928 eum
366 2899 532 2929 timentur.
590 2899 712 2941 Itaque
738 2899 915 2930 Sallustius
938 2915 984 2922 -—·
1006 2898 1081 2929 ilem
1107 2899 1173 2928 alio
1198 2901 1231 2928 in
1256 2899 1350 2931 loeo:
1379 2900 1570 2938 postquam
1596 2899 1733 2928 remoto
1764 2925 1766 2927 ,

216 2944 314 2972 metu
330 2942 468 2973 Punico
486 2943 691 2975 simultates
718 2953 887 2974 exercere
913 2952 1066 2975 vacuum
1093 2942 1172 2973 fuit.
1198 2958 1243 2963 --
1268 2941 1407 2984 Quibus
1431 2941 1554 2973 verbis
1579 2950 1651 2973 nou
1668 2940 1731 2973 du-
