1852 3294
233 208 314 249 322
344 202 354 209 ⁸
804 228 807 230 —
933 220 1064 246 monx

235 331 329 353 mum
349 319 499 351 eredens
518 319 616 360 prius
636 328 741 359 quam
758 317 925 359 leg-iones
943 318 1207 360 scriberentur,
1233 318 1348 351 multa
1366 322 1588 363 antecapere
1606 319 1634 352 C
1647 319 1716 362 32,
1735 319 1752 351 1

235 368 320 398 conl.
338 365 394 402 44,
414 363 444 396 3.
471 363 494 394 J
512 363 566 402 25,
586 361 637 394 10.
666 363 699 394 Η
716 363 772 394 ΙΙΙ
789 363 849 404 67,
874 362 924 395 14.
965 373 1082 405 neque
1104 363 1202 406 prius
1221 364 1342 396 sedari
1360 375 1468 406 quam
1485 366 1600 398 virtus
1619 365 1755 398 famam

236 408 499 450 adaequaverit
514 409 537 439 J
553 408 584 447 4,
604 406 635 439 6.
678 409 807 439 statuit
829 419 900 440 non
925 408 1025 450 prius
1043 409 1177 440 bellum
1196 408 1398 451 adtingere,
1425 420 1531 452 quam
1549 410 1686 442 milites
1701 409 1756 441 ln.-

234 455 363 485 borare
391 453 573 494 coiigisset
594 452 618 484 J
634 452 695 488 4-1,
714 452 746 485 3.
771 465 817 480 z
838 453 972 493 primus.
1004 464 1096 495 quae
1121 454 1238 496 prima
1263 454 1435 486 mortales
1459 458 1589 497 putant
1606 454 1633 487 O
1652 453 1716 495 36,
1733 454 1756 486 4

234 500 320 530 conl.
338 498 361 529 J
377 497 433 537 41,
456 497 483 528 1.
511 496 565 537 76,
584 496 616 528 6.
659 507 751 539 quae
769 498 865 530 bello
884 496 972 540 opus
991 502 1107 538 erant,
1127 499 1243 540 prima
1261 499 1396 531 habere
1413 500 1437 531 J
1453 500 1506 539 84,
1526 501 1559 531 2.
1594 499 1754 532 seeundo

236 543 328 574 mari
352 543 469 584 prima
487 542 631 574 (jurene
650 546 724 581 est,
751 543 834 574 dein
852 543 873 574 J
898 543 953 581 19,
972 542 992 575 3
1015 546 1100 575 conl.
1120 544 1154 575 H
1171 544 1224 575 III
1242 544 1296 575 46.
1338 544 1453 586 prima
1478 545 1578 576 acies
1596 544 1624 576 G
1642 543 1702 583 59,
1721 543 1754 576 3.

236 587 290 627 60,
309 588 340 618 4.
382 588 500 629 prima
516 587 649 618 insidia
666 588 700 618 H
716 588 752 619 II
771 587 822 620 15.
863 588 969 630 primi
992 588 1058 630 pili
1074 589 1097 620 J
1114 588 1174 628 38,
1194 587 1227 620 6.
1269 589 1421 630 primam
1445 589 1548 622 modo
1567 589 1758 631 Iapudiam

237 633 424 674 ingressus
448 633 483 664 H
507 632 519 663 i
546 631 597 664 12.
640 632 747 674 primi
765 651 806 655 —
825 634 998 674 postremi
1018 632 1212 674 (extremi).
1239 633 1262 664 J
1279 634 1339 671 45,
1358 635 1389 666 2.
1415 634 1471 673 46,
1490 634 1522 666 7.
1546 633 1601 674 50,
1619 633 1653 666 3.
1681 632 1755 674 101,

236 677 267 710 6.
297 676 371 717 100,
390 678 423 716 2,
464 678 503 709 in
519 677 634 719 primo
653 677 727 709 late
742 678 793 709 ire
811 678 834 709 J
852 677 906 718 68,
926 678 957 710 4.
999 678 1035 709 in
1053 679 1161 710 terris
1182 689 1312 710 nomen
1331 679 1447 720 inperi
1465 679 1501 710 id
1519 679 1672 721 primum
1690 678 1759 710 fuit

238 722 265 754 C
284 722 316 762 2,
341 722 368 753 1.
404 717 510 755 nobi's
528 723 667 764 primae
686 723 937 755 dissensiones
954 722 1044 755 vitio
1061 740 1105 745 —-
1122 723 1248 765 ingeni
1266 734 1422 756 evenere
1442 724 1476 755 H
1493 725 1510 757 1
1528 724 1559 756 7.
1603 734 1624 755 a
1641 723 1759 765 prima

239 767 493 800 adulescentia
510 767 544 798 H
561 768 598 799 11
614 767 669 808 41,
689 767 721 799 4.
748 766 803 807 96,
826 767 854 799 1.
881 768 933 799 ΙΙΙ
950 768 981 800 7.
1018 768 1132 810 primo
1151 778 1350 810 congressu
1365 769 1388 800 J
1406 769 1459 807 74,
1479 768 1511 801 3.
1545 768 1657 810 primo
1675 778 1758 800 eon-

238 815 352 845 ventu
365 812 386 844 J
400 812 450 851 12,
467 811 497 844 l:
520 812 672 854 primum
686 812 849 854 inpetum
863 813 897 844 H
911 811 1008 852 1196,
1019 815 1051 844 5.
1082 813 1198 854 prima
1212 813 1294 845 luce
1308 813 1343 845 H
1357 814 1413 845 111
1426 812 1480 853 67,
1496 813 1546 844 14.
1556 812 1611 844 20.
1645 813 1758 855 primo

238 857 377 900 proe110
396 856 422 889 C
441 856 495 898 39,
514 858 547 888 4.
587 859 704 899 prima
730 857 858 899 vigilia
879 858 902 889 J
929 856 1009 898 106,
1029 858 1060 889 4.
1102 857 1256 890 alterum
1282 858 1508 893 consulatum
1532 858 1627 900 petis
1654 857 1760 899 quasi

239 903 395 945 primum
412 902 612 934 reddideris
630 903 664 933 H
683 903 699 934 1
717 901 772 941 48,
795 902 844 934 15.
882 902 1034 945 primum
1053 902 1273 935 Graecorum
1291 903 1522 940 AchillemH
1540 903 1594 934 111
1611 902 1655 934 40
1671 904 1758 935 conl.

239 946 294 979 50.
329 947 463 989 primus
481 948 701 979 sententiam
722 950 868 989 rogatus
888 947 914 978 O
928 947 983 987 50,
995 947 1026 979 4.
1059 947 1203 984 leonem
1220 948 1356 989 primus
1375 951 1437 980 aut
1453 948 1490 979 in
1507 947 1631 989 primis
1649 947 1760 979 ferire

240 993 264 1024 J
280 991 312 1032 6,
339 992 366 1023 1.
408 993 460 1023 De
486 993 522 1023 iu
546 992 671 1034 primis
696 993 761 1024 vid.
787 993 834 1023 in.
871 992 963 1034 quod
988 993 1157 1034 oppidum
1180 993 1332 1034 primum
1357 993 1511 1024 omnium
1531 992 1721 1024 defecerat
1737 991 1761 1024 J

239 1036 295 1078 56,
314 1037 346 1069 3.
377 1038 437 1079 qui
455 1038 562 1079 primi
582 1037 735 1068 aderant
752 1037 775 1068 J
792 1036 846 1076 69,
870 1037 897 1069 1.
933 1047 1038 1079 quem
1057 1038 1210 1079 primum
1227 1037 1349 1069 hostes
1369 1038 1580 1079 adtigerant
1597 1037 1620 1069 J
1639 1036 1759 1077 101‚4.

239 1084 375 1125 primos
395 1081 579 1114 Cretensis
597 1082 782 1114 invenisse
800 1082 1015 1124 religionem
1040 1083 1073 1113 H
1091 1083 1145 1114 III
1163 1082 1216 1114 60.
1259 1082 1456 1125 Staphylus
1480 1083 1616 1124 primus
1639 1081 1763 1114 docuit

241 1128 276 1159 H
294 1128 306 1158 i
322 1126 376 1158 87.
418 1127 554 1169 primus
572 1145 611 1149 ——
631 1126 729 1168 loqui
749 1137 857 1159 ausus
875 1128 909 1158 H
927 1127 980 1158 III
997 1127 1051 1165 61,
1070 1126 1102 1159 8.
1136 1128 1187 1159 ire
1202 1128 1354 1169 primum
1372 1128 1433 1160 via
1450 1128 1481 1159 H
1502 1128 1555 1159 111
1572 1126 1627 1168 61,
1643 1127 1675 1159 2.
1709 1127 1761 1158 De

240 1173 381 1212 primum
398 1177 429 1204 el
447 1172 552 1211 primo
571 1173 636 1204 vid.
658 1173 767 1204 Coum.
785 1183 820 1213 p.
843 1171 906 1204 123
922 1183 973 1215 sq.

287 1218 460 1258 pristinus.
497 1227 674 1248 memores
699 1218 877 1259 pristinae
902 1217 1047 1249 virtutis
1073 1217 1099 1249 C
1124 1216 1185 1257 58,
1207 1217 1258 1249 12.
1290 1216 1351 1258 60,
1371 1217 1403 1250 3.
1436 1217 1460 1249 J
1476 1216 1538 1258 49,
1557 1217 1588 1249 7.
1629 1226 1764 1248 memor

244 1263 390 1305 generis
409 1266 481 1303 atq.
501 1262 677 1304 pristinae
695 1273 783 1294 suae
802 1262 993 1304 dignitatis
1012 1262 1038 1294 O
1057 1261 1110 1302 60,
1131 1262 1162 1294 7.

288 1308 451 1347 privatus.
481 1307 623 1349 privato
639 1307 775 1338 homini
791 1308 814 1339 J
836 1306 908 1347 110,
931 1306 961 1341 1.
1003 1318 1024 1338 a
1043 1308 1197 1349 privatis
1215 1307 1448 1349 conpluribus
1467 1307 1494 1339 C
1515 1306 1572 1347 13,
1594 1306 1622 1338 1.
1658 1316 1763 1348 quem

243 1352 440 1384 Masinissa
457 1352 639 1394 privatum
658 1352 905 1394 dereliquerat
922 1353 945 1383 J
962 1352 1000 1391 5,
1021 1352 1051 1383 7.
1094 1353 1130 1384 in
1156 1363 1215 1384 ore
1240 1356 1361 1385 vostro
1385 1352 1549 1394 privatus
1576 1355 1612 1384 et
1635 1352 1672 1384 in
1689 1361 1762 1384 ma-

244 1397 460 1438 gistratibus
478 1397 537 1439 egi
555 1397 589 1428 H
607 1397 642 1428 11
660 1396 712 1435 41,
733 1397 764 1428 4.
807 1397 952 1438 privata
971 1397 1135 1429 amicitia
1152 1397 1350 1439 Iugurthae
1367 1398 1388 1429 J
1413 1397 1461 1434 14,
1480 1397 1535 1428 20.
1577 1407 1645 1428 ψη
1663 1406 1764 1428 arma

245 1442 280 1472 H
297 1443 314 1473 Ι
331 1440 385 1481 48,
404 1441 436 1473 6.
477 1452 542 1473 -ο
562 1441 715 1473 consilio
734 1442 760 1472 C
778 1443 831 1481 29,
855 1441 882 1472 l.
909 1442 943 1472 H
963 1443 977 1473 1
995 1441 1050 1480 48,
1069 1442 1122 1474 22.
1165 1453 1232 1473 —a
1250 1442 1371 1483 gratia
1388 1442 1411 1473 J
1428 1442 1482 1481 25,
1502 1441 1534 1474 3.
1562 1442 1595 1473 Η
1613 1442 1648 1475 11
1664 1441 1720 1481 41,
1730 1441 1762 1472 4.

250 1488 324 1518 —is
351 1489 423 1528 atq.
448 1486 605 1528 publicis
628 1487 885 1528 largitionibus
911 1487 936 1518 C
961 1487 1020 1526 37,
1041 1487 1072 1518 7.
1117 1497 1159 1518 ex
1183 1487 1340 1528 negotiis
1364 1487 1440 1518 *is
1465 1486 1492 1518 O
1517 1485 1578 1526 48,
1605 1486 1637 1518 5.
1677 1495 1764 1518 —as

245 1542 332 1573 opes
350 1531 384 1562 H
403 1531 419 1562 I
436 1530 555 1570 4l,26.
582 1532 616 1562 11
633 1530 688 1570 96,
700 1532 720 1562 2
739 1530 789 1571 (et
805 1530 914 1573 spes).
933 1545 977 1558 z
993 1532 1151 1571 privatim
1169 1542 1269 1563 suam
1287 1531 1393 1562 fidem
1410 1532 1611 1573 interponit
1625 1531 1650 1562 J
1665 1530 1764 1570 325.

246 1577 417 1618 privatim
435 1576 523 1607 mihi
541 1576 729 1607 consulere
748 1577 781 1607 H
798 1577 832 1608 ΙΙ
849 1576 902 1616 96,
922 1576 953 1608 S.
995 1577 1048 1608 uti
1065 1577 1183 1618 potius
1201 1576 1347 1618 publice
1367 1587 1474 1618 quam
1492 1587 1544 1618 pr.
1564 1576 1763 1608 amicitiam

246 1621 370 1663 populi
388 1621 539 1653 Romani
558 1621 695 1652 coleret
711 1622 734 1652 J
751 1621 790 1660 8,
810 1622 841 1651 2.
883 1631 927 1652 ea
952 1632 1005 1662 pr.
1033 1632 1076 1652 ac
1102 1621 1247 1663 publice
1272 1632 1400 1662 rapere
1420 1621 1446 1653 C
1468 1621 1525 1660 11,
1544 1619 1576 1652 6.
1618 1620 1764 1662 publice

247 1676 361 1707 —que
381 1676 466 1697 aere
486 1665 606 1697 alieno
626 1666 818 1707 obpressos
838 1665 863 1697 C
882 1665 936 1706 40,
961 1666 988 1698 1.
1031 1677 1083 1707 pr.
1104 1666 1254 1708 egregia
1271 1666 1508 1705 liberalitate,
1527 1665 1673 1707 publice
1691 1675 1765 1697 ma-

247 1711 364 1742 xumis
390 1710 599 1742 muneribus
624 1711 797 1752 grandem
822 1711 1014 1752 pecuniam
1039 1711 1200 1742 debebat
1225 1710 1251 1742 C
1277 1710 1331 1749 49,
1351 1710 1382 1742 3.
1424 1711 1601 1743 habemus
1618 1710 1765 1752 publice

248 1758 461 1797 egestatem,
473 1766 524 1797 pr.
538 1755 762 1797 opulentiam
773 1755 799 1787 C
809 1757 863 1796 52,
876 1756 929 1787 22.
948 1757 1128 1798 pecuniae
1136 1755 1283 1797 publice
1294 1759 1331 1787 et
1338 1766 1390 1798 pr.
1404 1759 1568 1787 extortae
1579 1755 1611 1787 H
1621 1754 1700 1795 148,
1713 1754 1765 1786 17.

290 1800 467 1841 privignus
489 1800 515 1831 C
537 1800 589 1840 15,
607 1800 639 1831 2.

290 1845 395 1884 privo.
427 1845 548 1877 fructu
564 1845 702 1877 laboriS
722 1863 758 1867 —
779 1845 942 1887 privatus
962 1845 987 1877 C
1007 1845 1060 1886 35,
1080 1845 1111 1877 3.

290 1891 405 1929 privos
423 1890 579 1922 militiae
597 1891 631 1921 H
648 1891 666 1922 I
687 1890 759 1922 100.

290 1944 351 1974 pro
370 1935 499 1967 castris
517 1935 718 1967 consistere
735 1937 758 1967 J
775 1934 829 1975 53,
854 1935 881 1967 1.
908 1935 963 1975 59,
986 1935 1014 1968 l.
1041 1937 1075 1967 H
1094 1937 1105 1967 i
1123 1934 1178 1968 43.
1220 1953 1258 1958 ——
1280 1954 1321 1958 —
1338 1936 1482 1968 mittere
1500 1935 1524 1967 J
1543 1934 1618 1976 100,
1636 1935 1669 1967 4.
1703 1944 1766 1978 pro

249 1980 351 2011 curia
369 1980 511 2022 sig-num
529 1980 614 2012 dare
635 1980 661 2012 C
684 1980 734 2020 18,
753 1980 785 2012 8.
820 1992 883 2022 pro
902 1991 1000 2012 muro
1020 1982 1162 2023 agitare
1179 1981 1203 2012 J
1219 1979 1272 2021 94,
1293 1981 1325 2012 4.
1359 1991 1422 2023 pro
1440 1991 1549 2023 opere
1568 1979 1766 2012 consistere

247 2025 271 2056 J
286 2023 341 2064 92,
361 2024 392 2056 9.
435 2025 606 2057 mulieres
624 2042 667 2047 —
684 2036 746 2067 pro
770 2027 879 2057 tectis
896 2026 1039 2068 lapides
1055 2043 1101 2049 ——
1117 2026 1261 2058 mittere
1279 2026 1302 2057 J
1319 2025 1374 2066 67,
1397 2025 1426 2058 1.
1451 2038 1496 2053 z
1517 2025 1570 2057 uti
1594 2035 1658 2067 pro
1683 2035 1766 2057 con-

249 2070 330 2101 silio
347 2070 552 2112 inperatum
571 2071 595 2102 J
611 2069 667 2110 29,
687 2070 718 2102 6.
761 2071 932 2102 donatum
952 2089 990 2093 —
1009 2082 1073 2113 pro
1093 2071 1261 2102 contione
1278 2071 1302 2103 J
1318 2071 1350 2110 8,
1371 2071 1402 2102 2.
1419 2083 1465 2098 =
1481 2081 1545 2112 pro
1563 2069 1688 2102 labore
1705 2069 1767 2102 de-

249 2114 359 2153 sidia,
386 2125 450 2156 pro
475 2116 703 2147 continentia
728 2118 764 2147 et
789 2116 977 2157 aequitate
1002 2116 1123 2148 lubido
1149 2119 1222 2157 atq.
1248 2115 1419 2157 superbia
1443 2116 1611 2147 invasere
1636 2114 1663 2147 C
1688 2115 1726 2154 2,
1746 2114 1767 2145 5

248 2162 334 2191 conl.
351 2158 383 2198 3,
402 2158 433 2191 3.
459 2159 514 2199 41,
533 2160 564 2191 2.
592 2160 647 2199 52,
666 2160 709 2192 22
728 2160 804 2202 (pro
823 2161 878 2192 his
895 2160 1096 2201 habemus).
1139 2171 1202 2203 pro
1224 2164 1323 2192 metu
1348 2163 1498 2202 repente
1517 2159 1689 2202 gaudium
1707 2169 1766 2191 ex-

249 2206 363 2234 ortum
382 2204 405 2235 J
422 2204 477 2243 53,
495 2204 527 2235 8.
570 2205 711 2236 ineerta
729 2216 792 2247 pro
818 2206 928 2237 certis
948 2210 1098 2247 captare
1118 2205 1144 2236 C
1163 2204 1222 2244 20,
1243 2205 1281 2243 2,
1308 2205 1417 2236 malle
1437 2204 1463 2236 C
1485 2204 1544 2244 17,
1562 2203 1602 2245 6,
1624 2206 1768 2236 mutare

248 2249 272 2280 J
288 2246 343 2288 83,
368 2247 395 2278 l.
436 2249 598 2289 integros
615 2261 678 2291 pro
696 2251 833 2285 sauciis
852 2261 1042 2282 accersere
1062 2251 1088 2282 C
1107 2249 1161 2288 60,
1180 2251 1213 2281 4.
1255 2250 1316 2281 ubi
1333 2261 1397 2292 pro
1415 2249 1632 2282 mortalibus
1649 2248 1768 2291 gloria

251 2293 392 2324 aeterni
406 2292 565 2324 fierentJ
578 2293 606 2332 l,
617 2294 649 2325 5.
680 2295 827 2326 Mauros
840 2306 904 2336 pro
917 2296 1035 2327 Medis
1051 2295 1308 2337 adpellantesJ
1323 2294 1373 2334 18,
1387 2294 1427 2326 10
1440 2296 1525 2326 conl.
1536 2294 1571 2326 H
1583 2292 1700 2334 11161,
1714 2292 1766 2325 13.

249 2347 313 2379 pro
333 2337 479 2369 consule
498 2339 562 2369 vid.
582 2339 724 2379 consul,
745 2344 902 2380 praetor.
936 2351 1000 2381 pro
1024 2340 1140 2372 milite
1159 2339 1203 2381 (?)
1221 2340 1255 2371 H
1273 2339 1284 2370 i
1301 2339 1355 2371 49.
1395 2339 1560 2372 hostibus
1577 2349 1641 2381 pro
1657 2337 1768 2370 sociis

250 2384 400 2413 utuntur
422 2382 446 2414 J
469 2381 529 2422 31,
550 2382 604 2414 23.
648 2393 770 2414 eorum
792 2384 944 2425 perfidia
967 2396 1030 2426 pro
1057 2385 1166 2416 armis
1189 2385 1244 2416 uti
1266 2385 1290 2416 J
1312 2383 1373 2424 61,
1393 2384 1424 2416 3.
1466 2383 1568 2416 nulla
1585 2393 1649 2425 pro
1667 2382 1769 2415 socia

251 2427 393 2459 obtinet
407 2427 433 2459 J
448 2426 503 2466 80,
522 2427 554 2459 7.
595 2427 722 2469 plebes
740 2439 803 2469 pro
821 2428 929 2460 vietis
949 2433 1004 2461 est
1020 2430 1055 2460 H
1072 2430 1126 2461 ΙΙΙ
1144 2429 1184 2461 61
1197 2455 1204 2469 ,
1223 2428 1277 2460 28.
1320 2439 1479 2471 pugnam
1495 2439 1558 2471 pro
1577 2429 1695 2460 omine
1712 2427 1768 2459 fu·
1791 2469 1795 2471 .
1820 2437 1823 2446 ¹

250 2475 367 2503 turam
391 2472 426 2503 H
451 2473 462 2503 i
485 2471 539 2504 61.
581 2483 645 2514 pro
670 2473 868 2505 victoribus
896 2484 1006 2515 agere
1029 2474 1053 2505 J
1076 2473 1119 2505 98
1130 2473 1188 2514 „6
1230 2474 1500 2516 inprudentiam
1523 2484 1588 2515 pro
1612 2469 1768 2505 victoria

252 2519 440 2548 ostentant
456 2517 491 2548 H
508 2517 558 2549 IV
575 2516 630 2557 61,
651 2517 703 2554 15,
739 2517 1015 2551 Atheniensium
1035 2529 1092 2549 res
1111 2522 1238 2560 gestae
1256 2529 1320 2560 pro
1339 2519 1516 2550 maxumis
1535 2517 1771 2550 celebrantur

253 2561 280 2593 C
299 2560 330 2601 8,
350 2562 382 2593 2.
424 2562 549 2595 alveos
573 2562 721 2594 navium
745 2573 808 2604 pro
835 2563 990 2604 tuguriis
1013 2562 1173 2594 habuere
1197 2563 1221 2594 J
1241 2562 1297 2602 18,
1315 2563 1347 2594 5.
1389 2573 1476 2604 quos
1493 2573 1565 2594 non
1581 2573 1646 2604 pro
1662 2561 1768 2594 vanis

250 2606 416 2638 hostibus
433 2624 476 2629 —
493 2606 623 2638 habuit
637 2607 661 2639 J
682 2606 755 2647 103,
765 2607 797 2639 5.
833 2607 990 2639 audacia
1007 2618 1070 2649 pro
1088 2618 1187 2639 muro
1205 2607 1363 2639 habetur
1380 2607 1407 2639 C
1425 2606 1479 2646 58,
1501 2607 1553 2638 17.
1587 2606 1766 2639 occidisse

251 2651 414 2683 tribunos
431 2662 495 2694 pro
513 2652 736 2684 munimento
752 2651 890 2688 habent
907 2652 930 2684 J
947 2651 1001 2691 31,
1023 2651 1073 2683 13.
1115 2662 1179 2694 pro
1203 2655 1303 2683 certo
1327 2652 1462 2683 habete
1481 2645 1508 2682 C
1527 2651 1589 2690 52,
1611 2650 1662 2682 17.
1702 2660 1768 2692 pro

254 2695 369 2727 nihilo
392 2696 574 2728 habentur
596 2697 620 2729 J
643 2696 683 2729 31
697 2721 705 2736 ,
723 2697 778 2729 25.
819 2707 883 2739 pro
909 2701 1007 2728 certo
1028 2697 1187 2728 creditur
1205 2696 1232 2727 O
1254 2695 1302 2734 15,
1323 2697 1355 2727 2.
1397 2696 1535 2737 aliquid
1554 2695 1685 2727 falsum
1702 2704 1768 2738 pro

252 2750 338 2772 vero
363 2741 462 2773 credi
486 2744 606 2783 potest
630 2741 657 2773 C
675 2742 736 2783 51,
757 2739 811 2774 36.
852 2741 966 2774 veluti
983 2741 1070 2773 fieta
1086 2751 1149 2783 pro
1168 2740 1273 2772 falsis
1291 2741 1392 2772 ducit
1410 2740 1437 2772 C
1455 2739 1493 2780 3,
1512 2740 1533 2771 2
1550 2742 1636 2772 conl.
1658 2739 1716 2781 12,
1738 2739 1767 2772 l.

253 2785 289 2816 H
305 2786 321 2817 I
341 2785 392 2818 10.
415 2797 461 2813 z
483 2797 547 2828 pro
573 2786 712 2818 civibus
737 2786 811 2818 suis
835 2796 973 2828 poenas
998 2785 1211 2828 caperentJ
1226 2784 1288 2824 68,
1307 2785 1348 2825 3„
1375 2785 1406 2816 si
1430 2785 1542 2826 digna
1565 2795 1684 2826 poena
1703 2794 1768 2827 pro

254 2829 364 2861 factis
384 2841 506 2862 eorum
523 2831 704 2873 reperitur
722 2831 749 2863 O
768 2831 822 2872 51,
841 2831 873 2863 8.
915 2842 979 2874 pro
998 2831 1106 2863 factis
1124 2830 1296 2862 iudicium
1321 2830 1493 2862 timentes
1511 2829 1538 2862 C
1562 2829 1612 2870 14,
1631 2828 1663 2862 3.
1703 2839 1769 2875 pro

252 2874 375 2906 multis
401 2878 437 2907 et
460 2876 619 2918 egregiis
645 2877 754 2908 factis
778 2887 799 2908 a
822 2876 926 2909 vobis
950 2876 1038 2908 data
1055 2876 1089 2907 H
1107 2876 1124 2907 I
1141 2875 1195 2916 41,
1220 2874 1270 2907 12.
1310 2874 1491 2907 volentem
1509 2885 1574 2916 pro
1593 2873 1768 2906 maxumis
