1826 3282
227 237 280 278 66
629 246 929 274 IIISTORIARVM
957 247 1040 272 mn.
1072 246 1122 273 111
1155 239 1333 277 17—19.

227 353 341 396 ψατο
373 340 477 393 τούς
507 339 799 399 στρατιώτας,
831 338 930 384 ἀλλ’
962 338 1052 399 ἅμα
1081 343 1141 402 τῷ
1168 342 1338 385 θέσθαι
1366 340 1416 385 τὸ
1446 336 1750 398 στρατόπεδον

229 410 302 455 καὶ
333 406 420 452 ἀπὸ
449 410 538 452 τῶν
564 412 709 466 ἔργων
727 409 952 466 ’γενέσθαι
981 405 1252 466 συναγαγών
1286 405 1451 461 αὐτοὺς
1488 403 1752 466 ὲμεγαληγῖἱ-

230 490 367 533 ρησεν
396 472 453 526 ὡς
484 472 650 532 ὀλίγων
676 472 855 534 ἡμερῶν
877 477 1093 535 ἀναιμωτὶ
1117 473 1167 520 τὸ
1195 480 1359 534 νίκημα
1380 475 1657 533 παραδώσων
1677 472 1752 519 αὐ-

229 553 334 598 τοῖς,
368 552 405 587 et
425 548 522 599 App.
545 548 583 587 b.
615 549 745 588 Mitlir.
774 549 826 589 72
852 562 890 601 p.
920 548 1000 589 380
1025 548 1147 589 Bekk.
1182 544 1256 588 καὶ
1284 541 1343 588 δι’
1377 541 1642 601 αὐτομόλων
1663 544 1752 587 ε’πι-

229 608 366 666 γνοὺς
396 609 509 654 εἶναι
538 613 598 670 τῷ
625 615 802 668 βασιλεῖ
829 609 1041 669 στρατιὰν
1069 612 1152 668 μὲν
1182 609 1361 668 ἀνδρῶν
1390 608 1505 669 ἀμφὶ
1533 610 1754 668 μυριάδας

229 675 485 733 τριάκοντα,
516 674 689 735 ἀγοράν
716 678 766 722 ’δὲ
795 685 899 723 εἴτι
925 680 1264 736 σιτολογοῦντες
1287 675 1314 735 ἢ
1337 680 1386 724 ἐκ
1410 677 1639 734 θαλάσσης
1670 676 1754 722 λά-

228 749 378 801 βοιεν,
417 748 502 802 ἔφη
531 742 642 802 πρὸς
672 742 777 797 τοὺς
806 743 920 803 ἄμφ’
952 742 1252 807 αὖτόνλᾶμαχὶ
1281 745 1506 804 λήψεσθαι
1542 743 1648 797 τούς
1676 761 1753 789 πο-

230 815 412 869 λεμίους
442 810 602 857 αὐτίκα
621 813 694 857 καὶ
715 815 798 858 τοῦ
818 814 1149 870 ἐπαγγέλματος
1170 810 1322 866 αὐτοῖς
1342 812 1625 859 ἐνεκελεύετο
1646 830 1753 870 μνη-

229 877 456 935 μονεύειν,
480 885 685 924 Lucullum
706 886 893 925 militibus
913 887 1156 925 incruentam
1185 887 1387 925 victoriam
1412 887 1638 937 promisisse
1660 897 1754 924 con-

230 955 443 997 testentur,
483 954 565 992 vcri
602 953 725 992 simile
759 953 911 993 videtur
939 955 1170 993 sententiam
1195 953 1299 992 illam
1327 954 1366 992 in
1397 954 1573 992 oratione
1603 951 1755 992 Luculli

231 1020 278 1058 ad
309 1019 449 1059 milites
475 1019 606 1059 hahita
638 1020 769 1066 fuisse,
794 1022 1031 1071 'praesertim
1059 1033 1148 1060 cum
1180 1033 1266 1060 cam
1295 1032 1373 1060 non
1403 1021 1451 1060 de
1476 1032 1555 1059 uno
1576 1019 1753 1064 Lucullo,

231 1089 357 1126 setin
387 1089 615 1127 univorsum
638 1088 686 1127 de
719 1087 884 1127 ducibus
915 1088 1109 1133 omnibus,
1142 1092 1258 1140 atque
1279 1088 1376 1128 adeo
1401 1088 1576 1127 oratione
1597 1086 1754 1139 obliqua

232 1155 374 1194 dictam
412 1156 531 1195 fuisse
567 1168 614 1195 ex
651 1155 761 1195 Servi
799 1155 928 1196 verbis
971 1155 1151 1195 concludi
1181 1156 1304 1207 possit
1339 1154 1350 1204 <
1362 1156 1546 1194 ‘summis
1574 1154 1755 1194 laudibus

232 1235 387 1274 semper
426 1222 547 1262 elatos
583 1235 668 1262 esse
696 1223 826 1269 duces,
859 1224 925 1274 qui
963 1223 1056 1276 —').
1125 1222 1306 1262 Ceterum
1339 1225 1543 1262 incruento
1577 1224 1756 1261 exercitu
1784 1246 1786 1248 -

166 1305 170 1309 ’
232 1290 351 1330 verba
382 1291 502 1341 ipsius
533 1289 689 1329 Sallusti
715 1291 833 1330 fuisse
866 1295 1018 1330 eertum
1051 1296 1120 1336 est,
1154 1290 1224 1330 cfr.
1259 1289 1341 1340 lug.
1375 1290 1441 1335 92,
1475 1292 1513 1329 4.

350 1392 399 1430 17
430 1391 509 1444 [Kr.
536 1396 588 1430 15.
619 1395 657 1430 G.
680 1391 757 1444 52].
813 1392 870 1431 Ad
898 1392 1078 1444 Cyzicum
1105 1393 1279 1445 perrexit
1303 1392 1480 1430 firmatus
1510 1392 1639 1431 animi.

344 1470 450 1503 Arus.
477 1482 511 1513 p.
538 1469 622 1503 232:
649 1472 804 1511 firmatus
828 1472 915 1504 illins
939 1473 1002 1503 rei.
1059 1471 1154 1511 Quin
1186 1470 1359 1502 Lucullus
1391 1469 1661 1511 intellegendus
1695 1469 1754 1510 sit,

232 1527 379 1559 dubium
403 1537 476 1559 non
502 1530 567 1558 est.

350 1604 400 1644 18
428 1605 507 1658 [Kr.
535 1611 587 1643 17.
632 1607 670 1643 G.
696 1605 774 1658 87].
828 1606 1048 1658 Castrisque
1083 1582 1244 1645 conlatis
1277 1616 1407 1657 pugna
1440 1609 1569 1643 tamen
1600 1605 1755 1655 ingenio

231 1673 306 1712 loci
336 1673 632 1724 prohibebatur.

344 1752 436 1784 Non.
463 1763 498 1794 p.
524 1751 609 1783 220:
635 1752 658 1783 I
660 1753 811 1793 nyem'um
833 1756 965 1783 veteres
982 1752 1145 1783 dc'oeerunt
1162 1755 1195 1783 et
1211 1762 1273 1783 sua
1289 1755 1409 1792 sponte
1425 1753 1479 1783 vel
1493 1755 1627 1782 natura.
1654 1750 1766 1789 ,Rem-

232 1797 440 1830 inlustravit
471 1797 633 1830 Kritzius
660 1797 804 1828 conlato
835 1796 915 1828 loco
940 1796 1032 1838 App.
1059 1797 1094 1828 b.
1120 1796 1244 1828 Mithr.
1271 1797 1313 1827 72
1345 1807 1380 1838 p.
1413 1795 1478 1828 381
1503 1795 1622 1828 Bekk.
1653 1789 1757 1833 οἷς-ὁ

231 1837 485 1884 Μιθριδάτης
516 1837 752 1884 συνθέμενος
784 1834 953 1884 άνοήτως
984 1836 1086 1884 μάλα
1118 1838 1183 1873 καὶ
1214 1834 1441 1878 οἷνυπόπτως
1473 1838 1644 1883 περιεῖδε
1670 1834 1756 1872 Ῥω-
1801 1880 1805 1882 q

230 1887 368 1930 μαιόυς
394 1883 458 1919 διὰ
485 1886 619 1919 στενοῦ
643 1881 930 1928 παροδεύοντας
955 1880 1077 1924 άδεῶς
1108 1885 1174 1918 καὶ
1208 1880 1504 1936 ἐπιτειχίζοντας
1530 1878 1635 1927 α’ἆτςὸ
1659 1880 1756 1927 μέγα
1816 1926 1819 1927 ⁷

232 1926 331 1974 ὅρος,
349 1923 395 1964 οὖ
411 1931 639 1975 κρατοῦντες
657 1927 767 1964 αὐτοὶ
783 1927 854 1987 μὲν
871 1925 1036 1964 ὄπισθεν
1055 1927 1209 1974 ἔμελλον
1225 1924 1373 1973 οἷγοραν
1389 1924 1511 1968 άδεῶς
1529 1924 1754 1970 ἐπάξεσθαι,

230 1971 487 2019 Μιθριδάτην
519 1972 562 2009 δὲ
593 1976 708 2020 λίμνη
731 1987 797 2009 και
829 1969 930 2018 ὄρεσι
963 1973 1028 2008 καὶ
1061 1977 1247 2018 ποταμοῖς
1278 1969 1521 2008 ἀποκλείσειν
1551 1974 1626 2007 τῶν
1657 1969 1754 2007 κατὰ

231 2021 303 2067 γῆν
327 2016 521 2063 ἁπάντων,
548 2014 570 2053 ὅ
591 2033 626 2054 τι
651 2011 702 2064 μὴ
728 2020 909 2063 γλισχρῶς
942 2016 1032 2053 ποτὲ
1064 2016 1193 2063 λάβοι,
1214 2013 1314 2053 ὀὔτε
1341 2015 1499 2060 ἐξόδους
1524 2013 1675 2062 εὐρείας
1695 2015 1754 2052 ἔτι

232 2063 368 2122 ἔχοντα
392 2059 478 2099 οὔτε
504 2061 706 2117 βιάζεσθαι
733 2063 951 2109 δυνάμενον
977 2061 1030 2098 ἔτι
1061 2060 1307 2098 Λούκουλλον
1338 2060 1413 2098 ὑπὸ
1444 2064 1512 2108 τῆς
1545 2063 1756 2107 δυσχωρίας

227 2121 274 2154 ης
299 2111 447 2154 κρατῶν
470 2109 766 2153 κατεφρονηάεν.

349 2189 397 2228 19
428 2189 508 2242 {Kc
532 2194 586 2228 20.
620 2192 657 2227 G.
686 2189 762 2242 55].
819 2188 926 2228 Duos
964 2201 1081 2241 quam
1118 2201 1323 2228 maxumos
1365 2190 1461 2228 utris
1499 2188 1573 2228 levi
1602 2187 1754 2228 tabulae

231 2257 407 2302 subiecit,
441 2269 557 2309 quam
590 2268 710 2308 super
732 2258 836 2296 omni
859 2269 1026 2308 corpore
1052 2258 1205 2308 quietus
1226 2258 1399 2296 insidens
1423 2257 1463 2296 in
1482 2257 1607 2296 vicem
1627 2259 1753 2294 tracto
1814 2261 1819 2265 “

231 2325 331 2376 pede
361 2326 470 2377 quasi
500 2324 742 2374 gubernator
773 2328 931 2375 regeret
959 2325 1045 2364 iter.
1105 2324 1159 2363 Ea
1191 2325 1292 2363 inter
1320 2323 1486 2369 molem,
1519 2335 1618 2375 quae
1646 2323 1753 2362 insu-

232 2392 308 2431 lam
330 2390 418 2417 *ffi‘
433 2391 518 2416 **’*
536 2392 636 2444 mari
657 2391 891 2435 vitabundus
912 2390 1075 2431 classem
1097 2391 1268 2430 hostium
1290 2391 1338 2430 ad
1359 2391 1545 2443 oppidum
1563 2389 1752 2441 pervenit.

344 2471 436 2503 Non.
470 2481 504 2512 p.
543 2469 623 2501 126:
668 2470 879 2502 Vilabundus
905 2481 972 2511 pro
1001 2474 1121 2502 vitans.
1180 2469 1358 2502 Sallustius
1389 2470 1568 2502 Historiae
1601 2468 1656 2500 lib.
1681 2468 1752 2500 111:

233 2515 322 2548 duos
346 2514 429 2558 [om.
455 2513 521 2557 L.]
554 2525 660 2556 quam
693 2515 867 2547 maximos
897 2517 991 2546 utris
1021 2515 1095 2548 levi
1126 2514 1276 2547 tabulae
1309 2514 1486 2555 subiecit,
1521 2523 1629 2555 quam
1663 2511 1754 2555 [qua

234 2565 311 2592 ante
336 2559 398 2602 A]
425 2570 534 2602 super
558 2560 655 2592 omni
680 2570 829 2601 corpore
855 2559 999 2601 quietus
1025 2560 1182 2592 invicem
1207 2562 1326 2591 tracto
1351 2559 1464 2600 pedes
1491 2557 1627 2600 [tractu
1649 2557 1753 2599 pedis

234 2610 311 2637 ante
336 2605 381 2637 A.
418 2608 463 2636 tr.
490 2604 581 2646 pede
607 2604 689 2643 ΑΛ]
731 2604 835 2646 quasi
861 2602 964 2645 [quas
988 2605 1031 2635 L.
1059 2604 1118 2642 Α.]
1159 2604 1382 2645 gubernator
1407 2603 1581 2635 extiteret
1606 2603 1758 2640 [existe-⁷

233 2653 289 2682 ret
320 2648 425 2692 edcta}
467 2660 512 2681 ea
542 2649 639 2681 inter
668 2649 799 2681 molem
832 2659 924 2690 quae
959 2646 1088 2690 [atque
1112 2647 1189 2690 ΔΜ]
1221 2647 1378 2680 insulam
1410 2647 1501 2679 mari
1531 2646 1753 2680 vitabundus

234 2695 392 2727 classem
416 2694 574 2726 hostium
600 2694 646 2725 acl
677 2693 847 2736 oppidum
877 2694 1058 2735 pervenit.
1109 2692 1357 2734 Conparemus
1387 2692 1542 2734 primum
1567 2691 1667 2724 locos
1690 2701 1752 2724 ve·

232 2742 349 2771 terum
374 2740 600 2781 scriptorum,
627 2739 687 2780 qui
712 2738 756 2770 de
783 2737 910 2770 eadem
935 2748 974 2770 re
999 2737 1194 2770 memoriae
1211 2737 1413 2779 prodidere,
1439 2736 1650 2778 Sallustium
1666 2746 1751 2778 par-

232 2785 296 2815 tim
320 2784 410 2816 haut
433 2784 541 2816 dubie
567 2783 693 2815 secuti.
743 2783 939 2815 Frontinus
971 2783 1083 2825 igitur
1107 2785 1259 2824 strateg.
1286 2781 1339 2814 111
1367 2781 1426 2821 13,
1450 2775 1490 2814 b:
1524 2782 1567 2814 L.
1594 2782 1752 2813 Lucullus

236 2830 416 2868 Cyzicenos
440 2829 594 2861 obsessos
619 2840 640 2860 a
657 2828 857 2860 Mithridate
881 2832 917 2859 ut
941 2830 1106 2860 certiores
1131 2828 1291 2859 adventus
1315 2829 1368 2859 sui
1386 2827 1532 2867 faceret,
1558 2837 1629 2858 cum
1649 2835 1752 2867 prae-

231 2874 328 2905 sitlt't's
351 2874 490 2906 hostium
514 2877 687 2905 teneretur
711 2875 868 2905 introitus
892 2873 1001 2910 urbi-e,
1038 2873 1095 2915 qui
1123 2883 1205 2903 unus
1236 2876 1269 2903 et
1301 2876 1460 2914 anglus-tus
1487 2874 1591 2912 ponte
1623 2872 1761 2916 modico⁸

232 2919 372 2949 insulam
394 2921 579 2950 continenti
600 2920 713 2959 iunglic,
739 2919 870 2950 militem
894 2928 911 2949 e
935 2918 1004 2950 suis
1027 2918 1133 2949 nandi
1155 2921 1187 2948 el
1204 2919 1357 2948 nauticae
1382 2918 1468 2948 artis
1490 2919 1634 2957 peritum
1655 2915 1753 2947 iussit
