1826 3282
522 245 823 273 111sroR1Auvu
851 245 936 272 me.
968 245 1010 273 iv
1051 239 1224 276 12———15.
1578 232 1632 291 ‘2³7

106 356 151 378 ex
167 356 317 378 numero
334 345 420 377 libri
439 345 604 388 adparet.
645 346 688 377 In
713 346 894 378 neminem
921 349 1044 378 autem
1068 346 1196 378 melius
1222 356 1267 378 ea
1291 346 1498 384 convenire,
1525 355 1633 387 quam

104 391 142 423 in
169 391 211 423 G.
239 391 409 430 Verrem,
437 394 546 422 acute
571 390 736 422 Kritzius
760 391 960 432 perspexit.
1010 392 1067 423 De
1091 391 1173 424 loco
1197 391 1262 423 ubi
1286 401 1332 424 ea
1356 391 1457 423 dicta
1481 390 1631 429 fuerint,

105 446 186 468 cum
212 436 415 477 quaeritur,
448 445 533 467 num
558 434 755 468 Sallustius
786 435 831 467 de
865 436 1101 469 accusatione
1135 436 1178 468 G.
1205 437 1331 468 Verris
1364 436 1474 468 aliter
1497 445 1543 468 ac
1566 445 1634 478 per

104 482 355 513 transcursum
372 481 515 519 dixerit,
542 480 580 511 in
604 480 744 512 incerto
770 480 1045 522 relinquendum
1065 485 1139 513 est:
1166 484 1222 513 set
1239 482 1309 513 duo
1327 482 1431 513 fuere
1447 480 1543 520 loca,
1568 479 1632 512 ubi

102 525 194 558 illud
211 525 510 558 commodissume
528 525 642 557 scribi
658 526 789 567 potuit,
817 530 879 557 aut
903 525 966 556 ubi
990 526 1035 558 de
1054 526 1225 568 Spartaci
1243 525 1396 558 consilio
1413 526 1451 558 in
1469 525 1632 558 Siciliam

102 571 319 603 transeundi
342 570 492 603 dicebat
516 571 682 613 scriptor,
711 574 774 602 aut
798 570 861 602 ubi
887 570 930 602 de
956 571 1158 612 piratarum
1181 571 1399 604 latrociniis.

222 650 273 688 12
307 648 388 701 [Kr.
406 653 461 686 40.
485 651 523 687 G.
543 648 596 700 8]
643 648 840 688 Dissidere
862 649 964 687 inter
993 661 1034 688 se
1056 661 1225 700 coepere
1246 662 1375 700 neque
1399 651 1438 688 in
1461 649 1632 689 medium

88 750 91 753 .
103 716 339 756 consultare.
482 718 486 722 '
1495 722 1500 729 ·

215 795 320 828 Arus.
346 806 382 838 p.
409 793 493 827 238:
521 796 553 826 in
577 795 718 826 mediam
739 806 806 837 pro
831 797 864 827 ἰη
889 806 1067 828 commune.
1092 812 1138 817 —
1161 796 1287 827 salust.
1317 796 1409 828 Hisl.
1437 796 1530 828 1111:
1560 795 1633 828 dis-

102 841 222 873 sidere
249 858 289 863 —
317 839 540 873 consultare.
589 839 806 873 Inlustravit
830 840 992 872 Kritzius
1024 840 1147 872 adlato
1178 838 1259 872 loco
1290 841 1385 872 Plut.
1420 841 1542 873 Crass.
1572 839 1632 872 ll:

74 913 81 918 .
97 879 287 930 ἐφοβήθη
311 880 382 928 μὲν
407 876 478 918 οὖν
502 878 522 917 ὁ
548 880 723 926 Κράσσος
747 880 798 928 μὴ
825 880 935 929 λάβοι
961 895 1017 923 τις
1041 879 1139 928 ὁρμὴ
1164 881 1232 917 τὸν
1256 880 1491 938 Σπάρτακον
1560 890 1633 918 ost-

102 941 211 973 quam
236 930 460 963 munimenta
479 930 722 963 Romanorum
747 930 785 962 in
809 931 952 963 Bruttio
976 928 1154 973 perrupit]
1182 924 1246 963 ἐπὶ
1268 926 1338 973 τήν
1358 926 1496 974 Ρώμην
1543 925 1630 963 λαύ-

103 985 199 1017 νειν,
227 970 420 1029 ἐθάρρησε
447 970 490 1008 δὲ
515 974 665 1007 πολλῶν
690 969 731 1008 ἐκ
757 974 952 1018 διαφορᾶς
976 968 1226 1008 α’ποστοὶντων
1243 968 1364 1008 αὐτοῦ
1387 973 1454 1008 καὶ
1478 985 1633 1019 στρατο-

95 1019 398 1064 ’σεὸευσαμενων
422 1013 522 1053 καθ’
547 1014 688 1058 αὐτοὺς
713 1014 776 1053 ἐπὶ
799 1019 1041 1058 Λευκανίδος
1065 1020 1214 1063 λίμνης,
1238 1013 1288 1063 ἥν
1303 1030 1398 1063 φασι
1422 1016 1632 1063 τρέπεσθαι

105 1060 169 1098 διὰ
196 1060 336 1108 χρόνου
361 1060 572 1108 γενομένην
596 1066 779 1107 γλυκεῖαν
803 1063 868 1098 καὶ
893 1056 1014 1104 αὖθις
1038 1059 1215 1108 ἁλμυρὰν
1239 1063 1304 1098 καὶ
1328 1059 1484 1098 ἄποτον.

225 1144 273 1184 13
307 1144 386 1197 [Kr.
410 1149 465 1182 41.
499 1146 536 1181 G.
559 1143 636 1197 77].
696 1145 823 1197 Sapor
854 1146 958 1184 iuxta
991 1145 1107 1184 fontis
1137 1145 1413 1185 dulcissumos.

215 1224 320 1255 Arus.
347 1235 382 1266 p.
408 1222 474 1255 262
492 1234 521 1255 s.
540 1234 574 1255 v.
599 1233 707 1265 sapor·
730 1227 830 1256 itta-ta
855 1226 943 1255 illmn
968 1234 1049 1256 rem.
1086 1224 1142 1256 Ad
1159 1224 1244 1267 quid
1261 1224 1355 1256 haec
1373 1224 1487 1256 verba
1505 1224 1634 1256 melius

103 1269 322 1308 referantur,
349 1279 456 1311 quam
482 1279 563 1300 cum
588 1269 728 1301 Kritzio
756 1269 802 1300 ad
827 1269 947 1301 lacum
973 1269 1177 1309 Lucaniae,
1204 1270 1249 1301 de
1276 1279 1346 1311 quo
1371 1269 1462 1301 dixit
1485 1269 1580 1301 Plut.
1607 1269 1630 1301 l.

105 1315 150 1347 ad
178 1314 218 1346 12
244 1314 386 1351 adlato,
413 1324 484 1346 non
509 1314 668 1346 invenio.

222 1394 271 1432 14
301 1391 380 1445 [Kr.
409 1387 466 1430 44.
507 1397 547 1430 G.
572 1391 650 1445 61].
704 1393 870 1432 vAridior
901 1394 1019 1432 modo
1047 1394 1287 1445 properandi
1316 1394 1453 1433 factus.

215 1471 320 1504 Arus.
346 1483 381 1514 p.
407 1470 492 1504 210:
519 1473 635 1504 avidus
659 1474 747 1504 iltius
771 1473 834 1504 rei.
882 1472 939 1504 De
965 1472 1112 1513 Crasso,
1140 1474 1202 1515 qui
1227 1484 1308 1506 cum
1331 1473 1545 1516 Pompeium
1571 1472 1632 1504 ad-

105 1520 256 1551 ventare
292 1517 512 1557 audivisset,
551 1528 598 1549 ne
630 1516 785 1560 gloriam
818 1517 983 1550 confecti
1014 1517 1105 1550 belli
1138 1529 1218 1550 cum
1250 1518 1314 1551 illo
1347 1517 1631 1556 eonmunicaret,

103 1562 200 1595 omni
231 1562 349 1594 studio
381 1561 599 1604 Spartacum
630 1562 837 1605 obprimere
870 1562 1009 1594 studuit
1040 1562 1155 1605 (Plut.
1183 1562 1306 1596 Crass.
1334 1562 1387 1595 ll.
1419 1563 1511 1605 App.
1537 1562 1574 1594 b.
1601 1573 1632 1594 c.

103 1608 122 1640 I
150 1606 272 1650 119-p.
297 1605 365 1640 533
390 1606 510 1648 extu),
534 1607 630 1640 haec·⁴
655 1607 756 1640 dicta
780 1607 916 1648 fuisse,
949 1608 981 1640 si
1003 1619 1077 1641 non
1109 1612 1269 1648 certum,
1303 1612 1341 1641 at
1372 1608 1451 1640 veri
1484 1606 1633 1640 simillu—

104 1662 201 1685 mum
227 1655 294 1685 est.

226 1731 272 1769 15
302 1729 382 1783 [Kr.
404 1736 460 1769 42.
488 1733 528 1768 G.
553 1730 606 1783 3].
658 1730 755 1771 Cum
780 1732 936 1770 interim
959 1731 1107 1772 lumine
1132 1733 1334 1772 etiamtum
1362 1734 1514 1771 incerto
1536 1731 1635 1771 duae

105 1798 239 1838 Gallae
269 1798 456 1838 mulieres
484 1802 719 1837 conventum
749 1799 914 1837 vitantes
943 1798 991 1837 ad
1019 1803 1219 1839 menstrua
1247 1798 1432 1839 solvenda
1462 1803 1635 1838 montem

105 1865 360 1906 adscendunt.

218 1935 371 1966 Lemma
397 1933 495 1975 apud
510 1933 603 1965 Non.
622 1943 657 1975 p.
676 1930 760 1972 335,
788 1933 850 1975 qui
873 1933 967 1966 haec
990 1934 1106 1966 verba
1130 1945 1175 1966 ex
1199 1928 1304 1966 libro'
1315 1934 1391 1966 1111
1415 1934 1554 1974 adfert,
1581 1937 1637 1965 est

108 1980 238 2012 Galliae
260 1989 336 2020 pro⁴
354 1979 522 2015 Gallicae,
556 1981 592 2009 et
623 1978 678 2009 ita
709 1977 794 2010 libri
820 1979 930 2011 etiarn
957 1979 994 2010 in
1020 1979 1142 2011 verbis
1167 1978 1416 2011 Sallustianis.
1465 1979 1512 2011 At
1536 1982 1636 2010 recte

105 2024 351 2067 Nipperdeius
376 2023 494 2066 spicil.
527 2023 568 2055 in
593 2022 700 2055 Corn.
726 2023 818 2066 Nep.
845 2035 880 2066 p.
907 2023 950 2056 37
983 2034 1127 2056 errasse
1159 2027 1223 2056 aut
1246 2024 1402 2056 Nonium
1431 2024 1549 2066 ipsum
1575 2027 1638 2055 aut

106 2069 278 2102 librarios
303 2068 609 2110 seribundumqne
637 2068 755 2100 Gallae
780 2069 925 2108 statuit,
960 2079 1052 2110 quae
1086 2069 1271 2101 sententia
1302 2070 1462 2101 minume
1487 2068 1638 2100 reicitur

107 2125 169 2153 eo,
202 2114 299 2156 quod
328 2113 490 2146 Kritzius
525 2113 754 2159 observavit,
788 2124 870 2146 cum
903 2114 1098 2146 Sallustius
1129 2113 1313 2156 Sayuntz'us
1343 2125 1408 2157 pro
1432 2114 1638 2156 Sayuntimcs

106 2159 261 2192 dixisset
285 2158 345 2199 (fr.
370 2158 407 2190 11
423 2157 494 2200 23),
521 2161 818 2194 consentaneum.
833 2169 916 2191 esse
942 2169 1024 2191 eum
1050 2160 1164 2191 etiam
1183 2160 1310 2192 Gallius
1333 2169 1503 2192 novasse.
1544 2159 1638 2191 Nam

106 2205 142 2236 in
167 2204 241 2236 illis
267 2203 463 2236 adiectivis
493 2214 597 2236 usum
633 2207 771 2235 certum
804 2207 840 2236 et
865 2204 1037 2236 stabilem
1068 2215 1140 2236 non
1173 2204 1306 2243 fuisse,
1339 2205 1432 2237 satis
1452 2203 1636 2242 ostendit,

97 2243 203 2292 ’quod
227 2248 381 2282 Ovidius
405 2251 482 2282 tam
506 2258 619 2291 saepe
636 2259 700 2291 pro
719 2249 863 2281 Latinus
880 2250 1030 2292 scripsit
1046 2250 1189 2286 Laetum
1215 2253 1253 2282 at
1279 2260 1344 2282 cur
1361 2251 1490 2282 Gauius
1511 2252 1638 2281 contra

108 2293 408 2327 consuetudinem
440 2293 587 2326 dicendi
618 2294 782 2326 seribere
815 2295 967 2326 auderet
998 2295 1099 2327 nulla
1132 2295 1204 2326 fuit
1229 2305 1373 2327 caussa.
1421 2295 1513 2327 Rem
1537 2296 1638 2326 recte

107 2338 318 2372 inlustravit
343 2339 505 2370 Kritzius
529 2342 730 2381 conparato
755 2339 851 2371 Plut.
872 2340 996 2371 Crass.
1018 2339 1077 2371 ll:
1105 2338 1264 2381 Πρῶτον
1280 2335 1351 2383 μὲν
1368 2329 1439 2372 οὖν
1456 2333 1640 2381 διαγνοὺς

107 2385 189 2422 τοῖς
205 2376 396 2426 α’φεστῶσι
412 2381 479 2416 καὶ
495 2376 583 2416 κατ’
611 2379 721 2416 ἰδίαν
738 2380 1064 2427 στρατευομένοις,
1089 2376 1143 2417 ὧν
1159 2378 1383 2427 ἀφηγοῦντο
1402 2379 1520 2422 Γάϊος
1536 2383 1639 2416 Καν-

109 2427 232 2467 νίκιος
270 2427 337 2461 καὶ
367 2423 535 2469 Κάστος,
576 2422 809 2471 ἐπιθέσθαι,
850 2424 973 2482 λόφον
1003 2425 1090 2462 τινὰ
1121 2425 1540 2473 προκαταληψομένους
1572 2421 1639 2461 ἅν-

110 2473 206 2517 &pag
243 2467 374 2514 ἕξακισ
399 2472 522 2511 ιλίους
551 2465 751 2507 ἐπέστειλε
781 2474 998 2508 λανθανειν
1027 2473 1240 2517 πειρᾶσθαι
1270 2469 1462 2512 κελεύσας.
1518 2469 1570 2506 Οἱ
1601 2466 1637 2505 δ’

109 2513 316 2573 ἐπειρῶντο
347 2529 374 2562 μ
397 2529 419 2551 ν
450 2513 520 2562 τὴν
557 2517 747 2561 αἴσθησιν
783 2513 1046 2562 α’ποκρύπτειν
1075 2515 1122 2553 τὰ
1154 2515 1278 2563 κράνη
1318 2516 1493 2562 καταμπέ
1519 2527 1639 2558 οντες,

110 2558 301 2607 ὄφθεντες
326 2557 367 2597 δ’
396 2557 473 2597 ὑπὸ
498 2562 608 2597 δυεῖν
632 2563 827 2606 γυναικῶν
855 2561 1137 2608 προθυομένων
1161 2567 1242 2604 τοῖς
1266 2563 1464 2607 πολεμίοις
1508 2557 1640 2595 κινδύ-

109 2618 251 2643 νευσαν
282 2605 319 2642 εἰ
347 2604 398 2652 μή
424 2603 596 2652 Κράσσος
629 2613 698 2641 cet.
748 2610 853 2650 Quae
887 2611 947 2652 qui
980 2611 1292 2645 consideraverit,
1327 2609 1564 2641 Plutarchum
1594 2608 1643 2639 ad

108 2659 281 2687 menstrua
303 2656 464 2687 solvenda
495 2654 592 2697 apud
623 2655 836 2687 Sallustium
872 2659 935 2688 aut
965 2666 1037 2688 non
1060 2655 1198 2698 legisse
1226 2659 1290 2687 aut
1313 2665 1386 2686 nou
1412 2652 1639 2684 intellexisse

111 2700 290 2733 censebit.
332 2700 396 2732 Set
413 2710 508 2741 quae
526 2703 611 2732 sunt
627 2700 776 2732 tandem
794 2700 858 2732 illa
875 2703 1070 2733 rue-restructi*
1094 2711 1219 2732 sacra:
1238 2700 1385 2740 privata
1404 2708 1451 2729 an
1467 2697 1641 2739 publica?

112 2748 150 2777 et
174 2755 239 2777 cur
261 2746 360 2782 solvi,
394 2755 468 2777 nou
491 2745 628 2777 obferri
654 2748 717 2776 aut
741 2745 821 2777 fieri
845 2745 1040 2777 dicuntur?
1081 2745 1162 2783 Qua
1187 2744 1343 2784 denique
1368 2742 1467 2774 mala
1491 2742 1640 2776 fortuna

113 2789 259 2829 accidit,
284 2793 324 2822 ut
342 2790 419 2822 eius
436 2790 510 2828 rei,
537 2800 645 2831 quam
663 2789 860 2822 Sallustius
878 2794 915 2821 ut
932 2789 1099 2822 omnibus
1117 2792 1242 2820 notam
1259 2789 1521 2825 conmemorat,
1538 2785 1642 2818 nulla

114 2834 211 2877 apud
236 2845 453 2877 quemquam
479 2839 643 2867 veterum
667 2835 885 2877 scriptorum
910 2834 1046 2866 mentio
1072 2834 1175 2865 facta
1200 2833 1271 2864 sit?
1318 2832 1398 2864 Nisi
1423 2841 1531 2874 quam
1556 2840 1640 2863 con-

114 2879 212 2921 rupti
235 2880 332 2911 Noni
353 2879 441 2911 libri
465 2882 608 2918 essent,
635 2889 760 2911 omnes
786 2882 997 2921 conpertum
1018 2877 1209 2916 haberent,
1237 2887 1310 2909 non
1335 2877 1507 2909 auderem
1532 2875 1643 2908 auda-

117 2923 253 2956 ciorem
277 2915 496 2956 emendandi
519 2924 701 2956 rationem
725 2933 940 2966 proponere.
986 2923 1076 2954 Puto
1103 2922 1198 2954 enim
1223 2921 1350 2953 inillis
1375 2921 1497 2955 verbis
1522 2921 1643 2953 inesse

1349 2979 1373 2991 ,-

208 2989 390 3023 ΞΔιιῠετ.
415 3000 476 3022 sn.
501 2991 685 3022 Dnuscu.
725 2990 774 3022 11.
1356 2991 1367 3017 l
