1826 3282
529 224 829 252 111310111Αονο
857 226 939 252 mn.
972 225 1036 251 111.
1087 219 1262 255 33—35.
1608 211 1654 252 7¹

137 323 382 366 quadraginta
406 325 524 357 tribus
548 324 641 357 locis
665 325 882 376 scriptorem
899 326 1063 357 nostrum
1084 323 1279 357 Sallustium
1303 324 1564 366 nominaverit,
1588 324 1660 357 hoc

135 369 212 402 solo
241 369 322 402 loco
350 370 502 412 Oris-pum
531 370 648 402 dixit?
677 379 796 402 nonne
829 370 960 402 mirum
991 370 1086 411 quod
1116 369 1152 402 h.
1185 369 1210 402 l.
1241 369 1342 402 solus
1373 378 1544 402 numerus
1573 368 1660 402 libri

135 425 181 446 ne
209 414 319 447 titulo
345 415 490 457 quidem
513 415 634 457 operis
660 415 825 454 adiecto,
861 424 968 456 quem
998 414 1091 446 alibi
1121 424 1263 457 semper
1295 413 1459 447 additum
1479 414 1656 456 videmus,

134 459 293 501 scriptus
318 461 398 492 est?
434 461 486 492 Et
509 470 630 492 nonne
646 459 761 491 Keilii
778 458 1006 491 admirabilis
1031 459 1230 502 diligentia
1256 461 1293 492 et
1316 453 1509 502 sagacitas
1533 462 1657 492 osten-

132 504 204 544 dit,
237 504 328 536 haut
350 505 482 546 paucis
506 504 616 545 locis,
650 514 744 546 quae
770 503 960 536 Charisius
985 504 1215 546 scripsisset,
1248 504 1295 536 ab
1327 504 1492 537 librariis
1514 507 1657 547 pertur

132 549 222 581 bata
248 552 285 581 et
310 549 496 582 conmixta
521 550 628 582 esse?
674 549 740 581 Set
764 549 914 591 gravius
939 551 1193 591 argumentum
1217 549 1256 581 in
1279 549 1441 591 ipsorum
1463 550 1657 582 verborum

133 594 254 626 colore
278 594 436 637 positum
462 597 529 627 est.
562 594 639 626 -Ac
670 593 811 636 largiar
835 593 981 635 quidem
1011 595 1216 636 Wagnero,
1251 597 1397 632 acriter,
1432 604 1513 626 cum
1542 595 1581 627 in
1612 605 1656 627 eo

131 649 270 671 summa
293 639 350 671 vis
375 639 481 680 insit,
516 639 716 681 aptissume
747 638 785 670 in
817 639 959 680 protasi
985 641 1148 671 extrema
1173 639 1331 681 positum
1358 649 1456 680 esse,
1489 642 1529 672 at
1559 639 1655 671 inso-

130 683 266 716 lentius
292 693 386 726 quae
411 684 458 716 ab
488 685 556 716 scis
585 683 745 726 pendere
777 683 957 715 deberent
987 686 1092 719 recta
1124 684 1291 716 oratione
1321 685 1444 726 posita
1477 694 1558 716 esse
1583 694 1655 716 non

130 728 298 771 negabit.
347 728 575 771 Quamquam
606 728 644 760 id
667 729 809 760 factum
834 738 935 769 esse,
969 738 1039 770 quo
1069 729 1255 771 generalis
1286 729 1474 761 sententia
1505 730 1655 771 gravius

131 774 345 814 ecferretur‚
373 776 457 806 sunt
482 773 543 816 qui
567 773 711 806 dicant:
739 773 844 815 quasi
868 773 905 805 id
931 772 1005 805 alio
1030 773 1135 805 modo
1161 773 1336 815 consequi
1361 773 1557 806 Sallustius
1582 784 1655 806 non

129 818 322 860 potuisset.
361 818 508 850 Deinde
534 819 614 860 (11113
638 828 810 859 umquam
833 819 1023 860 prosaicus
1048 829 1115 850 non
1139 822 1174 850 tu
1196 820 1266 850 scis
1290 818 1463 860 scripsit?
1508 819 1565 850 An
1589 819 1653 850 mi-

128 865 302 895 nueretur
325 863 501 896 orationis
525 864 593 904 vis,
621 864 653 895 si
678 866 854 896 consueto
877 867 914 895 tu
929 864 1039 895 nescis
1063 863 1221 905 scriptor
1236 864 1290 895 uti
1307 863 1524 896 maluisset?
1561 864 1652 896 Gra-

127 908 210 941 vior
233 918 366 940 caussa
391 918 456 940 cur
478 919 546 940 non
576 910 667 940 scire
698 908 857 948 diceret,
891 907 1023 940 Plauto
1055 909 1127 940 fuit
1149 908 1282 940 Pseud.
1309 907 1377 940 226
1408 919 1493 951 quae
1519 910 1655 950 pacisci

127 954 223 985 modo
247 956 324 991 scis,
348 957 403 999 set
426 954 517 996 quod
536 947 669 995 paeta's
693 964 759 986 non
782 954 850 985 scis
872 955 1014 986 solvere.
1063 953 1168 993 Quae
1194 956 1411 996 argumenta
1435 954 1467 985 si
1493 954 1574 996 quis
1598 953 1651 986 (11-

127 997 256 1039 luerit,
283 985 548 1031 lubentissume
573 1009 630 1030 me
655 999 736 1030 sine
762 1008 895 1031 caussa
919 998 1148 1031 dubitavisse
1174 998 1386 1031 concedam.

241 1086 293 1127 33
327 1087 406 1140 [Kr.
428 1092 484 1126 36.
521 1090 559 1126 G.
583 1087 660 1140 32].
717 1087 929 1140 Postquam
959 1099 1142 1138 egressus
1170 1089 1380 1140 angustias.

237 1165 342 1199 Arus.
367 1177 403 1209 p.
428 1166 495 1198 227
519 1176 548 1199 s.
573 1176 609 1199 v.
642 1176 801 1208 eyressus
830 1168 919 1198 illam
949 1177 1030 1198 rem.
1078 1166 1245 1199 Kritzius
1276 1166 1321 1199 de
1355 1167 1538 1210 angustiis
1563 1167 1651 1201 freti

125 1211 343 1254 Bosporani,
369 1222 436 1254 per
460 1220 552 1253 quas
574 1211 812 1244 Mithridates
837 1221 1060 1253 myoparone
1084 1212 1245 1253 piratico
1271 1211 1425 1254 ecfugit,
1452 1212 1648 1245 intellexit.

125 1255 174 1288 At
198 1257 283 1298 quid
306 1256 449 1298 inpedit
480 1266 549 1298 quo
579 1257 699 1289 minus
730 1256 775 1288 de
801 1256 985 1299 angustiis
1009 1255 1171 1288 locorum
1199 1256 1424 1298 cogitemus,
1458 1267 1552 1299 (11100
1578 1258 1649 1289 Lu-

127 1301 223 1333 cullo
248 1302 286 1333 in
310 1301 466 1334 Pontum
488 1302 644 1334 intranti
659 1301 914 1353 permeandae
940 1301 1070 1333 fuere?
1119 1300 1195 1332 cfr.
1220 1301 1378 1355 Appian.
1405 1298 1650 1334 0111111080

126 1357 160 1388 p.
186 1344 269 1378 388:
294 1340 535 1384 Λούκουλλος
560 1341 603 1379 δὲ
627 1341 698 1390 τὴν
721 1341 900 1379 καθοδον
923 1340 994 1388 τὴν
1018 1339 1057 1384 ἐς
1080 1340 1123 1378 τὸ
1147 1344 1286 1378 πεδίον
1309 1341 1650 1401 ἱπποκρατούντων

125 1401 199 1423 των
229 1390 421 1434 πολεμίων
447 1385 727 1443 ἐκτρεπόμενος
749 1388 816 1424 καὶ
846 1389 1032 1433 περίοδον
1063 1384 1196 1432 ἑτέραν
1224 1401 1297 1443 ουχ
1322 1384 1437 1442 ὁρων,
1471 1382 1582 1443 εὗρεν
1607 1386 1649 1424 ἐν

125 1436 296 1488 σπηλαίῳ
323 1431 501 1488 κυνηγὸν
533 1430 669 1478 ὀρείων
699 1430 881 1487 οἷτραπαῒν
916 1430 1170 1478 ἐπιστήμονα,
1208 1427 1238 1478 ᾧ
1269 1430 1459 1487 χρώμενος
1489 1430 1648 1479 ἡγεμόνι

124 1476 222 1513 κατὰ
239 1474 356 1519 ὁδους
372 1474 542 1525 α’τριβεῖς
558 1481 773 1533 περιῆλθεν
796 1475 893 1523 ὑπὲρ
915 1480 1087 1532 κεφαλῆς
1111 1479 1180 1513 τοῦ
1195 1476 1452 1523 Μιθριδατου
1475 1479 1542 1514 καὶ
1559 1492 1648 1514 κατ-

123 1520 184 1580 ῄει
214 1521 293 1569 μὲι
317 1520 494 1564 ἐκκλίνας
523 1524 590 1559 καὶ
614 1521 699 1559 τότε
731 1521 772 1559 τό
797 1525 936 1559 πεδίον
961 1520 1027 1558 δια
1051 1519 1140 1564 τοὺς
1173 1524 1336 1567 ἵππους,
1369 1521 1571 1574 χαράδραν
1603 1522 1647 1560 δὲ

121 1567 263 1609 ὕδατος
288 1565 330 1604 ἐν
353 1570 522 1616 προβολῇ
546 1567 711 1616 θέμενος
736 1566 1090 1615 ἐστρατοπέδευσεν.

237 1660 322 1700 *34
357 1661 442 1714 [Kr.
464 1666 520 1700 38.
557 1664 596 1723 G.
621 1665 650 1700 Π
672 1661 757 1714 96].
825 1661 873 1701 At
907 1660 1115 1701 Lucullum
1148 1662 1254 1711 regis
1292 1673 1388 1701 cura
1426 1662 1646 1701 machinata

122 1729 245 1768 fames
271 1728 381 1768 brevi
404 1729 600 1779 fatigabat.

234 1807 351 1839 Prisc.
384 1807 528 1850 VIIIp
571 1806 655 1840 382:
687 1806 931 1839 Sallustius-in
961 1807 1019 1839 III
1049 1807 1284 1840 historiarum:
1317 1810 1355 1839 at
1378 1824 1421 1830 --
1446 1807 1643 1850 fatigabat,

124 1853 335 1885 ‘machinata
365 1855 501 1905 passive
505 1818 635 1885 pdia-it.
692 1852 782 1884 Cum
819 1851 1014 1884 Lucullum
1053 1852 1150 1884 fame
1181 1862 1347 1894 pressum
1379 1862 1459 1884 esse
1490 1862 1645 1894 usquam

121 1897 341 1937 nesciamus,
368 1897 443 1929 nisi
469 1908 550 1929 011111
573 1897 673 1939 regis
698 1896 782 1929 finis
806 1898 995 1939 ingressus
1021 1899 1119 1929 esset
1144 1896 1254 1939 (Plut.
1275 1897 1366 1929 Luc.
1396 1896 1463 1938 14),
1490 1907 1644 1948 eamque

67 1959 71 1964 ·
119 1942 282 1995 inopiam
305 1942 556 1974 Mithridatem
583 1945 662 1974 arte
689 1943 834 1974 auxisse
860 1944 1005 1974 constet
1029 1941 1134 1994 (App.
1153 1942 1189 1974 b.
1215 1942 1265 1973 M.
1291 1941 1335 1973 81
1355 1952 1389 1984 p.
1409 1940 1493 1974 388.
1518 1939 1585 1974 καὶ
1602 1937 1642 1974 τὸ

120 1982 191 2031 μὲν
217 1981 424 2031 ἐνθύμημα
441 1983 538 2030 μέγα
555 1978 604 2031 ἦν
619 1980 845 2023 α’ποκλεῐσαι
863 1985 1016 2029 τροφῶν
1032 1953 1287 2028 Λουκουλλον,
1314 1981 1354 2019 ἔκ
1371 1981 1490 2030 μόνης
1509 1983 1644 2030 ἔχοντα

119 2030 434 2076 Καππαδοκίας),
460 2035 562 2065 recte
577 2032 758 2064 Kritzium
781 2043 846 2075 pro
864 2032 901 2065 II
923 2032 1133 2064 conrexisse
1150 2032 1208 2064 ΙΙΙ
1233 2035 1341 2074 atque
1366 2032 1435 2064 hoc
1461 2032 1643 2075 fragmen-

120 2080 196 2109 tum
213 2077 260 2110 ab
277 2077 314 2109 11
331 2077 385 2119 51,
406 2088 558 2120 quocum
575 2077 800 2110 coniunxere
812 2076 939 2109 Carrio
956 2080 993 2110 et
1012 2076 1244 2117 Gerlachius,
1262 2087 1456 2120 separasse
1470 2077 1644 2110 Hertzius

121 2122 320 2155 arbitratus
345 2124 413 2155 est.

193 2263 197 2267 .
233 2212 287 2252 35
323 2211 411 2265 [Kr.
443 2217 499 2250 42.
537 2214 576 2251 G.
611 2215 653 2251 lv
687 2211 773 2264 43].
841 2211 1004 2251 Castella
1043 2212 1239 2251 custodias
1270 2212 1574 2252 thensaurorum
1605 2214 1643 2251 iu

84 2284 86 2286 ’
121 2279 357 2319 deditionem
386 2280 622 2330 acciperent.
1572 2294 1576 2297 >

233 2358 375 2390 Charis.
399 2369 435 2401 p.
463 2357 543 2390 107:
569 2359 678 2391 Pater
697 2359 847 2399 familias
871 2362 904 2390 et
927 2362 1036 2390 mater
1056 2358 1204 2399 familias
1221 2358 1350 2400 antiqui
1372 2359 1478 2400 mayis
1501 2369 1644 2400 usurpa-

118 2407 247 2441 verunt,
271 2407 462 2445 propterea
486 2404 578 2446 quod
599 2405 800 2436 nominativo
825 2405 1008 2445 singularis
1032 2404 1179 2435 litteram
1203 2403 1406 2441 adiciebant,
1431 2407 1466 2435 ut
1485 2403 1643 2444 facerent

117 2450 311 2491 genetivum,
336 2448 420 2481 Ilaec
440 2449 588 2489 famili,a
614 2449 709 2481 liuius
729 2449 895 2490 familias,
921 2448 1005 2480 haec
1028 2448 1144 2487 Maia,
1169 2449 1264 2480 liuius
1289 2448 1415 2480 Maias,
1462 2459 1559 2490 quam
1583 2450 1641 2480 de-

118 2495 332 2526 clinationem
362 2497 396 2525 et
420 2494 599 2526 Sallustius
628 2495 663 2526 in
686 2494 743 2525 ΙΙΙ
772 2498 906 2526 secutus
936 2496 985 2525 ait
1014 2474 1172 2526 castella
1195 2511 1239 2516 —
1265 2493 1534 2535 acciperentur.
1580 2494 1643 2524 scd

118 2540 326 2571 emendatius
351 2539 560 2571 ‘custodiae'
588 2531 742 2571 ‘Maiae'
767 2542 802 2571 et
826 2538 1009 2577 ‘familiae’
1035 2539 1184 2571 dicimus.
1230 2539 1321 2580 quod
1343 2549 1384 2569 ne
1408 2537 1642 2570 celebraretur

120 2584 266 2616 Sisenna
289 2584 414 2626 effecit.
455 2583 556 2616 Serv.
577 2584 624 2616 ad
639 2584 748 2626 Verg.
774 2583 816 2615 A.
841 2584 894 2616 XI
917 2581 1002 2615 801:
1029 2583 1116 2615 Nam
1139 2594 1201 2615 nec
1226 2584 1330 2615 ‘liuius
1354 2584 1467 2614 auras*
1493 2583 1640 2619 dicimus,

119 2639 181 2661 nec
206 2629 317 2661 ‘leuius
340 2627 532 2662 custodias'
557 2630 735 2661 secundum
759 2628 951 2661 Sallustium
975 2628 1029 2661 lib.
1055 2629 1132 2661 1111
1154 2629 1386 2665 historiarum,
1420 2628 1477 2668 qui
1499 2629 1549 2658 ait
1580 2637 1640 2658 ca-

120 2673 231 2706 stella
256 2673 443 2706 custodias
467 2673 720 2706 thesaurorum
739 2684 808 2715 pro
834 2674 1058 2706 ‘custodiae‘.
1055 2684 1062 2691 ·
1092 2675 1141 2705 ita
1172 2676 1258 2704 enim
1281 2674 1380 2703 etiam
1404 2671 1523 2712 Asper
1545 2671 1642 2703 intel-

121 2719 209 2759 agit,
241 2720 318 2751 licet
349 2720 409 2750 alii
439 2720 645 2751 ‘custodias'
677 2721 899 2751 accusativum
928 2721 1040 2751 velint.
1092 2718 1209 2749 Recte
1235 2715 1320 2748 h.1.
1348 2715 1506 2747 editores
1532 2726 1639 2748 cave-

121 2766 221 2803 runt,
253 2774 299 2795 ne
333 2774 414 2796 cum
443 2763 584 2806 Aspero
616 2764 851 2796 insolentiam
882 2763 1175 2795 audacissumam
1200 2760 1373 2793 Sallustio
1399 2759 1640 2802 adfingerent,

121 2812 323 2850 praeeunte
348 2808 572 2841 Schneidero
597 2819 650 2851 gr.
676 2808 742 2840 lat.
768 2809 805 2840 ΙΙ
822 2808 839 2839 1
866 2819 900 2850 p.
918 2807 973 2839 21.
1019 2807 1196 2839 Custodias
1220 2804 1415 2847 genetivus
1439 2815 1512 2837 non
1536 2805 1641 2837 modo

122 2852 309 2885 obsoletus
335 2857 447 2894 esset,
474 2856 531 2885 set
547 2864 593 2885 ne
610 2853 766 2885 latinum
783 2853 928 2894 quidem
945 2850 1117 2892 loquendi
1134 2860 1267 2892 genus,
1293 2849 1424 2892 quippe
1444 2850 1506 2892 qui
1522 2853 1640 2883 custo-

122 2896 194 2929 diis
208 2897 441 2931 castellorum
458 2899 579 2931 teneri
597 2898 815 2931 thensauros
835 2897 1014 2929 dixissent
1029 2895 1163 2938 potius.
1193 2895 1310 2928 Recte
1325 2897 1446 2928 autem
1460 2895 1642 2928 Kritzium
