1852 3294
217 230 298 270 326
562 222 565 227 ³
912 239 1043 264 INDEX

219 343 404 387 prohibuit
419 341 442 372 J
459 339 512 379 21,
531 339 563 370 2.
608 339 718 370 ianua
735 338 910 380 prohibiti
935 337 961 369 C
979 336 1040 378 28,
1060 336 1091 369 3.
1132 337 1248 369 hiems
1271 336 1363 368 mari
1386 336 1607 379 prohibebat
1630 336 1666 367 H
1683 336 1736 378 ,lv

220 389 275 427 61,
297 388 348 418 14.
390 395 487 417 mare
511 393 682 426 magnum
707 387 744 415 et
768 383 900 424 ignara
923 382 1048 424 lingua
1074 382 1290 414 commercio
1315 381 1559 423 prohibebant
1581 381 1606 413 J
1633 379 1685 420 18,
1703 380 1737 412 6.

220 435 348 476 portae
368 430 517 461 clausae
535 428 624 470 fuga
641 427 886 470 prohibebant
903 427 927 459 J
943 425 1003 467 67,
1026 427 1054 458 1.
1098 426 1364 458 multitudinem
1390 426 1478 458 artis
1500 426 1593 458 locis
1615 435 1739 468 pugna
1779 433 1782 435 ’

220 476 439 520 prohibuere
460 474 494 505 H
517 474 567 505 IV
591 472 650 512 61,
674 473 724 505 15.
766 473 916 505 civitate
941 483 1006 514 per
1022 482 1130 504 unum
1148 471 1385 513 prohibentur
1402 471 1436 502 H
1453 471 1470 502 I
1485 470 1539 510 41,
1563 470 1614 503 12.
1655 481 1738 512 gra-

220 523 322 555 viore
339 519 449 559 bello,
471 519 530 560 qui
547 518 765 560 prohibituri
782 521 961 559 venerant
978 535 1020 539 -—
1037 517 1073 548 H
1089 517 1102 548 i
1118 516 1173 548 50.
1207 516 1397 558 prohibere
1416 516 1586 548 iniuriam
1603 515 1627 547 J
1644 514 1694 555 14,
1706 515 1737 547 7.

222 567 282 606 31,
308 564 362 597 23.
410 564 508 596 mala
531 581 574 586 —
605 563 797 605 prohibere
829 573 873 595 ne
910 562 1036 594 conari
1065 562 1207 603 quidem
1236 561 1271 593 H
1301 562 1319 593 I
1341 559 1402 601 48,
1426 560 1482 600 12.
1536 559 1740 602 inplicatae

222 614 320 643 rates
346 608 551 641 ministeria
575 607 820 650 prohibebant
842 608 877 639 H
901 608 950 639 IV
973 606 1005 640 9.
1050 609 1281 649 prospectum
1314 616 1403 647 ager
1433 605 1592 638 arbustis
1622 605 1741 643 consi-⁵

223 660 280 688 tus
293 654 512 698 prohibebat
529 653 552 685 J
569 652 630 692 53,
654 652 681 687 1.
724 663 817 694 quae
834 652 1009 694 nequiens
1027 652 1221 694 prohibere
1240 651 1274 682 H
1291 651 1343 682 III
1360 650 1414 690 67,
1437 649 1487 682 18.
1513 647 1741 690 (seditiones)

223 701 258 732 H
274 701 292 732 1
308 699 369 741 48,
392 699 421 731 1.
463 698 601 731 Sullam
619 698 738 740 legem
755 716 798 720 —
815 698 995 729 ferentem
1020 697 1062 729 G.
1080 696 1288 731 Herennius
1310 699 1355 727 tr.
1381 695 1428 738 pl.
1453 695 1691 738 prohibuerat
1706 694 1742 726 H

223 746 260 777 ΙΙ
286 744 336 777 12.
384 754 507 787 pugna
529 743 676 785 ingenio
701 742 773 774 loci
797 742 1061 784 prohibebatur
1083 742 1119 772 H
1142 741 1196 773 111
1224 740 1275 772 18.
1323 740 1397 772 illis
1421 741 1623 782 exiguitate
1648 750 1743 772 mors
1803 759 1807 763 ·

225 790 436 833 prohibetur
460 789 494 820 H
511 787 641 827 11161,
665 786 714 819 19.
757 787 949 818 multitudo
974 797 1019 818 ne
1045 786 1308 827 circumvenire
1332 785 1446 828 possit
1468 785 1662 827 prohibent
1680 795 1743 817 an-

226 836 371 877 gustiae
395 834 467 866 loci
493 833 519 865 C
545 832 606 872 58,
625 831 679 864 20.
722 832 855 864 diutius
879 832 916 863 in
942 832 998 863 his
1022 831 1219 863 locisesse
1246 848 1286 852 —
1303 830 1474 872 prohibet
1490 847 1529 852 —
1550 832 1697 872 egestas
1715 828 1742 861 G

225 881 288 920 58,
306 879 337 912 6.
380 878 549 921 prohibet
572 885 703 910 nocere
729 887 907 910 venenum
926 877 960 908 H
978 877 990 908 i
1006 875 1061 909 30.
1101 875 1304 918 prohibitus
1330 878 1408 907 erat
1431 874 1659 907 consulatum
1681 885 1744 916 pe-

225 929 303 957 tere
322 925 349 956 G
370 924 421 964 18,
440 923 472 956 3.

270 970 405 1010 proioio.
440 969 477 1000 in
501 968 568 1000 has
593 968 761 999 miserias
786 967 989 1010 proiectum
1012 966 1036 998 J
1056 965 1113 1007 14,
1133 965 1187 997 21.
1228 965 1432 1008 proiectum
1450 964 1497 996 ad
1513 964 1648 997 bellum
1665 974 1746 997 sae-

226 1015 420 1048 vissumum
438 1014 474 1046 H
491 1014 525 1044 II
542 1012 597 1052 96,
619 1013 647 1044 l.

272 1060 412 1100 proinde
436 1058 558 1101 parati
582 1058 751 1099 intentiq.
779 1060 901 1089 essent
924 1057 947 1089 J
970 1055 1031 1096 49,
1050 1055 1083 1089 3.
1123 1055 1274 1098 proinde
1301 1066 1394 1097 quae
1419 1055 1538 1087 animo
1564 1054 1745 1097 agitabat,

229 1105 343 1137 fretus
362 1104 439 1136 deis
459 1107 586 1146 ageret
603 1103 626 1135 J
644 1102 705 1143 63,
729 1102 757 1134 l.
798 1102 950 1144 proinde
970 1104 1158 1144 reputaret
1175 1101 1198 1133 J
1216 1100 1277 1141 70,
1297 1100 1317 1132 5
1340 1102 1425 1133 conl.
1443 1099 1502 1140 83,
1526 1100 1554 1132 1.
1595 1099 1748 1142 proinde

230 1150 335 1192 quasi
358 1152 531 1191 praetura
556 1151 592 1180 et
616 1147 826 1180 consulatus
851 1165 891 1169 —-
917 1157 981 1189 per
1006 1157 1045 1178 se
1070 1147 1151 1188 ipsa
1176 1145 1278 1177 clara
1299 1163 1335 1167 —
1356 1146 1491 1177 sintae
1508 1155 1580 1177 non
1597 1144 1748 1186 perinde

229 1194 445 1233 habeantur,
465 1196 505 1225 ut
523 1211 563 1215 —
583 1193 606 1225 J
623 1193 662 1232 4,
681 1192 702 1224 8
719 1195 803 1225 conl.
822 1191 883 1232 31,
906 1191 958 1223 10.
1000 1191 1150 1234 proinde
1177 1191 1281 1233 quasi
1303 1190 1476 1222 iniuriam
1495 1190 1620 1222 facere
1634 1189 1671 1221 id
1687 1189 1748 1222 de·

231 1250 326 1272 mum
346 1242 444 1271 esset
461 1238 600 1280 inperio
618 1238 672 1269 uti
690 1237 717 1269 C
739 1237 789 1277 12,
808 1237 840 1269 5.

274 1285 416 1324 prolato.
448 1293 520 1315 non
544 1282 800 1325 prolatandum
823 1283 858 1314 H
882 1283 898 1314 I
922 1281 984 1322 41,
1004 1282 1034 1313 7.
1076 1281 1308 1313 Ptolemaeus
1325 1280 1459 1312 bellum
1478 1279 1600 1322 precio
1618 1279 1655 1311 in
1672 1279 1751 1311 dies

231 1329 422 1372 prolatans
446 1329 480 1360 H
504 1329 556 1360 1V
580 1327 641 1368 61,
663 1327 714 1360 12.
756 1338 828 1359 neu
852 1326 957 1359 malis
982 1327 1143 1369 pernitie
1169 1329 1295 1358 nostra
1320 1329 1419 1357 tuam
1443 1325 1628 1368 prolatare
1653 1324 1751 1357 HIV

231 1374 288 1413 61,
306 1374 361 1406 23.
404 1373 523 1416 inperi
540 1372 749 1415 prolatandi
765 1372 984 1414 percupidus
1002 1372 1036 1402 H
1053 1372 1084 1403 V
1101 1370 1133 1403 6.
1177 1370 1402 1413 prolatandis
1421 1369 1752 1402 consultationibus

232 1420 255 1452 J
272 1419 327 1455 27,
346 1418 378 1449 2.
415 1436 451 1440 ——
472 1417 712 1450 seditionibus
730 1418 765 1448 H
782 1418 798 1448 1
814 1416 867 1456 48,
892 1416 942 1448 16.
984 1417 1062 1448 dics
1079 1416 1295 1458 prolatando
1314 1415 1341 1447 O
1358 1415 1414 1455 43,
1433 1415 1466 1448 3.

276 1465 390 1504 proles
406 1462 601 1505 praeclara
617 1463 806 1494 Brutorum
823 1479 868 1484 —-
884 1462 919 1492 H
936 1462 952 1493 1
970 1461 1024 1501 41,
1044 1461 1076 1492 2.

277 1509 455 1549 promineo.
488 1507 658 1540 Sardinia
679 1524 715 1529 —
736 1508 773 1538 in
791 1507 968 1545 orientem
985 1506 1094 1538 latior
1110 1506 1292 1548 prominet
1309 1505 1343 1536 H
1360 1505 1395 1536 II
1412 1506 1443 1536 2.

278 1554 494 1594 promiscuus.
532 1553 658 1584 divina
684 1555 757 1594 atq.
783 1551 942 1583 humana
965 1551 1171 1594 promiscua
1196 1550 1223 1582 O
1245 1549 1295 1591 12,
1316 1551 1346 1581 2.
1373 1562 1419 1577 z
1441 1547 1616 1582 Numidas
1642 1552 1752 1591 atque

234 1599 486 1641 negotiatores
504 1597 707 1640 promiscue
723 1614 769 1619 ——
784 1596 959 1628 interficit
975 1597 998 1628 J
1015 1596 1069 1635 26,
1090 1595 1121 1627 3.

278 1643 445 1683 promitto.
478 1654 522 1675 ex
538 1642 726 1675 voluntate
745 1641 868 1673 Sullae
888 1641 1009 1673 omnia
1026 1651 1064 1672 se
1080 1641 1261 1672 facturum
1278 1638 1615 1682 promittitJ111,3.
1648 1639 1754 1671 Haec

234 1707 277 1711 --
295 1689 442 1720 tandem
460 1688 626 1730 promisit
642 1687 665 1718 J
686 1685 760 1726 113,
783 1685 811 1718 1.
829 1699 875 1714 :z
899 1697 978 1718 cum
994 1687 1130 1727 Ligure
1148 1703 1187 1707 —-
1206 1685 1371 1725 promissa
1395 1685 1472 1716 eius
1488 1684 1670 1726 cognitum
1689 1684 1754 1716 mi-

236 1734 284 1766 sit
303 1734 326 1765 J
343 1732 403 1774 93,
423 1733 455 1764 7.
496 1733 593 1764 inter
617 1742 680 1764 eas
704 1742 825 1763 moras
849 1731 1026 1773 promissa
1043 1731 1246 1774 legatorum
1265 1732 1461 1772 expectare
1478 1729 1503 1762 J
1519 1729 1580 1769 47,
1599 1729 1632 1761 4.
1674 1739 1755 1761 eum

236 1797 279 1800 —
303 1778 489 1821 promissis
513 1780 643 1809 onerat
666 1777 690 1809 J
717 1776 773 1817 12,
794 1775 826 1808 3.
875 1777 1018 1819 magnis
1045 1775 1254 1808 muneribus
1278 1786 1322 1807 ac
1346 1774 1544 1807 maioribus
1567 1774 1755 1816 promissis

235 1823 402 1866 perducit
418 1823 442 1855 J
458 1821 520 1863 80,
539 1821 572 1854 3.

280 1877 402 1908 promo.
435 1868 556 1910 eoepit
572 1867 687 1910 promi
704 1866 831 1909 lingua
847 1867 882 1898 H
899 1867 951 1898 III
968 1865 1024 1906 67,
1041 1865 1073 1898 9.
1091 1879 1137 1894 ---
1153 1865 1337 1907 ingenium
1354 1866 1390 1896 in
1404 1866 1557 1904 promptu
1572 1864 1709 1896 habere
1728 1864 1755 1897 C
1810 1880 1814 1885 ³

238 1915 269 1954 7,
293 1914 320 1945 l.
358 1913 395 1944 id
414 1913 505 1945 adeo
523 1913 560 1943 in
576 1915 745 1955 promptu
763 1922 843 1944 esse
860 1912 884 1943 J
904 1911 977 1951 lll,
1001 1911 1028 1943 1.
1047 1924 1093 1938 z
1107 1913 1286 1951 promptus.
1319 1910 1419 1942 aliud
1435 1910 1473 1941 in
1490 1912 1638 1951 pectore
1657 1908 1756 1942 clau-

239 1970 332 1998 sum,
365 1958 465 1990 aliud
488 1958 525 1989 in
549 1957 678 1999 lingua
701 1961 905 1999 promptum
925 1956 1061 1988 habere
1081 1956 1107 1987 C
1130 1955 1180 1996 10,
1200 1955 1231 1987 5.
1273 1958 1458 1997 promptus
1477 1964 1587 1986 manu
1604 1954 1631 1986 C
1649 1953 1704 1994 43,
1723 1953 1756 1988 3.

238 2005 259 2035 J
280 2005 310 2042 7,
335 2003 360 2035 1.
402 2003 531 2045 lingua
557 2013 663 2044 quam
689 2012 798 2034 manu
821 2002 1019 2044 promptior
1042 2001 1065 2033 J
1088 2001 1150 2038 44,
1175 2001 1201 2032 l.
1244 2001 1282 2031 in
1305 1999 1453 2042 proeliis
1471 2004 1556 2031 actu
1573 2002 1757 2041 prom—ptus

238 2050 272 2079 '1[
288 2050 299 2080 i
317 2047 370 2080 31.
415 2048 532 2080 avidis
549 2048 602 2079 ita
619 2048 831 2089 promptisq.
851 2047 1003 2078 ducibus
1020 2047 1055 2077 H
1071 2047 1105 2078 11
1127 2045 1176 2078 19.
1220 2055 1367 2087 quorum
1393 2048 1617 2087 cognoverat
1640 2054 1756 2086 prom-

239 2098 339 2135 ptam
359 2093 554 2125 audaciam
573 2092 599 2124 C
618 2092 678 2130 32,
697 2093 729 2124 2.
754 2105 800 2119 Ξ
823 2091 912 2124 belli
936 2091 1233 2133 promptissumos
1257 2091 1292 2121 H
1314 2090 1350 2122 II
1370 2089 1422 2122 13.
1464 2100 1538 2121 rem
1556 2100 1589 2132 p.
1608 2090 1646 2121 in
1662 2089 1756 2131 peri—

240 2138 331 2170 culis
351 2149 372 2170 a
389 2138 668 2180 promptissumo
688 2148 828 2179 quoque
847 2136 995 2168 defendi
1012 2137 1047 2168 H
1064 2137 1081 2168 I
1098 2135 1152 2175 48,
1176 2135 1203 2167 1.

239 2184 467 2260 Ηῑίτὸιιέιέςο.
506 2183 732 2226 rogationem
759 2183 804 2218 ad
827 2181 998 2224 populum
1022 2183 1106 2213 —at
1130 2181 1153 2213 J
1176 2180 1236 2222 40,
1261 2179 1288 2213 1.
1328 2180 1450 2222 legem
1474 2179 1518 2211 de
1541 2179 1699 2222 pecunia
1718 2195 1756 2201 —

284 2272 548 2312 promunturium
567 2272 601 2302 H
618 2272 667 2303 IV
684 2272 737 2303 24.
770 2271 819 2303 18.

285 2326 417 2356 promus.
449 2316 522 2348 ilex
539 2316 686 2358 paulum
704 2317 808 2348 modo
826 2327 952 2358 prona,
971 2316 1055 2348 dein
1074 2316 1166 2348 ssexa
1184 2316 1206 2347 J
1223 2314 1278 2354 93,
1293 2315 1326 2347 4.
1361 2325 1451 2347 saxa
1469 2333 1510 2336 —
1527 2325 1593 2357 per
1608 2324 1760 2357 pronum

242 2362 492 2393 incitabantur
516 2362 551 2392 H
575 2362 629 2392 111
646 2361 700 2392 22.
743 2372 879 2403 pecora
899 2364 1031 2393 natura
1048 2371 1162 2403 prona
1180 2364 1254 2402 atq.
1271 2360 1392 2393 ventri
1408 2359 1641 2392 oboedientia
1657 2357 1761 2391 finxit

243 2407 269 2439 C
293 2406 321 2446 1,
340 2405 371 2439 ’1.
415 2406 490 2438 alia
508 2406 630 2439 omnia
648 2415 736 2437 suae
762 2406 889 2438 virtuti
912 2416 1027 2447 prona
1046 2416 1126 2438 esse
1144 2406 1167 2437 J
1188 2405 1261 2446 114,
1279 2406 1312 2437 2.
1355 2405 1390 2437 id
1409 2415 1453 2437 ea
1471 2404 1594 2447 gratia
1613 2399 1760 2436 facilius

241 2452 424 2494 proniusq.
446 2451 515 2483 fuit
533 2452 556 2484 J
573 2450 627 2490 80,
647 2450 678 2482 4.
1620 2446 1622 2448 ’

286 2497 507 2537 propatulum.
539 2495 755 2538 pudicitiam
774 2495 810 2526 in
827 2494 1018 2537 propatulo
1036 2494 1173 2526 habere
1193 2494 1219 2526 C
1242 2493 1291 2534 13,
1311 2494 1343 2527 3.

286 2551 389 2581 prope
410 2552 535 2583 praep.
569 2551 680 2583 prope
699 2539 836 2572 Cirtam
861 2539 1031 2582 oppidum
1050 2557 1091 2561 —
1110 2540 1276 2571 consedit
1290 2540 1314 2571 J
1331 2539 1392 2580 21,
1411 2540 1443 2570 2.
1484 2549 1633 2581 gregem
1648 2549 1760 2580 prope

244 2586 370 2618 littora
389 2586 544 2629 regebat
561 2586 596 2617 H
613 2586 648 2617 II
665 2584 698 2616 8.
715 2596 761 2612 z
783 2584 950 2616 adverb.
978 2583 1103 2625 procul
1129 2584 1298 2616 absumus
1319 2601 1355 2606 -—
1375 2585 1405 2616 si
1423 2595 1533 2626 prope
1552 2583 1762 2615 adessemus

243 2632 266 2663 J
289 2631 370 2670 102,
390 2632 421 2663 7.
464 2642 516 2673 pr.
544 2630 718 2673 aequalia
743 2629 769 2661 C
794 2630 855 2668 54,
879 2629 906 2661 l.
946 2639 1058 2671 prope
1082 2632 1421 2670 summam-perant
1442 2629 1466 2660 J
1488 2627 1550 2668 60,
1569 2626 1601 2659 6.
1622 2621 1623 2626 ’
1642 2638 1696 2669 pr.
1714 2627 1761 2660 ad

245 2687 420 2707 summum
437 2676 570 2708 montis
585 2684 754 2718 egressus
771 2675 794 2707 J
811 2673 865 2714 93,
885 2675 917 2706 2.
959 2674 1028 2705 duo
1053 2676 1136 2705 sunt
1159 2673 1258 2704 sinus
1282 2684 1335 2715 pr.
1361 2673 1397 2704 in
1417 2675 1578 2704 extrema
1595 2672 1722 2704 Africa
1738 2672 1762 2704 J

245 2722 340 2761 78,2.
376 2721 519 2753 familia
536 2732 587 2763 pr.
607 2721 679 2752 iam
700 2720 861 2752 extincta
878 2717 1005 2758 J95,3.
1037 2729 1091 2760 pr.
1109 2719 1183 2749 iam
1202 2718 1372 2759 adeptam
1392 2717 1580 2749 victoriam
1598 2717 1622 2749 J
1642 2716 1761 2755 101,9.

244 2779 289 2793 z
305 2767 448 2806 propior.
481 2766 572 2808 quod
591 2768 714 2798 tamen
730 2765 856 2797 vitium
874 2763 1019 2807 propius
1038 2764 1209 2795 virtutem
1228 2766 1307 2794 erat
1328 2762 1354 2794 C
1377 2761 1427 2801 11,
1449 2761 1478 2794 1.
1521 2762 1598 2803 ipse
1617 2761 1764 2804 propior
1823 2790 1827 2796 .

246 2814 403 2842 montom
432 2829 466 2832 ἡ·
485 2821 568 2843 suos
588 2810 757 2842 conlocat
773 2810 795 2842 J
813 2808 867 2850 49,
892 2809 919 2841 1.
952 2809 1054 2841 cuius
1073 2808 1189 2840 aetati
1206 2817 1300 2839 mors
1318 2807 1463 2849 propior
1482 2811 1536 2838 est
1552 2807 1587 2838 H
1604 2807 1639 2838 11
1655 2806 1711 2847 41,
1733 2805 1761 2838 1.

246 2856 338 2896 quod
356 2856 468 2888 multo
485 2855 630 2898 propius
650 2858 705 2887 est
723 2855 768 2887 ab
789 2865 848 2894 eo,
877 2865 945 2896 quo
971 2854 1089 2896 agitat
1111 2856 1210 2885 statu
1226 2852 1260 2883 H
1277 2853 1294 2884 I
1311 2850 1372 2891 48,
1396 2851 1446 2883 10.
1489 2851 1648 2891 domum,
1669 2861 1765 2893 quae

245 2901 390 2942 propior
414 2905 493 2933 erat
515 2901 551 2933 H
567 2901 603 2933 Π
618 2899 672 2932 40.
697 2913 742 2927 =
763 2900 899 2940 propius
918 2898 1096 2932 adcedere
1116 2898 1143 2930 C
1161 2897 1216 2938 44,
1234 2895 1266 2929 6.
1300 2896 1323 2929 J
1341 2895 1395 2937 58,
1415 2895 1446 2929 3.
1476 2914 1519 2918 -
1536 2899 1684 2929 ventum
1709 2898 1765 2928 est
