1826 3282
220 241 274 298 93
664 245 988 276 'msromARVM
1020 246 1104 275 mn.
1134 246 1176 275 ιν
1220 239 1271 277 16.

220 358 345 385 struem
369 351 577 387 movendam,
611 349 655 381 de
682 359 750 390 quo
777 348 1041 381 sacrificiorum
1067 358 1202 391 genere
1233 348 1306 381 vid.
1334 347 1416 383 Cat.
1443 358 1471 380 r.
1499 358 1525 380 r.
1556 346 1636 389 134,
1662 347 1683 380 2
1710 350 1747 380 et

225 397 299 437 141,
325 397 356 427 4.
384 396 484 426 Fest.
510 406 544 437 p.
571 393 638 425 248
664 398 700 425 et
724 393 791 426 239
823 394 877 425 ed.
903 394 1090 434 Lindem.;
1122 394 1161 425 in
1191 393 1336 435 syllaba
1369 403 1442 425 men
1475 397 1596 425 autem
1627 393 1746 425 latere

223 442 310 473 mihi
334 440 478 473 videtur
501 449 633 471 nomen
658 439 728 478 dei,
756 439 814 470 cui
839 441 957 471 strues
981 439 1048 471 illa
1074 441 1241 471 conmota
1266 438 1324 470 sit.
1375 437 1510 471 Cetera
1533 438 1665 470 menda
1679 448 1747 470 mu-

221 488 315 517 lieris
340 489 376 517 et
398 485 545 516 vitandis
568 484 777 516 iamdudum
804 484 950 516 sublata
975 487 1069 516 sunt.

341 586 389 625 16
422 585 501 638 [Kr.
517 589 573 623 43.
605 587 643 622 G.
661 584 737 637 41].
786 584 978 635 Legiones
1003 585 1128 637 pridie
1149 586 1187 623 in
1213 589 1344 623 monte
1364 585 1509 635 positas
1534 583 1745 624 arcessivit.

335 675 440 706 Haec
465 675 580 707 verba
607 674 702 716 apud
726 674 841 706 Prisc.
869 675 901 706 X
925 685 959 716 p.
986 673 1053 706 535
1083 674 1253 717 leguntur
1284 675 1409 719 stat-im
1434 677 1516 716 post
1540 674 1584 705 fr.
1609 673 1665 705 ΙΙΙ
1689 671 1745 704 68.

223 720 295 752 Cur
320 721 495 752 arcessivit
519 720 557 751 in
581 722 749 751 lacessivit
774 722 943 758 mutetur,
969 719 1071 751 nulla
1095 719 1260 761 profecto
1280 729 1412 751 caussa
1438 724 1504 758 est,
1530 718 1602 750 nisi
1623 717 1747 751 verbis

224 776 303 802 eam
329 765 550 796 sententiam
578 774 789 806 expressam
814 764 929 796 fuisse
957 774 1123 803 censeas,
1151 774 1255 806 quan·
1283 764 1362 806 ipse
1388 764 1456 796 tibi
1474 762 1633 795 finxeris.
1683 762 1749 795 Set

224 810 394 852 quoniam
420 820 464 842 ea
491 810 536 841 ad
562 809 715 841 eandem
740 813 915 851 pugnam,
951 809 993 840 de
1027 818 1098 850 qua
1127 809 1172 840 fr.
1211 808 1252 840 l5
1289 809 1382 850 egit,
1416 808 1536 840 relata
1568 810 1670 847 sunt,
1702 806 1747 841 de

222 855 291 886 hoc
317 854 456 898 proelio
482 864 574 896 quae
601 857 687 886 nota
713 854 786 885 sint
811 853 1142 896 eircumspieiunda
1168 855 1261 885 sunt.
1303 853 1550 885 Plutarchusi
1580 852 1651 884 itur
1666 851 1747 885 loeo

225 900 270 931 ad
298 899 338 931 15
364 899 510 932 conlato
542 899 596 930 sie
627 899 665 930 in
689 899 871 931 narrando
902 899 1023 941 pergit
1054 895 1090 930 εἰ
1118 893 1169 940 μὴ
1202 893 1377 939 Κράσσος
1409 891 1521 938 ὀξέως
1547 863 1749 939 ἐπιφανεὶς

222 939 350 987 μοέχην
377 940 488 976 ἔθετο
513 942 644 976 πασῶν
668 937 975 988 καρτερωτάτην,
1003 937 1044 975 έν
1068 934 1092 986 ᾗ
1116 943 1355 995 τριακοσίους
1381 936 1443 975 ἐπὶ
1469 940 1667 986 δισχιλίοις
1682 937 1748 974 καὶ

223 989 374 1032 μυρίοις
406 984 632 1031 καταβαλών
664 985 734 1020 δύο
767 983 909 1031 μόνους
941 981 1027 1029 εὖρε
1057 998 1156 1020 κατα
1189 982 1309 1019 νώτου
1341 983 1612 1040 τετρωμένουςῖ
1633 982 1686 1019 οἷ
1709 978 1747 1019 8?

224 1029 332 1066 ἄλλοι
359 1029 498 1071 πάντες
525 1027 678 1071 ἑστῶτες
704 1027 745 1065 έν
770 1027 874 1073 τάξει
899 1030 964 1065 καὶ
989 1027 1198 1075 μαχόμενοι
1216 1034 1296 1070 τοῖς
1310 1026 1507 1075 Ῥωμαίοις
1531 1026 1750 1066 οἷπεθανοῆ

223 1080 328 1122 Apud
353 1080 478 1111 Front.
505 1079 561 1110 bis
587 1079 631 1110 dc
656 1077 793 1120 proelio
821 1078 866 1110 ab
893 1077 1025 1110 Crasso
1053 1078 1226 1110 advorsus
1254 1078 1413 1110 Gannici
1438 1081 1474 1109 et
1495 1077 1600 1110 Casti
1625 1076 1750 1120 copias

225 1125 406 1157 conmisso
432 1127 741 1156 conmemoratum
766 1123 921 1166 legimus
946 1124 982 1155 ΙΙ
1007 1123 1046 1163 4,
1072 1123 1110 1155 7:
1138 1122 1224 1165 (ΛΜ.)
1251 1123 1402 1155 Licinius
1429 1123 1571 1155 Crassus
1592 1122 1750 1163 fugitivo-

223 1181 294 1201 rum
319 1169 402 1201 bello
429 1170 522 1210 apud
548 1169 762 1201 Calamatz'vn
787 1168 973 1209 (montem)
1006 1170 1186 1200 educturus
1213 1168 1346 1199 milite-m
1371 1168 1533 1199 adversus
1560 1167 1692 1199 Castum
1716 1170 1750 1198 et

227 1215 418 1251 Ganntcum,
445 1216 547 1246 duces
573 1214 751 1251 Gallorum,
779 1214 952 1245 duodecim
968 1214 1124 1246 cohortes
1142 1224 1212 1245 cum
1231 1213 1264 1245 O.
1285 1213 1475 1254 Pomptinis>
1502 1216 1535 1244 et
1554 1211 1592 1251 Q.
1611 1211 1748 1244 Marcio

224 1260 314 1301 Rufo
339 1260 459 1301 legatis
483 1263 561 1300 post
585 1262 725 1291 montem
748 1260 971 1290 circununisit.
1015 1258 1163 1297 Quicum
1179 1259 1350 1290 commisso
1375 1260 1440 1289 iam
1452 1259 1588 1299 proelio
1612 1267 1635 1288 a
1651 1260 1748 1298 ter-qo

224 1307 370 1336 clamore
394 1304 524 1336 sublato
550 1305 831 1339 decucurrissent,
859 1305 907 1334 ita
927 1303 1094 1343 fuderunt
1117 1303 1241 1342 hostes,
1269 1307 1304 1333 ut
1328 1302 1447 1345 ubique
1469 1303 1564 1343 fuya,
1590 1311 1750 1344 nusquam

221 1360 338 1391 pugna
361 1353 611 1390 capesseretur,
639 1351 676 1379 et
700 1348 736 1379 II
760 1348 792 1387 5,
812 1347 871 1380 34:
901 1348 1042 1380 Crassus
1067 1348 1153 1380 bello
1174 1349 1392 1389 sicyitz'vorum
1416 1349 1510 1388 apud
1535 1347 1749 1380 Calamaeium

227 1393 336 1436 [volg.
367 1394 559 1431 Gallienam]
587 1393 757 1434 (montem)
782 1392 860 1424 bina
883 1397 1001 1425 castra
1023 1395 1169 1425 cominus
1194 1403 1264 1424 cum
1288 1392 1427 1424 hostium
1446 1393 1572 1424 castris
1594 1393 1748 1425 vallavit:

225 1444 322 1471 nocte
354 1439 475 1470 deinde
507 1439 715 1470 commutatis
745 1439 868 1479 copiis,
901 1442 1053 1469 manente
1082 1440 1260 1479 praetorio
1293 1441 1326 1468 z'n
1358 1437 1539 1469 maioribus
1566 1439 1691 1469 castris
1713 1441 1750 1467 ut

221 1485 427 1525 fallerentur
451 1483 578 1520 hostes,
610 1484 681 1524 ipse
707 1493 819 1514 omnes
842 1486 960 1524 copias
984 1484 1104 1515 eduxit
1128 1486 1162 1514 et
1185 1485 1218 1514 in
1242 1481 1415 1514 radicibus
1437 1482 1611 1524 praedicti
1631 1483 1750 1514 montis

225 1530 408 1566 constituit,
435 1528 605 1570 divisoque
623 1530 773 1570 equitatu
796 1529 975 1569 praecepit
1000 1528 1042 1559 L.
1069 1526 1231 1567 Quinctio,
1253 1531 1390 1568 partem
1406 1526 1578 1568 Spartaco
1601 1526 1752 1559 obiceret

221 1583 405 1616 puynaque
430 1584 500 1605 eum
521 1573 766 1614 frustraretur,
790 1577 893 1614 parte
919 1575 987 1604 alia
1007 1573 1120 1604 Gallos
1147 1572 1395 1614 Germanosque
1420 1582 1467 1604 eoe
1486 1572 1639 1612 factione
1658 1571 1753 1604 Casti

227 1623 260 1650 et
287 1619 430 1651 Gannici
452 1620 590 1650 eliceret
615 1618 662 1649 ad
682 1627 826 1659 puynam
851 1622 885 1648 et
907 1627 1021 1659 puyna
1043 1619 1198 1649 simulata
1223 1618 1422 1653 deduceret,
1456 1616 1514 1648 ubi
1541 1620 1614 1658 ipse
1646 1617 1750 1648 actem

226 1667 460 1696 instruxerat:
493 1673 574 1705 quos
606 1674 675 1693 cum
706 1662 847 1694 barbari
877 1664 1020 1694 insecuti
1049 1667 1160 1694 essent
1190 1664 1300 1704 equite
1332 1662 1513 1694 recedente
1543 1662 1578 1693 in
1607 1670 1747 1701 cornua,

225 1708 334 1740 subito
366 1711 457 1740 acies
490 1708 639 1740 [fontana
670 1708 840 1748 adaperta
870 1718 940 1739 cum
971 1710 1116 1739 clamore
1146 1709 1374 1748 procucurrit.
1428 1706 1582 1749 Triyinta
1606 1708 1750 1749 quinque

226 1754 317 1785 milia
341 1756 546 1785 armatorum
570 1762 608 1785 eo
633 1754 763 1793 proelio
789 1752 973 1793 interfecta
1003 1763 1073 1783 cum
1101 1753 1184 1794 ipsis
1209 1751 1346 1783 ducibus
1370 1752 1485 1783 Livius
1508 1751 1631 1788 tradit,
1657 1761 1751 1783 rece-

222 1803 306 1840 ptas
330 1799 471 1840 quinque
497 1798 665 1830 Romanas
689 1797 835 1839 aquilas,
861 1799 958 1838 siyna
980 1807 1046 1829 seoe
1070 1801 1102 1828 et
1126 1798 1258 1838 viyinti,
1284 1798 1384 1828 nuclta
1406 1797 1527 1837 spolia,
1553 1798 1642 1828 inter
1664 1805 1751 1838 quae

228 1845 371 1885 quinque
393 1843 509 1883 fasces
533 1853 603 1874 cum
626 1842 810 1874 securibus.
859 1842 962 1881 Quae
987 1841 1197 1874 testimonia
1222 1852 1294 1874 non
1318 1841 1409 1872 nihil
1433 1841 1530 1872 inter
1553 1851 1592 1873 se
1609 1840 1750 1873 diissen-

226 1888 359 1919 tientia
384 1888 415 1919 si
441 1887 801 1925 consideraverimus,
827 1897 910 1918 num
936 1887 980 1918 de
1006 1887 1132 1918 eodem
1149 1886 1285 1928 proelio
1304 1886 1350 1918 ab
1367 1885 1566 1917 Plutarcho
1585 1888 1621 1917 et
1637 1884 1750 1917 Fron-

227 1933 305 1964 tino
330 1932 484 1971 dicatur,
510 1925 658 1963 du‘oium
682 1931 837 1964 videtur.
886 1932 979 1963 Nam
1005 1942 1049 1963 ex
1065 1931 1255 1963 Plutarchi
1279 1930 1488 1962 narratione
1511 1930 1548 1962 id
1573 1929 1751 1972 proelium

228 1977 354 2009 statim
379 1978 518 2008 factum
541 1976 687 2008 videtur
712 1986 805 2016 esse,
832 1985 912 2008 cum
937 1976 1091 2008 insidiae
1109 1976 1147 2007 in
1164 1975 1243 2007 loco
1262 1976 1360 2007 edito
1376 1976 1519 2017 positae
1547 1985 1568 2007 a
1591 1974 1750 2006 mulieri—

228 2022 295 2053 bus
321 2022 460 2053 duabus
488 2021 605 2054 Gallis
630 2022 798 2053 detectae
825 2023 965 2060 essent,
998 2020 1168 2052 videntur
1198 2020 1346 2062 fugitivi
1376 2020 1442 2051 illa
1474 2030 1538 2052 sex
1566 2019 1750 2053 milia'ar-

228 2070 407 2099 matorum
438 2067 566 2108 inpetu
597 2066 768 2107 petiisse,
809 2068 866 2096 set
899 2064 1053 2096 Crassus
1085 2064 1223 2096 auxilio
1256 2065 1452 2097 adcurrens
1483 2065 1751 2107 gravissumam

229 2111 371 2143 cladem
396 2111 566 2142 edidisse.
614 2111 716 2149 Quae
743 2120 807 2141 sex
831 2109 933 2141 milia
959 2112 1179 2142 armatorum
1194 2120 1266 2142 non
1282 2113 1433 2151 possunt
1458 2119 1539 2142 esse
1560 2108 1749 2142 duodecim

229 2155 414 2194 cohortes,
447 2164 537 2196 quas
568 2155 768 2186 Frontinus
795 2155 913 2196 priore
945 2154 1025 2187 loco
1057 2158 1320 2194 conmemorat,
1360 2165 1428 2196 quo
1459 2155 1496 2186 in
1528 2163 1648 2186 errore
1681 2153 1753 2186 fuit

228 2200 351 2231 Drum.
379 2200 429 2231 IV
453 2210 488 2241 p.
514 2198 575 2239 803
600 2209 685 2230 nam
711 2209 778 2231 eae
803 2209 874 2231 non
899 2199 936 2230 in
961 2199 1042 2231 loco
1073 2199 1170 2231 edito
1195 2199 1431 2238 conlocatae,
1464 2201 1521 2231 set
1543 2201 1627 2242 post
1650 2200 1753 2240 mom,

227 2249 302 2276 tem
327 2244 600 2276 circummissae
626 2246 720 2284 sunt,
747 2254 863 2286 neque
891 2255 912 2276 a
937 2244 1103 2286 fugitivis
1127 2254 1278 2286 pressae
1305 2244 1430 2276 Crassi
1455 2244 1591 2276 auxilio
1614 2243 1750 2276 libera-

227 2292 301 2329 tae,
335 2291 392 2321 set
424 2289 470 2320 ab
501 2291 605 2331 tergo
638 2298 718 2320 eum
745 2288 898 2320 Crassus
929 2289 1003 2320 iam
1028 2289 1167 2331 proelio
1191 2289 1391 2331 inplicatus
1416 2292 1531 2329 esset,
1563 2289 1750 2320 incurrem

226 2338 283 2365 tes
307 2343 514 2369 maxumam
539 2337 700 2375 stragem
725 2333 862 2365 fecere.
910 2334 965 2365 Ad
991 2344 1083 2375 quae
1111 2334 1266 2374 adeedit,
1294 2334 1388 2376 quod
1412 2343 1505 2376 quae
1530 2332 1751 2367 Plutarchus

227 2379 272 2410 de
303 2378 454 2410 mortuis
484 2381 628 2418 narrat,
661 2388 806 2420 prorsus
836 2382 1043 2420 repugnant
1081 2379 1248 2410 Frontini
1285 2379 1407 2411 verbis
1440 2382 1477 2410 ut
1505 2378 1625 2421 ubique
1652 2378 1748 2422 fuya,

226 2426 386 2466 nusquam
409 2434 522 2465 pugna
545 2427 794 2464 capesseretur.
844 2423 908 2456 Set
933 2423 1086 2455 cumbis
1109 2434 1254 2466 prorsus
1273 2424 1504 2462 conveniunt,
1531 2433 1626 2465 quae
1646 2422 1745 2455 Plut.

228 2468 271 2500 de
296 2468 415 2510 priore
440 2468 579 2510 proelio
606 2468 651 2499 ad
675 2468 864 2499 Lucaniae
882 2468 1002 2499 laeum
1022 2468 1201 2500 conmisso
1225 2469 1421 2501 memoriae
1446 2467 1622 2511 prodidit:
1650 2461 1748 2500 Tod-

227 2523 306 2550 τοις
332 2507 505 2545 ἐπελθών
529 2506 548 2544 ὁ
575 2506 748 2554 Κράσσος
773 2506 905 2552 ἐξέωσε
937 2508 1006 2554 μὲν
1036 2506 1113 2547 οἷπὸ
1138 2512 1205 2566 τῆς
1230 2512 1377 2556 λίμνης,
1404 2506 1589 2564 ἀφῃρέθη
1612 2507 1657 2546 δὲ
1681 2507 1749 2544 τὸν

228 2553 351 2600 φόνον
375 2554 442 2590 καὶ
464 2552 535 2600 τὴν
553 2555 685 2597 δίωξιν
703 2550 828 2588 αὐτῶν
845 2551 1098 2599 ἐπιφανέντος
1115 2552 1228 2597 ὀξέως
1245 2557 1313 2590 τοῦ
1338 2557 1571 2599 Σπαρτακου
1595 2554 1661 2590 καὶ
1677 2552 1748 2600 τήν

227 2598 357 2645 φυγὴν
382 2597 663 2644 ἐπιστήσαντος.
704 2601 809 2641 Quod
825 2602 857 2633 si
882 2612 946 2643 per
969 2612 1008 2633 se
1034 2602 1111 2634 veri
1129 2602 1246 2634 simile
1265 2606 1331 2641 est,
1358 2603 1573 2634 Frontinum
1591 2602 1636 2634 de
1661 2602 1747 2634 atti-

227 2647 320 2679 ficiis
347 2647 473 2679 eodem
497 2647 634 2689 proelio
661 2647 706 2678 ab
733 2646 859 2678 eodem
884 2646 975 2678 duee
1002 2646 1174 2679 adhibitis
1199 2647 1354 2679 divorsis
1372 2647 1462 2679 locis
1480 2647 1659 2679 dicturum
1675 2656 1748 2679 non

227 2692 353 2730 fuisse,
379 2702 498 2734 paene
524 2696 661 2724 eertum
678 2691 821 2724 videtur
837 2691 993 2733 priorem
1018 2692 1096 2723 eius
1113 2691 1231 2723 locum
1251 2692 1295 2723 ad
1314 2692 1426 2723 aliam
1441 2702 1612 2734 pugnam,
1640 2698 1747 2734 quam

229 2737 382 2769 alterum
407 2737 639 2769 referundum
664 2746 757 2768 esse.
807 2736 870 2768 Set
892 2746 977 2768 num
1000 2736 1119 2778 regio,
1154 2737 1192 2768 in
1225 2747 1295 2778 qua
1325 2737 1504 2778 proelium
1529 2735 1770 2778 conmissum-

227 2785 294 2821 est,
321 2785 421 2814 recte
446 2782 635 2813 nominata
659 2782 708 2813 sit
738 2782 786 2813 ad
811 2781 1023 2813 Calamatium
1047 2781 1235 2822 (montem),
1270 2791 1317 2813 an
1345 2781 1463 2813 lateat
1486 2782 1523 2813 in
1549 2792 1591 2814 eo
1619 2790 1747 2814 conru-

227 2826 329 2866 ptela
355 2826 416 2867 (ad
440 2826 561 2858 laeum
585 2824 824 2868 Lucaniae?)‚
851 2836 893 2858 eo
919 2825 1035 2858 minus
1061 2825 1270 2858 discernere
1297 2826 1414 2860 audeo
1440 2827 1534 2868 quod
1557 2836 1678 2868 neque
1701 2825 1746 2859 de

228 2870 289 2901 illo
314 2870 411 2910 lacu,
438 2874 556 2912 neque
581 2871 625 2902 de
652 2870 857 2903 Calamatio
874 2870 989 2903 multa
1003 2871 1218 2913 perquirens
1237 2871 1615 2924 quidquanrinvenire
1633 2871 1746 2914 potui.

226 2914 350 2946 Altero
368 2915 446 2947 loco
466 2916 622 2948 fortasse
641 2917 687 2948 ad
704 2916 919 2948 Calamatium
935 2920 1074 2948 montem
1090 2925 1213 2948 verum
1233 2919 1299 2956 est,
1327 2926 1407 2947 cum
1431 2927 1468 2948 m
1486 2919 1607 2948 monte
1624 2916 1747 2949 hostes
