1838 3288
234 242 311 282 134
442 252 741 279 ms'romARVM
774 251 946 278 INOERT.
980 251 1153 278 menon.
1185 252 1327 283 Rama.
1359 246 1539 282 61—69.

345 354 389 392 61
430 352 517 404 [ΚΓ.
543 356 598 387 27.
639 353 678 388 G.
701 353 744 388 lV
765 350 849 403 29].
917 351 971 390 lta
1011 355 1144 402 sperat
1183 350 1286 391 illam
1317 362 1489 403 pugnam
1519 363 1593 403 pro
1623 353 1752 392 omine

231 420 325 460 belli
356 419 539 459 futuram.
929 416 931 418 ’

345 486 446 517 Serv.
475 485 519 516 ad
544 485 654 527 Verg.
680 485 722 516 A.
749 485 766 516 Ι
790 484 875 517 456:
909 486 1001 518 Sane
1029 496 1144 528 puyna
1175 488 1359 528 temporale
1390 490 1581 524 certamem
1610 487 1697 519 idem
1720 491 1755 519 et

228 532 392 573 proelium
408 530 595 570 εἰῃηίβῖοαω
612 529 727 562 bellum
745 534 853 562 autem
870 533 1017 563 universi
1031 532 1191 573 temporis
1212 532 1346 571 dicitur,
1373 535 1408 562 ut
1425 531 1592 568 Punicum,
1620 531 1755 564 Mithri-

232 577 387 608 daticum.
437 574 636 607 Sallustius:
667 575 720 607 ita
751 579 901 618 separat
933 586 1091 618 pugnam
1122 575 1222 608 illam
1248 587 1312 619 pro
1338 576 1435 608 omni
1459 575 1556 608 bello
1581 576 1752 609 futuram.

231 619 330 652 Nihil
356 630 399 651 ex
416 620 644 661 praegressis
662 620 706 652 de
723 619 817 659 loeo,
843 619 906 652 ubi
922 620 1016 652 haec
1033 621 1147 653 verba
1168 621 1307 663 seripta
1325 620 1472 659 fuerint,
1500 620 1619 653 conici
1634 631 1754 664 posse,

232 664 292 698 vel
315 664 399 696 inde
426 665 599 706 adparet,
633 665 726 707 quod
757 665 882 697 statim
913 666 1143 708 subiungitur
1172 665 1275 699 loeus
1300 666 1382 698 Livi
1414 666 1458 698 de
1483 665 1623 707 Pyrrho
1654 676 1753 709 rege.

231 710 333 742 Idem
360 709 405 741 ad
429 710 462 741 X
485 708 569 742 311:
607 709 705 742 Omen
736 720 888 752 puqnaae
921 710 1118 743 Sallustius.-
1143 721 1304 753 pugnam
1328 710 1432 742 illam
1457 721 1520 753 pro
1546 711 1664 743 omine
1691 710 1753 752 [al.

232 753 405 796 ominibus]
431 753 529 786 bello
557 752 618 796 [al.
645 753 733 797 belli]
761 755 932 787 futuram.
982 755 1037 787 An
1062 755 1174 798 igitur
1191 755 1440 788 scribundum:
1461 766 1530 798 pro
1548 758 1654 788 omine
1671 758 1760 790 omni

233 800 317 832 bello
338 800 513 840 futuram?

349 867 401 905 62
435 866 522 919 [Kr.
546 871 602 904 28.
641 869 679 904 G.
703 869 747 904 IV
768 866 853 919 25].
919 867 995 908 Ubi
1033 867 1151 907 multa
1186 867 1355 907 nefanda
1395 879 1488 907 casu
1528 879 1647 919 super
1677 869 1761 908 ausi

234 939 351 985 atque
382 935 496 987 passi.

347 1002 463 1034 Prisc.
489 1002 574 1034 XIV
600 1013 634 1045 p.
660 1001 722 1034 46:
756 1001 935 1034 Sallustius
967 1012 1046 1034 vero
1078 1003 1113 1034 in
1136 1003 1287 1035 historiis
1311 1002 1503 1035 adverbium
1531 1002 1595 1035 hoe
1614 1005 1759 1045 protulit

234 1047 296 1078 ubi
315 1065 355 1069 —-
373 1047 475 1089 passi
496 1045 682 1090 [nefandae
706 1046 806 1086 libri;
834 1047 974 1079 emend.
995 1045 1119 1089 Ger1.].
1162 1048 1223 1080 Set
1244 1048 1322 1079 mila·
1335 1049 1466 1080 videtur
1483 1047 1662 1080 Sallustius
1679 1059 1759 1091 quo-

236 1103 297 1135 que
322 1094 395 1125 loco
419 1093 684 1134 praepositionis
708 1093 771 1124 hoe
793 1096 1021 1134 praepostere
1043 1095 1239 1134 protulisse.

349 1159 400 1199 63
434 1158 514 1212 [ΚΓ.
540 1164 595 1197 29.
623 1162 661 1197 G.
683 1162 712 1198 11
735 1158 811 1212 55].
869 1158 955 1205 Quo
988 1160 1167 1212 cupidius
1207 1161 1246 1199 in
1285 1171 1353 1199 ore
1380 1160 1489 1199 ducis
1526 1172 1568 1200 se
1593 1161 1758 1212 quisque

235 1227 384 1266 bonum
415 1230 453 1266 et
481 1231 687 1266 strenuum
716 1230 967 1266 ostentantes

349 1293 451 1327 Serv.
479 1294 525 1326 ad
542 1295 651 1336 Verg.
670 1294 712 1326 A.
731 1294 764 1326 X
781 1292 862 1326 370:
891 1293 1014 1326 Melius
1041 1290 1167 1332 ‘’ducis',
1195 1305 1291 1336 quam
1314 1296 1346 1326 si
1369 1295 1516 1327 diaeisset
1541 1295 1675 1336 ‘re9i3'‚·
1699 1295 1761 1327 hoe

237 1342 321 1371 enim
346 1349 462 1371 nomen
485 1340 653 1381 significat
677 1340 849 1371 ducentem
879 1340 912 1370 in
940 1341 1094 1380 proelia:
1126 1338 1323 1371 Sallustius:
1356 1349 1425 1381 quo
1450 1357 1494 1361 —
1517 1342 1757 1372 ostentantes.

238 1384 314 1416 Non
339 1384 428 1415 dix-it
453 1386 696 1425 ‘proconsulis'.
746 1383 832 1416 Isid.
852 1383 953 1425 Orig.
972 1384 1023 1415 IX
1041 1383 1073 1424 3,
1093 1383 1136 1414 22
1160 1395 1194 1426 p.
1214 1382 1280 1416 298
1305 1384 1343 1415 in
1367 1383 1516 1416 relicuis
1535 1394 1615 1416 cum
1633 1383 1759 1417 Servio

238 1429 470 1461 consentiens
495 1429 616 1461 omisit
640 1433 674 1460 et
697 1433 866 1461 strenuum
889 1432 1100 1461 ostentantes
1125 1432 1161 1460 et
1187 1428 1340 1460 adiecit:
1366 1439 1432 1461 non
1449 1429 1540 1461 diaeit
1556 1432 1590 1461 in
1607 1438 1667 1461 ore
1683 1439 1760 1462 eon-

236 1475 328 1505 sulis.
362 1473 451 1505 Cum
467 1473 684 1506 Gerlachius
704 1474 900 1505 etiamnum
918 1473 1109 1505 Debrossii
1126 1474 1357 1513 sententiam,
1373 1474 1467 1506 haee
1489 1474 1534 1506 de
1552 1474 1596 1514 Q.
1609 1473 1760 1507 Metello

239 1519 339 1550 dieta
365 1517 497 1558 fuisse,
523 1521 669 1558 teneat,
696 1518 810 1550 liceat
835 1518 946 1550 aliam
971 1518 1208 1560 suspitionem
1233 1518 1324 1550 haut
1346 1518 1673 1561 inprobabiliorem
1698 1519 1759 1551 ob-

237 1573 391 1605 ponere:
419 1563 520 1595 dicta
544 1563 658 1595 fuisse
684 1563 728 1595 de
754 1563 894 1605 proelio
921 1563 967 1595 ad
992 1563 1294 1606 Tigranocertam
1320 1563 1512 1604 conmisso,
1539 1563 1603 1596 ubi
1627 1564 1670 1596 L.
1689 1564 1759 1596 Lu-

240 1608 356 1640 cullus
373 1612 566 1650 postquam
584 1618 664 1640 eum
682 1608 821 1640 duabus
841 1608 1048 1640 cohortibus
1066 1607 1185 1640 locum
1204 1608 1338 1640 editum
1356 1609 1565 1651 occupavit,
1593 1609 1760 1641 omnibus

238 1653 437 1694 militibus,
465 1653 694 1685 adclamans:
719 1655 862 1690 vic-imus,
889 1653 1027 1685 animos
1053 1653 1192 1684 addidit
1216 1652 1355 1694 (Drum.
1380 1653 1430 1686 IV
1454 1664 1489 1696 p.
1517 1652 1608 1696 148).

354 1732 405 1770 64
440 1731 519 1784 [Kr.
544 1736 599 1769 30.
631 1733 670 1770 G.
697 1731 769 1784 13].
829 1732 954 1783 Atque
986 1744 1054 1771 eos
1085 1744 1106 1771 a
1133 1736 1245 1782 tergo
1273 1732 1538 1771 incurrerunt.

352 1798 468 1830 Rufin.
496 1799 539 1830 de
565 1799 699 1831 schem.
726 1811 760 1842 p.
786 1798 849 1831 261
878 1799 934 1831 ed.
961 1799 1129 1831 Frotsch.
1162 1799 1291 1841 Fiyura
1316 1810 1385 1841 per
1406 1800 1694 1841 praepositionem
1715 1804 1760 1838 tn,
1789 1819 1792 1821 Δ

238 1845 334 1876 mocio
352 1847 454 1876 semel
468 1849 501 1876 et
525 1846 722 1885 simpliciter
746 1847 867 1877 elatam
891 1862 933 1866 ——
959 1849 992 1876 et
1016 1845 1109 1885 apud
1131 1843 1342 1877 Sallustium:
1369 1848 1480 1886 atque
1506 1847 1588 1885 eet„
1615 1846 1714 1887 quasi
1727 1846 1761 1877 in

239 1900 298 1921 eos
323 1890 546 1921 incurrerunt.

354 1969 405 2007 65
439 1967 518 2020 [Kr.
541 1972 596 2005 31.
626 1970 663 2006 G.
688 1967 796 2020 144]
856 1967 1003 2019 Togam
1034 1967 1308 2019 paludamento
1336 1968 1508 2006 mutavit.

353 2041 526 2073 Adtulere
550 2041 677 2073 Isidor.
707 2040 766 2072 Or.
793 2041 880 2072 XIX
904 2041 958 2079 24,
984 2039 1006 2072 9
1030 2051 1064 2082 p.
1082 2039 1159 2072 604.
1187 2040 1287 2072 Serv.
1315 2040 1362 2071 ad
1385 2040 1495 2082 Verg.
1524 2040 1589 2073 Ge.
1609 2041 1627 2072 1
1643 2038 1678 2081 8,
1703 2044 1761 2073 set

240 2086 434 2127 subpresso
459 2086 604 2118 nomine
630 2085 817 2127 scriptoris
844 2088 880 2117 et
906 2096 984 2116 cum
1004 2084 1217 2126 conruptela
1237 2086 1361 2124 coium,
1388 2084 1509 2117 Schol.
1530 2085 1576 2117 ad
1593 2085 1758 2118 Iuvenal.

239 2129 272 2168 6,
299 2130 377 2162 400.
419 2131 524 2162 Haec
559 2131 716 2162 fortasse
743 2130 843 2161 dicta
869 2130 971 2162 fuere
997 2129 1040 2161 de
1067 2129 1111 2168 Q.
1137 2129 1317 2169 Sertorio,
1353 2129 1414 2171 qui
1446 2130 1492 2162 ab
1526 2130 1759 2173 eloquentiae

240 2175 367 2206 studiis
392 2185 431 2206 se
458 2175 504 2207 ad
528 2174 695 2206 militiam
721 2175 900 2206 convortit
925 2173 1034 2215 (Plut.
1061 2174 1154 2206 Sert.
1182 2173 1228 2215 2).

353 2252 406 2291 66
441 2252 520 2305 [ΚΓ.
545 2257 599 2290 32.
629 2254 667 2290 G.
695 2252 742 2305 l].
803 2252 933 2292 Pressi
962 2253 1134 2304 undique
1164 2252 1423 2292 multitudine.

351 2326 486 2358 Donat.
514 2326 560 2358 ad
583 2326 666 2357 Ter.
693 2325 759 2357 Ad.
784 2325 840 2357 111
863 2326 895 2365 2,
921 2326 959 2357 4:
995 2326 1071 2357 Cum
1095 2328 1270 2367 impressio
1295 2330 1347 2358 est
1369 2326 1526 2365 hostium,
1551 2327 1600 2359 sic
1624 2326 1758 2359 dicitur.

240 2370 435 2403 Sallustius:
459 2371 577 2412 pressi
602 2373 671 2402 eet.

353 2437 406 2476 67
439 2437 518 2490 [Kr.
544 2416 599 2475 3⁸3.
633 2439 671 2475 G.
695 2439 707 2475 I
731 2437 807 2490 33].
862 2437 1086 2477 Exercitum
1116 2442 1279 2488 argento
1310 2438 1413 2477 feeit.

353 2504 606 2537 Conmemorat
630 2506 683 2536 ita
709 2504 843 2536 dixisse
862 2504 1076 2536 Sallustium
1101 2508 1138 2536 et
1162 2505 1241 2547 ipse
1269 2505 1429 2548 explicat
1451 2508 1475 2538 i.
1493 2516 1522 2538 e.
1538 2507 1683 2548 pecunia
1697 2516 1759 2548 pa-

239 2553 327 2582 ravit
352 2550 435 2582 Sen.
453 2550 522 2592 Ep.
542 2560 629 2582 mor.
648 2550 733 2581 XIX
750 2549 771 2581 5
789 2548 900 2590 (114),
925 2548 975 2581 17.
1017 2550 1208 2582 Neminem
1224 2551 1391 2590 invenio,
1419 2551 1464 2583 de
1489 2561 1559 2593 quo
1582 2551 1621 2584 id
1638 2551 1759 2593 aptius

240 2595 374 2627 dietum
393 2595 515 2634 fuerit,
541 2605 648 2636 quam
670 2595 735 2627 Gn.
755 2594 977 2636 Pompeium,
997 2595 1059 2636 qui
1076 2594 1217 2627 iuvenis
1236 2598 1319 2627 ante
1339 2595 1465 2629 sullae
1481 2596 1520 2628 in
1535 2595 1687 2629 Italiam
1702 2606 1758 2629 re—

240 2641 354 2672 ditum
379 2640 454 2672 suis
480 2639 606 2682 opibus
633 2642 706 2672 tres
730 2639 897 2682 legiones
924 2639 1046 2682 coegit
1071 2639 1210 2680 (Drum.
1235 2640 1285 2672 IV
1310 2651 1345 2682 p.
1372 2639 1464 2681 327).

354 2719 406 2758 68
438 2717 518 2771 [Kr.
541 2723 596 2756 34.
622 2720 660 2756 G.
683 2720 726 2756 111
754 2717 827 2770 l5].
882 2717 1100 2757 Lusitaniae
1132 2728 1289 2768 gravem
1318 2719 1522 2764 civitatem.

353 2787 454 2817 Serv.
483 2786 528 2817 ad
552 2786 661 2827 Verg.
687 2785 730 2817 A.
755 2785 829 2817 XII
853 2784 929 2826 458,
953 2795 1090 2827 yravem
1115 2785 1303 2827 explicans
1329 2785 1472 2818 fortem.

354 2853 406 2892 69
438 2852 517 2905 [Kr.
543 2857 598 2891 35.
630 2854 669 2890 G.
687 2851 763 2905 50].
822 2852 866 2892 In
894 2852 1119 2904 Hispaniam
1145 2864 1295 2892 vorsus.

351 2920 466 2951 Prisc.
494 2930 571 2962 sup.
602 2919 641 2951 12
666 2930 779 2952 verss.
806 2920 916 2962 Vei-g.
942 2919 1031 2952 Aen.
1059 2931 1092 2962 p.
1122 2918 1211 2952 1283
1235 2919 1276 2951 P.

991 3070 1017 3102 b
