1852 3294
825 245 960 272 mnnx
1129 259 1131 261 ·
1567 226 1649 270 283

170 345 330 377 amrium
363 355 429 378 —a
446 346 613 378 facinora
630 345 658 378 C
674 345 730 388 51,
749 344 783 378 6.
822 357 889 378 —o
908 345 1059 379 consilio
1077 345 1106 378 C
1122 345 1178 387 52,
1196 343 1251 379 36.

171 391 290 431 nogito
305 390 329 422 J
349 390 423 431 111,
441 392 473 424 2.

170 435 400 476 neglegentia.
444 435 632 479 opulentia
661 435 935 479 neglegentiam
965 435 1151 469 tolerabat
1179 435 1207 468 C
1231 435 1295 476 52,
1318 433 1353 468 9.
1399 443 1487 467 vere
1511 442 1559 466 an
1582 443 1650 477 per

126 479 245 512 ——iam
261 480 297 511 H
312 481 362 513 IV
382 480 452 514 11.-

170 525 319 566 noglego
337 524 580 570 [neglegisset
594 526 619 559 J
634 525 689 566 40,
712 525 755 564 1].
797 526 883 559 deos
902 526 930 558 C
951 525 1003 568 10,
1021 527 1055 558 4.
1095 525 1214 569 legem
1233 525 1261 558 C
1279 525 1333 565 51,
1351 525 1407 558 24.
1448 524 1569 557 senati
1585 524 1648 557 de-

127 572 231 602 creta
246 568 270 602 J
287 570 343 612 40,
365 571 394 603 1.
436 581 504 604 sua
521 570 549 603 C
567 571 623 611 54,
641 572 673 604 4.
714 571 832 604 bonus
849 572 998 614 segnior
1013 570 1054 603 fit
1071 571 1102 603 si
1118 571 1297 614 neglegas
1312 571 1337 603 J
1353 569 1414 611 31,
1433 568 1488 602 28.

169 623 267 656 nego.
298 619 411 658 negat
427 626 467 648 se
483 616 743 659 pertimescere
759 617 785 649 J
805 615 879 657 106,
897 616 918 650 3
934 619 1020 650 conl.
1038 617 1074 648 H
1089 617 1107 649 Ι
1123 615 1178 658 48,
1201 615 1252 648 14.
1296 616 1354 649 cui
1377 618 1568 658 utrumque
1585 623 1649 647 ne-

127 663 283 702 gaverat
298 660 324 693 J
338 660 393 699 65,
411 660 433 693 3
449 664 536 696 conl.
554 660 609 702 64,
628 661 650 693 2
667 660 807 704 (paea).

169 706 366 746 negotiator
379 706 404 738 J
419 704 474 745 26,
493 705 526 739 3.
551 706 607 747 47,
626 706 659 739 2.
684 706 740 748 64,
758 706 792 739 5.
817 705 873 748 65,
893 707 925 740 4.

169 751 328 791 negotior-
343 750 371 783 Ο
388 750 444 792 40,
462 751 483 783 2
501 751 552 793 (in
571 750 723 794 Gallia).

168 796 375 837 negotium.
405 796 718 838 prudentissumus
737 797 853 839 quisq.
872 807 1038 830 maxume
1058 808 1091 829 n.
1112 799 1193 829 erat
1210 796 1238 829 C
1255 795 1288 838 8,
1307 796 1339 829 5.

168 841 351 881 nogotium.
381 844 495 882 ratus,
514 842 552 874 id
569 842 663 884 quod
679 844 866 885 negotium
883 843 1071 885 poscebat,
1090 842 1305 885 Iugurtham
1319 841 1456 875 auxilio
1470 842 1544 875 suis
1558 853 1647 875 ven·

123 887 243 917 turum
257 885 283 918 J
299 884 354 926 56,
368 885 397 918 1.
431 889 606 929 quantum
623 888 748 929 negoti
766 887 966 920 sustineam
982 888 1007 920 J
1021 887 1078 927 85,
1089 887 1121 920 3.
1155 887 1281 929 negoti
1297 887 1517 930 participem
1534 886 1645 920 Scau-

123 940 202 962 rum
216 930 241 962 J
257 929 318 972 29,
338 930 370 964 3.
412 931 499 964 talis
521 932 647 975 negoti
671 932 831 965 artifices
853 933 878 965 J
900 931 961 973 35,
980 933 1013 965 5.
1055 933 1172 965 facies
1195 932 1307 964 totius
1330 933 1458 975 negoti
1478 933 1504 965 J
1525 932 1588 971 51,
1617 931 1645 964 1.

123 975 250 1018 negoti
266 976 388 1018 gratia
403 987 601 1019 properare
625 977 648 1010 J
666 976 727 1017 76,
751 977 779 1009 1.
823 978 857 1010 ei
878 978 1026 1020 negotio
1050 978 1148 1010 diem
1171 987 1383 1020 proxumum
1406 978 1600 1010 constituit
1622 977 1646 1010 J

122 1018 186 1060 93,
203 1018 237 1052 8.
278 1021 427 1064 negotio
445 1023 588 1054 animus
606 1033 677 1054 non
695 1022 811 1054 defuit
828 1023 864 1054 H
879 1023 915 1055 H
930 1022 972 1055 41
984 1047 993 1061 ,
1014 1022 1044 1055 1.
1085 1022 1270 1055 Umbreno
1294 1023 1483 1065 negotium
1507 1023 1570 1055 dat
1592 1022 1646 1054 uti

123 1064 152 1097 C
169 1063 225 1106 40,
246 1065 274 1097 1.
316 1067 504 1109 negotium
529 1067 660 1110 exequi
684 1067 711 1099 C
730 1067 790 1106 43,
813 1067 828 1099 l
854 1070 939 1100 conl.
962 1068 999 1100 H
1014 1069 1046 1100 V
1060 1067 1094 1099 8.
1139 1085 1175 1090 —
1203 1077 1408 1099 maxumum
1433 1068 1646 1109 inposuistis

121 1110 146 1143 J
161 1109 217 1150 85,
236 1109 291 1142 28.
333 1111 379 1143 ad
403 1114 545 1144 tantum
567 1123 603 1144 n.
622 1112 750 1155 inpelli
767 1112 794 1144 C
812 1113 874 1153 44,
898 1112 926 1145 1.
968 1113 1015 1145 ad
1031 1113 1105 1145 tale
1123 1123 1158 1145 n.
1176 1113 1323 1145 mittere
1338 1113 1363 1145 J
1378 1112 1434 1151 85,
1456 1112 1507 1146 10.
1547 1115 1646 1156 post-

124 1165 230 1197 quam
245 1156 323 1198 lug.
344 1173 382 1179 —-
403 1167 571 1190 erescere
587 1158 706 1198 videt,
730 1157 969 1191 vehementer
993 1168 1036 1190 eo
1053 1158 1204 1200 negotio
1220 1160 1404 1200 permotus
1419 1158 1444 1190 J
1459 1157 1498 1197 6,
1517 1158 1550 1190 2.
1590 1157 1645 1190 ἰιι-

123 1200 224 1233 fecto
242 1202 390 1244 negotio
405 1202 430 1234 J
445 1201 501 1242 58,
520 1201 552 1234 7.
580 1202 656 1242 104,
677 1202 707 1235 1.
742 1202 866 1245 aliquo
883 1203 1032 1246 negotio
1051 1203 1078 1235 C
1093 1203 1128 1240 2,
1143 1202 1184 1243 9,
1210 1204 1277 1235 vid.
1299 1203 1410 1235 Coum.
1426 1214 1464 1245 p.
1486 1202 1562 1237 100.
1596 1203 1643 1235 ab

122 1255 157 1277 ιι.
175 1255 371 1288 numquam
387 1247 558 1289 voluptas
575 1251 758 1280 remorata
774 1249 799 1281 J
814 1247 858 1280 95
869 1273 877 1289 ,
896 1247 928 1280 3.
969 1258 1088 1290 neque
1108 1244 1257 1280 s‘enatus
1274 1247 1320 1279 de
1337 1247 1412 1280 ullo
1429 1258 1464 1280 n.
1482 1248 1645 1280 abnuere

123 1290 285 1323 audebat
300 1292 325 1324 J
337 1290 393 1334 84,
404 1288 438 1325 3.
471 1293 563 1324 iram
580 1293 826 1335 obpresserat,
846 1303 892 1325 ne
911 1303 984 1335 qua
1001 1303 1046 1325 ex
1065 1303 1107 1325 eo
1124 1303 1160 1324 n.
1178 1292 1310 1325 seditio
1327 1296 1490 1325 oreretur
1504 1293 1528 1325 J
1544 1293 1599 1334 72,
1615 1293 1644 1325 1.

122 1336 160 1367 in
176 1336 316 1368 minore
333 1347 369 1369 n.
386 1335 507 1380 legem
523 1338 666 1376 timere,
684 1338 722 1369 in
735 1339 873 1370 maiore
890 1338 1091 1380 neglegere
1109 1337 1137 1370 C
1151 1337 1270 1378 51,24.
1302 1338 1340 1370 in
1359 1348 1403 1370 eo
1419 1341 1496 1370 tam
1515 1348 1645 1380 aspero

121 1391 156 1412 n.
173 1381 198 1413 J
213 1379 270 1422 98,
291 1380 330 1414 1:
362 1388 400 1414 ut
415 1383 454 1414 in
470 1382 536 1414 tali
553 1393 590 1415 n.
605 1383 630 1414 J
648 1381 724 1422 107,
742 1381 775 1415 6.
818 1383 913 1425 quod
928 1383 967 1415 in
985 1382 1101 1415 atroci
1117 1393 1153 1414 11.
1171 1382 1267 1415 solet
1283 1382 1311 1414 C
1328 1381 1385 1423 29,
1403 1383 1425 1414 2
1447 1386 1534 1416 conl.
1550 1386 1591 1415 ut
1606 1384 1645 1415 in

121 1425 306 1468 plerisque
323 1437 358 1460 n.
375 1427 470 1459 solet
486 1427 511 1460 J
526 1427 588 1466 25,
609 1426 641 1460 3.
690 1428 795 1468 Quae
818 1428 971 1471 negotia
995 1428 1106 1460 multo
1130 1428 1248 1470 magis
1271 1428 1462 1460 terrebant
1482 1428 1508 1460 J
1530 1428 1590 1469 54,
1609 1428 1643 1461 3.

121 1471 350 1514 negotiorum
367 1477 514 1505 curator
529 1472 554 1505 J
570 1471 625 1512 71,
644 1472 676 1506 3.
708 1473 870 1515 negotiis
885 1473 1051 1506 intentus
1069 1472 1096 1505 C
1115 1473 1170 1513 54,
1189 1473 1211 1504 4
1229 1472 1467 1515 (amicorum).
1490 1474 1515 1506 J
1531 1472 1593 1513 89,
1612 1473 1644 1506 3.

109 1526 215 1558 quae
232 1526 292 1549 res
308 1519 414 1549 tanta
431 1518 583 1560 negotia
601 1518 835 1551 sustinuisset
852 1518 880 1550 C
898 1517 952 1558 53,
970 1519 1003 1550 2.
1038 1518 1183 1561 culpam
1205 1522 1350 1551 actores
1370 1518 1416 1550 ad
1443 1529 1508 1550 —a
1524 1522 1644 1551 trans-

123 1561 246 1594 ferunt
260 1562 286 1594 J
303 1561 334 1602 1,
350 1562 385 1595 4.
418 1563 465 1594 ad
483 1562 692 1595 simulanda
708 1581 752 1586 ——
768 1574 803 1596 n.
823 1562 978 1596 altitudo
995 1563 1123 1605 ingeni
1139 1563 1368 1596 incredibilis
1386 1564 1410 1596 J
1426 1562 1514 1603 95,3
1533 1564 1644 1597 Coum.

119 1617 154 1648 p.
173 1605 230 1639 28.
269 1606 366 1639 inter
382 1607 478 1640 haec
495 1619 529 1640 n.
547 1609 571 1641 J
587 1608 648 1647 47,
668 1607 701 1641 3.
740 1609 806 1641 ubi
827 1609 1009 1652 potuisset
1024 1619 1091 1651 per
1106 1619 1142 1640 n.
1159 1608 1310 1651 publica
1326 1608 1351 1641 J
1367 1607 1430 1649 64,
1449 1608 1481 1642 3.
1523 1609 1561 1641 in
1580 1619 1644 1641 eas

121 1652 294 1695 regiones
316 1662 383 1694 per
404 1653 685 1696 Leptitanorum
709 1664 778 1685 —a
800 1653 965 1686 venimus
987 1653 1011 1686 J
1034 1653 1095 1694 79,
1125 1654 1155 1686 1.
1197 1653 1361 1696 periculo
1386 1657 1459 1696 atq.
1483 1655 1644 1697 negotiis

121 1699 333 1739 conpertum
358 1701 414 1729 est
435 1697 474 1730 in
496 1698 594 1730 bello
613 1715 650 1720 —
671 1698 699 1730 C
716 1698 754 1738 2,
774 1699 806 1731 2.
848 1709 894 1731 ex
917 1698 1003 1731 aliis
1026 1709 1062 1730 n.
1088 1709 1182 1741 quae
1201 1699 1349 1742 ingenio
1367 1703 1584 1732 exercentur
1601 1718 1643 1723 —

121 1742 296 1774 memoria
313 1752 431 1774 rerum
450 1746 635 1785 gestarum
650 1743 674 1775 J
690 1743 729 1782 4,
751 1742 782 1775 1.
823 1743 941 1776 maius
965 1743 1189 1776 commodum
1215 1754 1259 1776 ex
1283 1744 1357 1776 otio
1375 1754 1456 1776 meo
1475 1754 1582 1786 quam
1601 1754 1645 1777 ex

122 1785 276 1819 aliorum
297 1787 376 1819 —is
401 1791 591 1820 venturum
608 1788 632 1819 J
648 1788 680 1827 4,
699 1789 732 1822 4.
774 1787 909 1821 Crasso
935 1798 980 1820 ex
1003 1789 1157 1831 privatis
1174 1799 1209 1821 n.
1229 1789 1379 1821 obnoxii
1397 1788 1425 1821 C
1443 1788 1503 1830 48,
1523 1789 1557 1822 5.
1598 1789 1644 1822 de

121 1832 265 1863 eunetis
282 1843 316 1864 n.
337 1832 547 1876 disceptare
563 1833 587 1866 J
607 1832 659 1871 11,
674 1833 707 1866 2.
750 1833 794 1865 de
812 1834 1052 1866 conmunibus
1075 1844 1110 1866 n.
1129 1833 1270 1866 consuli
1287 1834 1311 1866 J
1331 1833 1404 1874 105,
1422 1834 1451 1867 1.

164 1884 260 1909 nemo
278 1877 464 1919 ingenium
482 1878 560 1911 sine
579 1889 730 1920 corpore
749 1878 948 1911 exercebat
966 1878 993 1910 O
1011 1877 1044 1918 8,
1063 1878 1096 1910 5.
1139 1896 1176 1901 —
1196 1879 1350 1921 ignavia
1365 1879 1572 1912 inmortalis
1589 1880 1644 1912 fa—

121 1924 200 1954 ctus
219 1925 275 1954 est
291 1922 315 1954 J
331 1921 386 1962 85,
405 1922 460 1955 49.
502 1926 543 1955 ut
559 1933 595 1955 n.
612 1924 749 1956 frustra
766 1942 807 1947 —
826 1924 1001 1966 petiverit
1019 1923 1046 1956 C
1064 1922 1127 1965 34,
1146 1923 1178 1957 3.
1221 1934 1371 1966 quorum
1388 1935 1495 1957 nemo
1511 1935 1584 1957 non
1602 1942 1643 1948 -—

121 1969 319 1999 mutaverit
335 1968 371 1999 H
387 1969 405 2000 Ι
420 1966 478 2008 48,
495 1968 529 2000 7.
570 1979 676 2001 nemo
694 1969 764 2000 nisi
783 1969 899 2001 vietor
914 1979 1007 2011 pace
1024 1968 1161 2001 bellum
1177 1969 1334 2001 mutavit
1352 1969 1379 2001 C
1396 1969 1452 2010 58,
1474 1969 1526 2002 15.
1567 1980 1644 2002 mu-

119 2010 250 2044 nificus
273 2022 308 2045 n.
332 2012 534 2055 putabatur
556 2014 629 2046 nisi
652 2014 792 2056 pariter
814 2013 944 2047 volens
968 2014 993 2046 J
1019 2013 1098 2055 103,
1118 2012 1150 2047 6.
1190 2016 1340 2057 praeter
1361 2015 1484 2058 regios
1500 2015 1644 2058 equites

120 2067 224 2090 nemo
249 2058 406 2090 omnium
429 2059 667 2091 Numidarum
692 2077 732 2082 -—
759 2059 924 2101 sequitur
938 2059 963 2092 J
978 2059 1041 2100 54,
1059 2059 1092 2092 4.
1132 2069 1167 2091 n.
1193 2060 1352 2092 omnium
1375 2060 1539 2092 intactus
1561 2071 1644 2103 pro-

121 2102 218 2144 fugit
233 2102 258 2134 J
273 2103 329 2143 54,
342 2102 394 2135 10.
436 2103 648 2136 libertatem
666 2114 772 2136 nemo
788 2104 905 2136 bonus
922 2104 996 2136 nisi
1015 2113 1096 2137 cum
1114 2104 1238 2136 anima
1256 2105 1379 2137 amisit
1397 2105 1424 2137 C
1442 2104 1498 2146 33,
1516 2105 1538 2137 4
1554 2108 1641 2138 conl.

120 2147 155 2178 H
171 2147 206 2179 Π
222 2147 276 2187 41,
298 2147 351 2180 11.
384 2158 498 2182 novos
514 2159 620 2182 nemo
637 2152 712 2182 tam
730 2149 851 2182 clarus
869 2152 962 2190 erat,
981 2149 1068 2191 quin
1085 2168 1127 2172 —
1145 2149 1170 2182 J
1185 2148 1240 2190 63,
1260 2150 1292 2182 7.
1326 2150 1519 2193 pecuniam
1537 2160 1643 2183 nemo

120 2192 270 2234 sapiens
290 2194 501 2236 concupivit
519 2193 547 2226 C
569 2194 627 2235 11,
646 2193 677 2227 3.
717 2195 790 2226 nisi
813 2195 867 2226 eis
892 2194 953 2236 qui
975 2194 1102 2228 videre
1126 2195 1264 2227 nemini
1288 2195 1483 2228 credibilia
1506 2199 1592 2228 sunt
1615 2195 1643 2228 C

122 2234 175 2277 13,
197 2236 226 2269 1.
259 2238 398 2270 nemini
415 2239 597 2271 oecultum
616 2243 672 2271 est
688 2239 713 2272 J
729 2239 783 2280 24,
803 2239 835 2271 5.

163 2291 366 2315 nemorosus.
397 2283 495 2316 valle
512 2284 675 2327 virgulta
691 2294 954 2326 nemorosaque
970 2284 1007 2316 H
1023 2285 1036 2317 i
1052 2285 1108 2317 42.

163 2336 287 2359 nemus.
317 2328 444 2360 urbem
460 2329 638 2361 inclutam
658 2346 695 2351 —
714 2340 861 2362 nemore
878 2330 914 2362 H
929 2330 947 2362 Ι
963 2329 1019 2363 80.

164 2381 266 2412 nepos
282 2373 306 2404 J
325 2372 377 2413 14,
395 2373 428 2404 2.
446 2372 479 2405 6.
504 2373 560 2414 35,
581 2373 610 2406 1.
636 2373 691 2415 65,
713 2373 743 2407 1.
762 2373 795 2407 3.

164 2425 278 2457 noque.
317 2417 413 2450 hune
444 2418 569 2451 lubido
589 2437 630 2442 -
655 2420 846 2453 invaserat
875 2430 994 2463 neque
1025 2420 1063 2453 id
1087 2421 1216 2463 quibus
1240 2421 1356 2453 modis
1381 2421 1644 2463 adsequeretur

120 2461 314 2503 quiequam
331 2463 435 2505 pensi
452 2463 617 2496 habebat
634 2463 663 2497 C
679 2464 711 2503 5,
729 2463 752 2497 6
767 2467 852 2498 conl.
874 2464 925 2506 12,
939 2465 972 2498 4.
997 2465 1052 2506 20,
1071 2467 1104 2498 2.
1130 2466 1185 2505 39,
1204 2467 1236 2498 4.
1263 2466 1318 2507 40,
1338 2467 1370 2498 5.
1396 2465 1452 2507 48,
1471 2466 1493 2498 6
1509 2465 1641 2508 (neque

121 2506 278 2549 amplius
295 2509 380 2540 conl.
399 2508 435 2539 H
451 2509 470 2540 I
483 2508 532 2550 9).
558 2507 614 2549 51,
637 2508 689 2542 16.
707 2509 751 2543 34
768 2508 908 2552 (neque
925 2511 1026 2554 prius
1043 2513 1129 2543 conl.
1149 2511 1173 2543 J
1189 2512 1229 2550 4,
1247 2510 1295 2552 6).
1320 2512 1345 2544 J
1365 2510 1394 2551 l,
1414 2509 1446 2543 3.
1473 2511 1505 2551 2,
1525 2510 1546 2543 3
1564 2510 1641 2550 (ha-

119 2551 183 2583 bet
199 2555 335 2584 cuncta
350 2562 469 2595 neque
487 2553 567 2597 ipse
584 2553 765 2596 habetur).
791 2555 823 2595 3,
843 2554 874 2588 3.
903 2555 997 2597 10,1.
1028 2555 1078 2595 11,
1098 2555 1130 2588 9.
1161 2555 1211 2595 13,
1227 2556 1258 2587 5.
1289 2555 1340 2595 14,
1359 2556 1390 2586 7.
1416 2555 1515 2596 23,1.
1541 2555 1598 2596 24,
1607 2556 1640 2588 5.

118 2595 173 2636 25,
196 2595 247 2629 10.
273 2596 329 2637 35,
348 2598 381 2630 4.
407 2597 462 2638 36,
481 2598 514 2631 3.
539 2598 594 2637 50,
617 2599 646 2632 1.
664 2600 698 2632 4.
723 2600 778 2642 52,
794 2600 827 2633 5.
852 2600 951 2641 54,4.
977 2601 1032 2640 55,
1051 2601 1083 2633 4.
1109 2599 1164 2640 56,
1181 2600 1209 2631 1.
1234 2599 1322 2639 57,3
1340 2600 1472 2642 (neque
1491 2611 1536 2632 ea
1553 2600 1639 2641 res).

118 2640 182 2681 58,
204 2640 226 2674 3
250 2640 390 2685 (neque
413 2643 530 2685 inde).
562 2643 623 2683 60,
651 2643 680 2677 1.
713 2644 775 2686 64,
800 2645 834 2678 3.
865 2644 926 2685 82,
953 2645 985 2678 3.
1015 2645 1080 2685 91,
1103 2646 1136 2676 4.
1169 2644 1230 2685 94,
1257 2644 1289 2677 6.
1325 2644 1406 2681 106,
1430 2643 1464 2676 6.
1499 2644 1580 2684 107,
1611 2644 1639 2677 1.

122 2686 195 2726 112,
215 2686 247 2719 3.
273 2687 419 2727 ΗΙ41,
442 2688 470 2721 1.
491 2688 542 2721 18.
567 2688 629 2730 48,
648 2689 681 2723 8.
706 2690 761 2723 54.
786 2689 841 2723 86.
869 2691 923 2722 ΙΠ
939 2689 1000 2730 61,
1023 2689 1074 2721 10.
1099 2690 1149 2721 IV
1168 2689 1220 2721 12.
1247 2689 1309 2729 61,
1333 2688 1383 2721 10.
1407 2689 1457 2721 12.
1479 2689 1530 2721 17.
1571 2690 1642 2722 His

121 2742 189 2774 ego
198 2734 408 2775 praeceptis
418 2734 744 2768 militess‘hortabor
761 2746 878 2778 neque
895 2735 978 2767 illos
998 2738 1075 2766 arte
1095 2734 1213 2766 oolam
1230 2745 1286 2766 me
1302 2734 1502 2776 opulenter,
1522 2744 1641 2777 neque

119 2776 272 2818 gloriam
298 2787 417 2810 meam
439 2778 604 2811 laborem
626 2779 767 2812 illorum
792 2779 928 2812 faciam
955 2780 979 2811 J
1002 2778 1062 2817 85,
1082 2779 1138 2811 34.
1157 2778 1212 2811 39.
1244 2779 1278 2810 Η
1299 2779 1334 2810 11
1355 2778 1416 2817 41,
1435 2779 1466 2811 4.
1501 2779 1529 2811 C
1546 2780 1588 2820 2,
1606 2779 1639 2813 3.

118 2820 180 2861 23,
197 2821 230 2854 2.
255 2822 318 2863 27,
337 2823 370 2854 2.
395 2822 508 2864 33,1.
534 2823 596 2865 38,
615 2825 636 2856 4
659 2827 745 2857 conl.
769 2824 825 2864 11,
847 2825 878 2857 3.
904 2824 966 2863 52,
985 2823 1040 2855 21.
1065 2822 1120 2863 58,
1142 2823 1193 2855 10.
1226 2824 1321 2863 J24,
1340 2822 1372 2855 3.
1398 2823 1456 2863 41,
1473 2823 1505 2856 2.
1531 2824 1586 2865 51,
1605 2825 1639 2857 4.

119 2865 183 2906 74,
203 2865 219 2897 1
239 2865 379 2909 (Neque
397 2886 439 2891 —
457 2878 577 2910 neque
594 2887 636 2892 -
655 2868 744 2910 aut).
775 2868 837 2910 91,
858 2869 889 2900 7.
915 2867 978 2907 97,
997 2868 1030 2899 5.
1064 2869 1099 2900 Η
1115 2869 1132 2900 1
1148 2867 1210 2909 48,
1231 2867 1283 2900 16.
1325 2878 1414 2910 quos
1434 2869 1553 2902 Volux
1577 2869 1639 2902 ad—

119 2909 275 2943 duxerat
289 2921 409 2954 neque
429 2930 461 2936 -
488 2913 685 2946 adfuerant
701 2914 725 2946 J
743 2913 820 2955 101,
834 2913 866 2947 5.
900 2913 1054 2956 fatigati
1070 2914 1169 2956 regis
1186 2913 1377 2957 subplieiis
1393 2924 1511 2957 neque
1529 2918 1640 2948 antea
