1838 3288
797 250 932 277 mnax
1540 231 1619 271 207

57 348 64 354 “
109 348 134 381 J
150 347 206 389 31,
225 347 279 381 17.
320 348 392 381 nisi
409 366 451 373 -—
467 349 612 381 nondum
627 351 733 381 tenet
747 351 783 381 et
802 366 838 371 —
857 349 1008 391 placent
1023 348 1048 380 J
1064 346 1125 386 31,
1143 345 1198 378 20.
1239 344 1319 388 regi
1341 343 1481 376 infesta
1495 341 1622 385 plebes

110 397 191 427 erat
207 397 245 426 et
259 411 306 418 -
320 394 474 427 iubebat
489 395 513 427 J
529 393 584 435 33,
602 393 636 427 3.
677 394 808 426 sedare
826 397 943 427 motus
969 397 1006 426 et
1023 393 1162 426 animos
1179 401 1303 424 eorum
1317 389 1458 422 mollire
1473 389 1497 421 J
1514 387 1569 427 33,
1587 386 1620 420 3.

108 440 279 482 persequi
295 440 374 483 Iug.
391 443 428 472 et
443 439 582 472 mederi
598 440 787 472 fraternae
802 440 997 472 invidiaeJ
1004 438 1060 479 39,
1069 438 1102 470 5.
1127 436 1264 470 moveri
1280 435 1412 468 civitas
1425 437 1464 466 et
1478 450 1516 456 ·—
1536 433 1623 466 oriri

109 484 232 528 coepit
246 485 270 517 J
286 484 343 525 41,
364 484 406 517 10
420 495 514 527 susp.
554 485 744 518 vindicare
761 484 908 527 plebem
924 485 962 516 in
987 485 1197 516 libertatem
1214 485 1251 515 et
1265 490 1463 524 paucorum
1479 479 1623 530 scelera

109 531 327 572 patefacere
344 530 368 562 J
384 531 440 569 42,
461 531 491 562 1.
533 530 667 563 alteros
686 531 813 573 quovis
830 530 934 562 modo
951 530 1100 563 vincere
1119 532 1157 561 et
1171 529 1290 560 victos
1308 526 1478 559 acerbius
1493 524 1624 556 ulcisci

107 576 131 607 J
147 575 203 616 42,
213 576 247 607 4.
280 576 477 608 deditionis
494 577 601 619 signa
618 576 776 608 ostentui
794 576 943 607 credere
961 579 998 607 et
1014 574 1156 606 insidiis
1173 573 1291 605 locum
1304 570 1512 614 temptariJ
1523 567 1622 610 46,6.

109 621 414 654 conmonefacere
438 621 587 653 benifici
611 623 648 653 et
672 630 747 653 eum
769 621 887 664 ipsum
911 620 995 652 aliis
1023 623 1209 652 ostentare
1231 619 1255 650 J
1271 617 1332 657 49,
1350 617 1383 648 4.
1426 617 1496 648 iter
1521 625 1623 647 suum

108 670 353 699 remoraturos
376 669 414 698 et
435 685 479 690 -—
502 667 604 699 sitim
628 670 666 700 et
688 667 946 699 lassitudinem
968 668 1211 707 temptaturos
1226 664 1250 696 J
1266 662 1322 703 50,
1342 662 1372 693 1.
1412 662 1623 694 consedisse

109 711 183 743 iam
201 715 239 744 et
265 712 387 744 animo
411 722 568 745 vacuum
583 713 608 744 J
623 712 684 752 52,
703 711 736 744 6.
779 711 1010 754 aequabilem
1023 720 1181 742 >manere
1208 712 1245 741 et
1265 726 1307 731 —-
1332 707 1624 750 adpropinquare

107 757 131 789 J
148 756 204 798 53,
226 756 255 789 1.
298 757 357 789 cui
376 774 414 780 —
435 761 527 798 erat,
545 758 649 800 sequi
666 757 870 800 cogebatur
884 759 938 798 et,
959 756 1019 798 qui
1037 774 1072 778 —
1095 755 1330 797 nequiverat,
1350 771 1392 775 —
1410 753 1545 785 bellum
1561 761 1624 794 ge-

102 812 189 834 ¹rere
204 803 228 835 J
244 802 306 843 54,
324 801 358 834 8.
398 803 470 835 niti
486 803 698 846 corporibus
721 804 758 834 et
779 811 822 835 ea
836 802 907 834 huc
925 805 999 844 atq.
1019 801 1106 833 illuc
1125 800 1267 843 agitare
1283 800 1308 832 J
1320 797 1379 837 60,
1396 798 1430 832 4.
1469 798 1625 829 insidias

107 858 174 890 per
191 849 330 880 amicos
345 848 499 880 tendere
524 854 561 880 et
583 857 697 880 eorum
712 848 866 891 perfidia
884 865 921 870 —
941 849 996 879 uti
1010 848 1034 880 J
1051 845 1093 878 61
1105 870 1114 886 ,
1132 844 1165 878 3.
1207 845 1300 887 quod
1324 846 1568 886 conruperant
1590 844 1626 874 et

109 893 230 925 auimo
247 893 411 936 cupienti
426 894 514 926 nihil
530 895 622 926 satis
640 894 840 926 festinatur
855 893 879 925 J
895 891 950 933 64,
969 891 1002 925 6.
1038 892 1113 924 late
1130 909 1175 914 -
1189 891 1243 922 ire
1261 893 1299 922 et
1314 890 1422 932 signa
1437 888 1624 921 occultare

107 939 130 971 J
147 937 202 979 68,
222 939 255 970 4.
286 939 487 971 exercitum
503 939 656 972 ductare
674 943 712 971 et
728 939 844 972 omnis
860 949 919 971 res
939 955 976 960 —
997 937 1128 980 exequi
1143 937 1168 969 J
1184 935 1239 977 70,
1249 935 1280 967 2.
1316 935 1624 976 circumspectare

108 984 230 1016 omnia
249 987 287 1016 et
304 984 402 1017 omni
418 985 572 1027 strepitu
595 995 795 1028 pavescere
817 985 842 1017 J
865 984 926 1026 72,
945 984 978 1016 2.
1020 983 1296 1025 frequentarent
1317 981 1473 1012 Marium
1499 982 1536 1011 et
1558 988 1626 1011 sua

107 1030 322 1062 necessaria
338 1033 420 1072 post
436 1029 536 1062 illius
551 1030 724 1063 honorem
741 1030 918 1062 ducerent
932 1030 956 1062 J
972 1028 1028 1070 73,
1046 1027 1079 1060 6.
1119 1029 1360 1069 conrumpunt
1377 1029 1413 1057 et
1427 1035 1566 1068 poenas
1581 1041 1627 1047 —-

107 1075 181 1117 ipsi
193 1076 405 1117 pependere
422 1075 447 1107 J
463 1074 519 1115 76,
536 1074 569 1107 6.
611 1076 696 1108 boni
712 1075 910 1118 fidelesque
934 1084 1102 1106 mansere
1127 1077 1164 1106 et
1187 1078 1321 1104 cuncta
1337 1071 1508 1113 inperata
1525 1070 1625 1102 fece-

108 1123 192 1151 rant
207 1120 232 1152 J
247 1120 310 1161 77,
328 1120 362 1153 3.
401 1131 502 1153 mare
519 1131 690 1164 magnum
708 1131 788 1153 esse
807 1124 845 1153 et
868 1120 1011 1153 saevire
1027 1119 1150 1151 ventis
1171 1119 1195 1150 J
1213 1118 1273 1158 78,
1291 1116 1312 1149 3
1335 1119 1422 1149 conl.
1445 1117 1481 1148 H
1497 1117 1554 1148 111
1568 1115 1624 1148 31.

107 1168 299 1208 postquam
315 1165 495 1208 utrimque
506 1184 547 1189 —
558 1167 712 1209 fugatae
731 1170 768 1199 et
784 1166 893 1198 alteri
907 1166 1094 1198 alteros—
1104 1161 1366 1196 adtrivc‘rantJ
1379 1161 1433 1201 79,
1443 1162 1476 1193 4.
1501 1162 1627 1194 vident

110 1213 147 1242 et
162 1229 207 1234 —--
223 1214 389 1243 metuunt
403 1212 427 1244 J
451 1210 512 1251 79,
530 1212 562 1244 7.
602 1212 656 1244 ita
678 1215 821 1254 tempus
845 1211 1043 1254 procedere
1069 1213 1105 1249 et
1130 1208 1264 1241 bellum
1286 1208 1468 1253 intactum
1489 1207 1588 1239 trahi
1602 1206 1626 1238 J

108 1255 164 1297 83,
183 1256 216 1289 3.
250 1257 383 1290 animis
398 1256 600 1289 trahebant
615 1259 652 1288 et
669 1267 730 1289 eos
745 1266 812 1289 non
827 1256 976 1299 paulum
991 1274 1034 1279 -—-
1053 1256 1248 1288 adrexerat
1262 1253 1287 1285 J
1300 1253 1359 1293 84,
1367 1253 1401 1285 4.
1435 1253 1521 1294 quia
1537 1253 1625 1284 ima-

109 1302 215 1344 gines
231 1312 304 1334 non
320 1302 441 1335 habeo
459 1306 496 1335 et
513 1302 626 1345 [quia]
643 1303 734 1334 mihi
749 1301 1027 1335 novanobilitas
1036 1301 1122 1333 est-J
1129 1299 1185 1340 85,
1195 1299 1250 1331 25.
1282 1309 1348 1330 nos
1366 1316 1407 1320 —
1425 1299 1628 1330 contemnit

109 1349 145 1378 et
161 1348 278 1379 omnis
295 1347 450 1380 honores
471 1356 539 1380 non
562 1358 606 1380 ex
630 1349 760 1381 merito
785 1351 843 1380 set
866 1347 1009 1379 debitos
1032 1346 1169 1389 repetit
1186 1345 1210 1377 J
1226 1343 1289 1385 85,
1308 1343 1364 1376 37.
1406 1344 1501 1386 quod
1518 1344 1565 1375 ab
1584 1353 1626 1375 eo

109 1402 245 1435 genere
262 1411 306 1416 —
323 1393 532 1426 celebratus
555 1396 635 1426 erat
660 1395 696 1426 et
719 1412 761 1416 —
778 1393 980 1436 potentiam
1003 1390 1194 1435 quaerenti
1218 1390 1487 1433 egentissumus
1510 1390 1627 1431 quisq.

109 1439 420 1480 oportunissumus
442 1440 465 1471 J
489 1437 553 1481 86,
570 1438 603 1472 3.
643 1442 790 1472 veteres
813 1438 970 1481 novique
996 1437 1166 1471 coaluere
1192 1439 1229 1468 et
1250 1436 1366 1468 virtus
1390 1435 1549 1466 omnium
1567 1445 1627 1467 ae-

110 1483 229 1525 qualis
246 1484 352 1516 facta
367 1485 391 1516 J
407 1483 463 1525 87,
481 1483 514 1516 3.
554 1477 682 1527 pr'ocul
699 1485 829 1517 abesse
848 1487 885 1516 et
902 1484 985 1516 aliis
1001 1483 1160 1526 negotiis
1176 1482 1356 1513 intentum
1371 1481 1394 1513 J
1410 1479 1466 1520 89,
1475 1479 1509 1512 3.
1542 1480 1629 1522 quia

109 1539 169 1561 res
193 1531 326 1572 aspera
348 1530 544 1563 videbatur
565 1534 604 1563 et
625 1530 798 1563 Metellus
814 1529 971 1562 Thalam
993 1539 1130 1571 magna
1152 1527 1269 1571 gloria
1293 1529 1445 1569 ceperat
1465 1526 1489 1558 J
1512 1525 1575 1565 89,
1593 1526 1626 1557 6.

110 1575 206 1617 quod
220 1575 399 1607 Numidae
416 1575 550 1618 pabulo
568 1576 686 1619 magis
710 1576 858 1608 student
882 1578 919 1607 et
944 1575 1072 1618 quodc-
1099 1579 1225 1606 natum
1250 1573 1373 1604 fuerat
1397 1571 1630 1604 contulerant

107 1621 128 1652 J
147 1618 209 1661 90,
226 1620 255 1652 1.
297 1621 465 1653 cunctari
482 1624 519 1653 et
535 1621 682 1653 dubium
699 1639 742 1644 —
759 1621 922 1653 rationes
938 1621 1086 1653 trahere
1103 1621 1127 1652 J
1143 1619 1204 1659 97,
1222 1620 1255 1650 2.
1298 1627 1428 1660 corpus
1446 1620 1572 1659 tegere
1592 1621 1629 1649 et

109 1683 152 1687 —
169 1665 387 1698 obtruncare
404 1667 427 1699 J
448 1665 530 1707 101,
547 1667 581 1699 4.
623 1667 764 1699 animos
787 1666 918 1698 tollere
943 1670 981 1699 et
1002 1667 1040 1698 in
1057 1667 1241 1698 Romanos
1262 1664 1434 1695 incedere
1450 1664 1474 1695 J
1494 1663 1575 1702 101,
1595 1662 1626 1694 7.

109 1714 318 1743 sustentare
336 1721 421 1744 suos
439 1714 476 1743 et
487 1711 679 1744 victoriam
692 1712 885 1744 retinereJ
898 1710 972 1752 101,
980 1710 1014 1744 9.
1040 1711 1162 1744 omnia
1178 1713 1365 1742 constrata
1381 1725 1418 1731 —
1435 1710 1471 1740 et
1484 1709 1576 1740 inter
1588 1717 1630 1739 ea

109 1756 238 1788 humus
253 1756 395 1789 insecta
411 1757 435 1789 J
454 1755 530 1798 101,
552 1757 604 1789 11.
635 1757 859 1800 agendarum
877 1767 998 1789 rerum
1017 1760 1053 1789 et
1070 1765 1294 1799 quocumque
1311 1754 1416 1786 modo
1434 1754 1526 1786 belli
1543 1764 1627 1786 con-

109 1802 269 1844 ponendi
291 1803 315 1835 J
343 1801 423 1842 103,
442 1803 474 1834 2.
517 1813 659 1835 errasse
684 1813 808 1846 regem
832 1805 870 1834 et
892 1802 1092 1845 Iugurthae
1117 1801 1258 1834 scelere
1281 1800 1425 1842 lapsum
1447 1799 1471 1831 J
1496 1799 1577 1840 104,
1594 1799 1627 1831 4.

109 1847 272 1890 proditos
290 1858 312 1880 a
328 1848 465 1880 Voluce
484 1851 520 1880 et
535 1848 681 1880 insidiis
699 1848 965 1880 circumventos
980 1848 1004 1880 J
1025 1846 1098 1887 106,
1117 1846 1149 1879 6.
1184 1847 1215 1878 si
1233 1846 1408 1878 ambobus
1425 1845 1630 1877 consultum

111 1895 148 1925 et
164 1896 284 1925 ratam
299 1903 431 1936 pacem
447 1893 561 1926 vellet
576 1894 600 1926 J
619 1893 701 1934 112,
720 1893 753 1926 3.
795 1894 918 1925 fracta
939 1903 1047 1926 crura
1070 1892 1224 1925 brachia
1249 1896 1285 1924 et
1307 1890 1404 1923 oculi
1421 1891 1543 1922 effossi
1559 1891 1595 1922 H
1611 1891 1630 1922 1

110 1937 167 1971 30.
208 1939 270 1980 qui
287 1957 329 1962 —
344 1939 433 1976 dant
449 1942 487 1971 et
502 1942 694 1982 utrumque
711 1938 851 1971 malunt
867 1939 902 1970 H
918 1939 936 1971 1
952 1939 1012 1979 41,
1030 1939 1063 1970 2.
1104 1937 1266 1971 taedium
1290 1937 1364 1969 iam
1388 1946 1468 1968 esse
1494 1940 1531 1968 et
1549 1946 1629 1968 eum

109 1999 156 2006 —-
170 1983 402 2016 dimissurum
418 1985 453 2016 H
469 1985 487 2016 I
502 1983 544 2016 41
556 2009 564 2025 ,
582 1984 615 2017 7.
656 1994 848 2028 per.unum
871 1984 1110 2027 prohibentur
1126 1986 1164 2016 et
1180 2001 1222 2007 —
1239 1992 1468 2024 occupavere
1486 1982 1521 2013 H
1537 1982 1556 2013 Ι
1572 1982 1628 2022 41,

115 2028 166 2061 12.
199 2039 328 2061 manus
346 2030 572 2062 conserentis
588 2030 772 2063 Romanos
797 2033 834 2063 et
857 2040 960 2062 arma
975 2030 1014 2061 in
1030 2040 1094 2063 vos
1111 2039 1220 2063 vorsa
1235 2029 1271 2060 H
1288 2029 1306 2060 l
1322 2028 1363 2059 41
1376 2052 1384 2068 ,
1406 2027 1459 2060 19.
1499 2038 1629 2070 pacem

111 2078 301 2117 praestare
319 2078 357 2107 et
372 2075 505 2108 bellum
522 2076 602 2118 pati
618 2076 653 2107 H
669 2077 687 2109 I
702 2074 758 2116 48,
768 2075 800 2107 2.
836 2076 1034 2108 exercitum
1051 2075 1165 2108 habet
1181 2078 1219 2107 et
1235 2085 1274 2107 se
1291 2073 1525 2106 metuendum
1543 2073 1629 2105 effe-

113 2120 166 2152 cit
181 2121 217 2152 H
232 2121 251 2152 Ι
266 2119 330 2161 48,
347 2119 368 2153 3
391 2123 478 2154 conl.
502 2121 534 2154 7.
574 2121 830 2154 maturandum
851 2121 1027 2164 putabam
1051 2125 1087 2154 et
1105 2139 1146 2144 —
1163 2124 1311 2153 secutus
1334 2129 1414 2152 sum
1430 2119 1466 2151 H
1482 2119 1500 2151 Ι
1517 2118 1579 2159 48,
1597 2118 1629 2152 6.

111 2165 315 2198 benefacta
338 2166 565 2199 extollebant
589 2170 626 2199 et
645 2178 704 2210 po.
730 2167 798 2199 Ro.
823 2186 865 2190 —
885 2167 1032 2199 auxisse
1049 2167 1084 2198 H
1101 2167 1119 2199 1
1134 2165 1190 2206 48,
1209 2165 1242 2198 6.
1284 2165 1344 2208 qui
1360 2165 1509 2207 placere
1526 2164 1631 2197 reddi

113 2211 168 2243 ait
185 2213 222 2243 et
238 2210 363 2244 aliena
379 2215 483 2244 tenet
497 2213 532 2244 H
549 2213 568 2245 1
583 2211 646 2252 48,
668 2213 720 2245 14.
761 2223 912 2245 maneas
935 2213 973 2244 in
995 2213 1182 2245 sententia
1205 2215 1242 2244 et
1262 2212 1424 2244 retineas
1442 2221 1545 2243 arma
1561 2211 1596 2242 H
1612 2211 1631 2243 Ι
1649 2223 1651 2225 ·

112 2255 168 2296 48,
190 2255 242 2288 16.
283 2267 468 2300 quousque
485 2258 678 2300 patiemini
694 2261 732 2291 et
747 2277 790 2281 -—
806 2258 1037 2301 temptabitis
1061 2259 1096 2290 H
1119 2259 1136 2290 I
1151 2256 1214 2298 48,
1236 2257 1288 2289 17.
1330 2256 1467 2289 bellum
1490 2258 1630 2288 instau-

112 2311 194 2334 rare
218 2303 368 2345 cupiunt
392 2307 428 2335 et
450 2313 573 2336 rursus
595 2314 724 2336 manus
749 2314 892 2336 armare
909 2304 944 2335 H
960 2304 978 2336 I
993 2303 1054 2345 48,
1074 2303 1129 2336 20.
1170 2304 1361 2336 decernite
1385 2303 1498 2345 digna
1516 2306 1553 2334 et
1570 2312 1631 2334 au—

113 2350 199 2390 gete
215 2347 252 2379 H
268 2348 286 2380 1
301 2347 357 2388 48,
375 2347 432 2381 20.
466 2348 623 2381 castella
638 2349 836 2382 incendere
856 2352 892 2382 et
909 2349 1056 2382 deserta
1072 2352 1220 2382 vastare
1238 2350 1274 2381 H
1290 2349 1308 2381 Ι
1322 2347 1380 2380 86.
1413 2348 1560 2381 obviam
1577 2348 1630 2379 ire

113 2396 151 2424 et
167 2393 326 2425 conmori
342 2394 378 2426 H
394 2394 412 2425 I
427 2392 472 2426 89
494 2397 580 2427 conl.
597 2394 651 2427 111
666 2394 728 2435 67,
746 2394 798 2427 11.
832 2389 980 2438 regibus
997 2406 1036 2427 se
1055 2395 1238 2428 devovent
1255 2397 1293 2427 et
1308 2397 1393 2437 post
1410 2404 1471 2426 eos
1489 2394 1630 2426 occisos

112 2438 227 2471 vltam
243 2442 417 2471 recusant
433 2440 468 2471 H
481 2440 499 2471 I
515 2439 558 2472 73
569 2450 661 2483 susp.
688 2451 779 2483 quas
788 2440 833 2473 ob
850 2441 1003 2473 iniurias
1019 2444 1055 2473 et
1073 2441 1286 2483 quotiensH
1300 2439 1461 2480 11161,1.
1488 2440 1519 2470 si
1534 2440 1630 2481 pari-

112 2483 197 2516 cida
215 2494 293 2516 sum
311 2487 348 2516 et
363 2502 407 2507 ——
418 2485 509 2518 vilia
524 2485 644 2519 habeo
661 2487 696 2518 H
712 2487 747 2518 ΙΙ
763 2485 820 2526 41,
833 2485 866 2520 3.
898 2487 1117 2519 frumentum
1133 2489 1288 2529 poscunt
1305 2488 1342 2516 et
1354 2486 1391 2516 id
1406 2495 1464 2522 ms
1481 2485 1581 2526 cogit
1597 2485 1631 2516 H

112 2529 148 2561 Π
163 2528 221 2571 41,
238 2528 271 2561 6.
312 2539 401 2572 quos
423 2531 651 2574 nequiquam·
668 2531 828 2564 abnuitis
853 2535 890 2564 et
910 2532 1015 2574 pacis
1031 2532 1256 2574 opulentiam
1273 2531 1451 2573 quaeritis
1468 2531 1504 2562 H
1519 2532 1558 2562 11
1573 2530 1629 2570 41,

115 2573 169 2606 14.
209 2575 396 2618 principes
421 2586 556 2619 augere
581 2579 618 2609 et
640 2577 794 2610 densere
819 2578 975 2610 frontem
998 2578 1034 2609 H
1055 2578 1092 2609 11
1114 2576 1170 2610 59.
1217 2576 1481 2608 scelestissumi
1505 2575 1631 2608 hostes

114 2620 189 2652 fusi
206 2623 244 2652 et
257 2620 362 2653 vobis
379 2621 480 2654 salus
497 2622 666 2664 quaesita
684 2626 740 2656 est
755 2623 790 2654 H
807 2624 845 2656 11
860 2622 916 2664 96,
939 2622 968 2654 1.
1009 2623 1120 2656 tertia
1137 2622 1223 2654 luna
1241 2626 1322 2653 erat
1339 2625 1376 2653 et
1391 2621 1530 2653 nebula
1547 2631 1629 2653 cae-

113 2665 187 2697 lum
204 2665 430 2699 obscurabat
451 2667 488 2699 H
503 2668 556 2700 111
574 2667 628 2700 15.
669 2679 714 2700 ex
736 2669 892 2701 sarcinis
915 2668 1178 2711 paludamenta
1199 2667 1380 2699 ostentari
1404 2670 1441 2698 et
1464 2665 1631 2699 cohortes

114 2710 282 2754 intellegi
298 2711 333 2743 H
347 2712 404 2745 111
420 2711 474 2744 70.
514 2713 655 2746 hortari
671 2717 708 2746 et
723 2713 776 2746 ire
794 2714 947 2756 primum
962 2714 1024 2746 via
1040 2714 1075 2744 H
1091 2714 1147 2744 111
1162 2711 1217 2752 61,
1239 2712 1268 2743 l.
1303 2721 1384 2743 cum
1400 2712 1456 2744 vis
1471 2712 1511 2743 in
1526 2712 1631 2744 vobis

115 2756 163 2788 sit
180 2759 217 2788 et
232 2757 380 2799 possitis
397 2758 433 2789 H
447 2758 502 2790 III
519 2757 574 2799 61,
595 2757 647 2791 15.
689 2759 810 2802 decipi
827 2763 864 2791 et
881 2759 1039 2802 gratiam
1058 2775 1095 2780 —
1115 2757 1250 2789 debere
1266 2757 1301 2788 H
1316 2758 1370 2788 111
1385 2755 1440 2798 61,
1455 2756 1511 2789 20.
1545 2768 1630 2790 eon-

115 2807 248 2844 parant
263 2801 511 2835 delenimenta
528 2807 565 2836 et
581 2804 752 2837 differunt
774 2815 839 2838 vos
856 2805 891 2836 H
907 2804 961 2835 111
977 2802 1038 2843 61,
1056 2802 1112 2834 21.
1152 2803 1267 2845 tergis
1285 2802 1492 2834 abstinetur
1508 2805 1545 2835 et
1559 2803 1631 2836 huc

117 2850 191 2889 atq.
207 2847 298 2880 illuc
314 2848 368 2880 ire
385 2848 475 2881 licet
489 2849 525 2881 H
541 2850 594 2881 111
608 2849 651 2882 61
663 2875 672 2891 ,
691 2849 747 2882 26.
787 2852 971 2892 pugnatur
994 2852 1032 2880 et
1054 2848 1212 2880 vincitur
1227 2849 1358 2890 paucis
1374 2848 1409 2880 H
1425 2849 1480 2880 111
1495 2847 1537 2881 61
1549 2873 1558 2889 ,
1575 2848 1630 2883 28.

117 2892 360 2934 frequentiam
376 2894 580 2926 iuvaturam
599 2895 798 2927 exercitum
815 2898 852 2926 et
867 2895 940 2926 iam
963 2893 1104 2936 paratis
1120 2893 1228 2926 rebus
1258 2893 1482 2927 munimento
1505 2895 1584 2928 fore
1606 2895 1632 2928 J
1652 2894 1654 2897 '

114 2936 178 2978 47,
195 2938 229 2969 2.
268 2941 371 2973 utere
391 2940 427 2971 et
447 2948 622 2981 numquam
644 2939 833 2983 putaveris
848 2939 873 2972 J
892 2938 971 2980 114,
989 2939 1023 2971 4.
1063 2939 1338 2973 instruebantur
1360 2941 1396 2972 et
1417 2948 1457 2973 οο
1480 2941 1565 2974 boni
1587 2959 1631 2966 —-
