1838 3288
340 250 641 277 ms‘ronmnvu
663 249 834 277 mena-r.
862 249 1032 281 menon..
1064 249 1204 282 Remo.
1236 242 1414 279 79—83.
1552 236 1629 276 137

220 350 273 389 79
306 349 471 402 [11145.
512 353 551 389 G.
573 349 650 403 77].
705 349 770 390 Eis
799 350 955 389 modico
994 362 1150 402 quoque
1189 354 1228 389 et
1265 349 1440 400 diligenti
1478 350 1630 401 inperio

106 429 296 469 percarus
319 417 403 457 fuit.

217 484 323 527 Apud
347 484 468 517 Schol.
496 485 543 517 ad
567 485 707 517 Lucan.
732 485 804 517 V11
831 483 897 516 267
928 495 964 527 p.
990 484 1057 518 533
1089 485 1145 518 ed.
1172 485 1278 518 Web.
1309 485 1406 518 haec
1436 484 1551 518 verba
1575 485 1631 518 ita

103 529 288 573 leguntur,
313 533 354 562 ut
378 530 473 562 alter
496 530 577 562 cod.
602 531 747 567 modico,
781 529 877 562 alter
903 531 1070 563 inmodico
1097 530 1286 570 exhibeat,
1321 530 1454 563 deinde
1485 531 1634 573 eleganti

103 575 164 607 vel
188 577 372 617 elegantiam
397 574 571 617 scriptum
595 576 656 606 sit.
704 575 785 615 Qua
810 585 869 614 re,
897 575 991 616 quod
1016 576 1090 607 iam
1114 575 1278 607 Kritzius
1303 576 1512 618 suspicatus
1537 578 1628 616 crat,

105 619 260 652 Rothius
284 620 548 652 restituendum
574 620 715 652 censuit
740 621 773 651 in
789 620 939 656 modian
964 620 1074 652 etiam
1101 621 1224 662 aptius
1250 620 1349 653 Gerl.
1367 621 1485 663 praef.
1511 632 1545 664 p.
1565 621 1629 653 XL

102 666 131 697 ἱ3
155 666 299 702 modico,
334 665 440 697 modo
464 664 555 697 illud
583 675 647 707 pro
672 668 722 698 eis
754 675 835 698 esse
860 667 1020 707 putetur.
1069 665 1140 697 Pro
1165 667 1323 707 eleganti,
1350 665 1443 708 quod
1468 666 1631 698 Kritzius

105 713 205 742 recte
231 709 345 741 sensit
369 709 459 742 ferri
482 720 554 742 non
578 720 705 752 posse,
740 710 897 742 Rothius
920 711 1075 742 clementi
1098 710 1272 744 restituit.
1321 710 1385 742 Set
1409 711 1465 743 ita
1489 711 1631 743 demum

105 754 286 787 modicum
311 755 335 786 i.
362 765 392 787 8.
418 755 509 787 mite
535 759 571 788 et
595 755 757 787 clemens
780 755 960 798 inperium
985 753 1120 797 placet,
1149 765 1230 787 cum
1255 755 1362 788 simul
1385 755 1544 798 diligens
1569 756 1629 797 sit,

106 800 130 832 i.
159 810 190 832 e.
215 799 351 832 nullius
375 800 443 840 rei,
471 810 566 843 quae
592 800 638 832 ad
655 810 868 843 prosperum
886 803 1057 832 eventum
1085 799 1175 832 belli
1191 801 1390 849 pertineat,
1415 800 1630 855 neglegens.

105 845 162 877 De
188 845 351 878 Sertorio
375 825 476 878 rec’te
500 845 595 878 haec
620 845 695 877 dici
724 846 888 896 potuisse
913 845 1021 877 docet
1044 845 1140 877 Plut.
1168 844 1261 877 Sert.
1281 844 1303 877 6
1327 838 1468 895 ἥμερος
1491 856 1562 888 μεν
1578 857 1632 879 ων

106 883 149 922 ἐν
171 891 257 928 ταῖς
281 885 496 940 εἰρηνικαῖς
520 889 684 933 χρείαις,
707 885 882 943 φοβερὸς
907 885 951 922 δὲ
975 900 995 922 τ
1045 899 1268 932 παρασκευῃ
1299 886 1397 922 κατὰ
1421 901 1497 923 των
1521 891 1632 924 πολε-

103 934 202 986 μίων
226 930 462 978 φαινόμενος
488 939 525 968 81
551 939 636 968 ante
661 930 825 978 μαλιστα
851 930 895 968 δὲ
912 889 1273 978 τωνῒΞπισταθμιῶν
1290 928 1513 976 ἀπαλλάξας
1538 930 1631 979 η’γα-

105 974 233 1023 πήθη.
282 980 408 1013 1)1·11111.
433 981 484 1013 IV
508 992 542 1024 p.
568 980 645 1014 348.
1307 1018 1310 1020 ,
1606 1002 1626 1008 -

219 1059 273 1099 80
306 1059 386 1112 [Kr.
412 1064 468 1097 46.
500 1062 540 1098 G.
562 1059 615 1112 9].
676 1060 918 1100 Conmunem
950 1059 1127 1099 habitum
1148 1063 1431 1111 transgressus.

216 1131 333 1164 Prisc.
360 1132 446 1164 XIV
475 1144 510 1175 p.
542 1132 603 1166 39:
643 1133 896 1176 Transgrediar
918 1126 1158 1176 ὑπερβαίνω,
1196 1136 1231 1164 ut
1262 1132 1443 1166 Sallustius
1475 1145 1630 1167 commu-

104 1186 187 1209 nem
210 1176 377 1209 habitum
401 1180 652 1220 transgressus
673 1189 741 1220 pro
756 1189 1018 1221 superyressus;
1041 1178 1137 1210 unde
1162 1177 1242 1209 veri
1259 1178 1378 1210 simile
1396 1189 1468 1211 non
1494 1182 1560 1219 831,
1587 1179 1632 1211 (18

105 1224 249 1254 statura
274 1222 437 1265 corporis
461 1223 582 1265 potius
606 1223 743 1256 dictum
769 1224 883 1256 fuisse
910 1234 1018 1266 quam
1043 1223 1087 1256 de
1112 1222 1255 1266 ratione
1274 1233 1313 1255 se
1338 1224 1503 1266 gerendi.

219 1301 268 1341 81
305 1300 384 1354 [Kr.
408 1306 464 1339 47.
497 1303 535 1340 G.
561 1301 638 1354 35].
693 1302 820 1354 Atque
844 1304 928 1354 ipse
959 1301 1087 1342 cultus
1115 1303 1184 1341 rei.

217 1367 302 1400 Acr.
329 1368 375 1401 ad
399 1369 489 1411 Hor.
517 1369 596 1402 Sat.
622 1370 659 1402 11
683 1370 716 1410 2,
741 1369 797 1402 66.

219 1446 273 1487 82
304 1445 392 1500 [Kr.
415 1451 459 1485 48
480 1456 517 1487 et
538 1453 594 1487 49.
632 1451 671 1487 G.
698 1451 712 1488 1
735 1453 780 1487 35
812 1457 848 1488 et
874 1448 958 1502 36].
1024 1448 1122 1488 Nam
1161 1448 1292 1488 Sullae
1327 1449 1634 1498 dominationem

105 1515 217 1565 queri
242 1526 321 1554 non
351 1515 522 1555 audebat
556 1539 602 1544 —
637 1540 684 1544 —
716 1529 845 1568 neque
875 1521 934 1556 est
963 1515 1162 1556 obse-usus.

218 1588 355 1620 Donat.
372 1588 429 1620 ad
453 1589 537 1621 Ter.
563 1589 710 1622 Phorm.
735 1589 821 1631 II3,
846 1590 907 1622 24:
935 1593 1084 1632 quomis
1109 1587 1348 1643 aspernatur-J.
1375 1589 1468 1622 Ordo
1485 1594 1557 1622 est.-
1583 1591 1635 1623 ‘ob

103 1633 203 1668 hanc
215 1644 312 1675 qnam
335 1633 389 1666 Ιιίο
411 1635 641 1675 aspernatur-⁹.
690 1615 898 1676 Απόὸἇσιςς
926 1637 1044 1678 ‘'quam
1070 1638 1154 1667 enim
1170 1646 1278 1677 supra
1292 1638 1463 1668 revocavit
1479 1637 1528 1668 ad
1540 1638 1634 1677 puel-

104 1680 168 1709 lam
192 1678 359 1719 referens,
385 1683 420 1710 ut
445 1681 549 1722 ‘quem
573 1690 678 1719 reqno
706 1681 878 1722 Hesperio
898 1680 1052 1721 fraudo'.
1094 1680 1142 1711 Et
1166 1680 1365 1712 Sallustius:
1390 1681 1484 1712 Nam
1509 1680 1634 1722 Syllae

105 1722 391 1755 dominationem
414 1734 488 1756 non
515 1724 1006 1767 a11debat.Etinterpositis
1023 1725 1238 1768 quibusdam.-
1261 1735 1382 1767 neque
1401 1728 1458 1757 est
1474 1725 1635 1758 offensus

105 1767 393 1800 dominationem
418 1768 554 1810 Syllae
604 1770 709 1802 Arus.
735 1781 770 1812 p.
797 1770 881 1802 257:
907 1780 1034 1813 queror
1053 1772 1141 1802 illam
1157 1781 1239 1802 rem.
1263 1788 1307 1793 -—
1333 1771 1405 1802 Sal.
1423 1771 1517 1803 Hist.
1541 1772 1635 1803 Nam

106 1812 230 1854 Syllae
255 1812 542 1854 dominationem
567 1815 670 1856 queri
686 1825 759 1847 non
778 1815 950 1847 audebat.
992 1816 1046 1848 Ex
1063 1815 1202 1847 Donati
1218 1815 1383 1847 obscuris
1400 1815 1525 1848 verbis
1540 1816 1635 1848 haec

105 1857 175 1890 (1110
201 1861 305 1890 certa
337 1857 525 1890 videntur·
558 1860 713 1901 primum
745 1860 908 1892 membra
938 1859 1006 1892 illa
1030 1870 1103 1892 non
1127 1859 1237 1902 longe
1262 1860 1466 1901 disiuncta,
1503 1861 1633 1894 deinde

106 1902 154 1934 ad
179 1902 335 1935 alterum
361 1903 500 1945 aliquid
525 1915 569 1936 ex
594 1905 821 1947 antegressis
845 1904 991 1948 longius
1016 1905 1255 1947 repetendum
1287 1905 1417 1937 fuisse.
1465 1906 1546 1938 Iam
1569 1906 1635 1939 mi-

105 1957 182 1980 rum
208 1951 264 1980 est
287 1948 327 1980 in
349 1948 471 1991 priore
496 1949 657 1981 membro
683 1951 783 1993 queri
804 1961 871 1983 non
897 1950 1090 1990 excidisse,
1119 1960 1212 1992 quae
1238 1949 1342 1982 felici
1368 1960 1458 1982 casu
1481 1950 1528 1983 ab
1545 1950 1635 1983 Aru-

104 1992 209 2025 siano
234 1996 384 2026 servata
409 1996 511 2035 sunt,
538 1997 615 2026 tum
639 1995 677 2026 in
703 1994 820 2028 altero
846 1995 1158 2028 constructionem
1183 2005 1265 2027 8338
1290 1995 1494 2027 inauditam
1518 1996 1635 2038 obfen-

104 2038 170 2070 dor
193 2039 333 2081 aliquid.
382 2039 511 2072 Nonne
537 2040 653 2082 igitur
682 2040 762 2073 veri
794 2040 913 2073 simile
940 2044 1014 2081 831,
1048 2040 1116 2072 1108
1142 2040 1303 2073 voluisse
1335 2041 1634 2082 grammaticum:

106 2082 153 2115 ad
179 2086 379 2115 extremum
404 2094 448 2116 ex
472 2085 702 2128 praegressis
727 2086 974 2119 revocandum
1000 2095 1081 2118 esse
1107 2086 1334 2118 dominatione
1359 2084 1500 2118 Sullae?

219 2161 271 2202 83
301 2161 382 2215 [Kr.
404 2167 460 2201 50.
487 2165 526 2202 G.
547 2163 656 2216 150].
715 2164 856 2204 Multos
889 2169 1020 2204 tamen
1048 2164 1096 2204 ab
1129 2164 1548 2205 adulescentiahonos
1576 2166 1634 2204 in-

104 2229 327 2270 sultaverat.
1643 2236 1646 2239 ⁴

216 2298 311 2330 Don.
339 2298 386 2330 ad
403 2298 489 2330 Ter.
513 2299 607 2332 Eun.
633 2300 671 2332 II
695 2300 727 2337 2,
746 2299 791 2332 54
815 2310 896 2332 811111
913 2300 1088 2333 insultabis
1100 2301 1199 2342 fores
1217 2301 1446 2343 conparauit,
1472 2303 1530 2333 set
1546 2301 1635 2333 scri-

103 2345 206 2385 ptum
225 2345 281 2374 est
296 2344 478 2376 insultavit.
521 2343 622 2377 Serv.
651 2345 697 2377 ad
720 2345 831 2388 Verg.
858 2345 899 2377 A.
926 2346 980 2378 IX
1003 2344 1089 2378 634:
1118 2346 1230 2378 ‘illudo
1245 2348 1288 2378 te'
1308 2347 1491 2388 figuratum
1515 2350 1576 2384 est,
1601 2350 1637 2378 ut

103 2387 167 2420 lzoc
182 2391 267 2420 loco.
309 2388 398 2420 Item
416 2391 547 2422 ‘insulto
562 2392 619 2422 te'.
660 2390 861 2423 Sallustius:
878 2390 1011 2423 multos
1030 2401 1052 2423 a
1068 2391 1230 2433 pueritia
1246 2391 1360 2423 bonos
1377 2391 1633 2424 insultaverat.

104 2432 158 2465 Id.
187 2433 234 2464 ad
258 2433 291 2464 X
315 2431 399 2465 643:
427 2436 612 2467 ‘insultare'
637 2439 689 2468 est
713 2436 861 2468 irridere
885 2437 1058 2468 inimicos:
1082 2440 1116 2468 et
1133 2437 1271 2468 dicimus
1296 2437 1427 2469 ‘inmitto
1445 2436 1534 2469 tibi':
1558 2438 1637 2468 licet

104 2476 285 2510 Sallustius
316 2479 448 2511 daz-erit
478 2479 612 2512 multos
645 2480 691 2512 ab
724 2480 980 2513 adulescentia
1006 2479 1078 2523 [ita
1102 2479 1207 2523 libri]
1242 2481 1357 2513 bonos
1390 2481 1635 2514 insultaverat

103 2524 127 2554 i.
153 2533 183 2555 e.
210 2522 260 2563 (in
284 2523 394 2565 ipsos)
419 2526 574 2566 impetum
594 2526 741 2566 fecerat,
767 2530 913 2568 quamvis
934 2530 1046 2568 possit
1068 2527 1137 2558 illic
1161 2528 1230 2559 alia
1254 2537 1328 2558 esse
1344 2526 1546 2568 significatio
1574 2528 1635 2564 [an

104 2578 213 2600 ——one
223 2567 251 2610 ἲ]
278 2568 411 2601 multos
436 2569 693 2603 insultaverat.
748 2571 883 2603 Parum
908 2571 1153 2613 probabiliter
1177 2571 1338 2603 Kritzius
1369 2572 1463 2603 haec
1495 2571 1539 2602 (18
1567 2570 1634 2602 Gn.

104 2612 280 2666 Pompeio
312 2613 386 2645 dici
417 2615 578 2656 potuisse
610 2616 766 2648 censuit.
816 2616 1047 2658 Quamquam
1079 2617 1175 2648 enim
1208 2617 1239 2647 is
1273 2616 1428 2648 aliorum
1460 2615 1635 2647 laudibus

106 2658 333 2700 saepissume
359 2659 586 2692 obtrectavit
610 2671 679 2693 nec
705 2662 784 2694 sine
804 2661 962 2703 quadam
980 2661 1186 2693 acerbitate
1211 2660 1341 2692 multos
1366 2662 1562 2702 precantes
1578 2670 1634 2692 re-

105 2702 204 2742 iecit,
231 2706 354 2735 tamen
382 2704 474 2736 adeo
498 2705 652 2738 iniurias
671 2716 789 2748 aequo
807 2706 927 2739 animo
945 2706 1141 2748 pertulisse
1167 2705 1300 2736 ‹licitui
1324 2715 1441 2746 neque
1466 2715 1635 2746 umquam

107 2727 253 2788 publice
279 2749 456 2781 conviciis
481 2760 526 2782 ac
552 2751 782 2784 contumeliis
807 2751 901 2784 alios
926 2751 1060 2793 petivit
1085 2750 1165 2790 (cfr.
1193 2750 1304 2780 Drum
1330 2750 1381 2781 IV
1396 2761 1432 2792 p.
1450 2748 1634 2791 543-46).

107 2792 222 2824 Multo
248 2793 377 2826 melius
402 2804 448 2826 ea
474 2796 698 2828 conveniunt
722 2797 760 2827 in
786 2796 898 2828 talem
922 2795 1122 2834 hominem,
1159 2794 1277 2836 qualis
1302 2794 1372 2826 fuit
1399 2795 1440 2827 G.
1466 2795 1634 2826 Licinius

105 2836 244 2875 Macer,
271 2839 307 2870 in
333 2849 402 2881 quo
428 2839 552 2880 vitam,
580 2851 711 2879 mores,
737 2840 857 2873 voltus
883 2840 1038 2881 denique
1064 2849 1205 2871 omnem
1224 2839 1593 2872 conmendationem
1579 2850 1634 2871 in-

107 2881 193 2923 geni
218 2884 396 2916 evertisse
423 2888 459 2916 et
483 2886 748 2917 veteratoriam
772 2885 892 2927 potius
918 2894 1024 2926 quam
1050 2884 1247 2916 oratoriam
1266 2884 1512 2926 eloquentiam
1538 2884 1577 2926 (i.
1601 2895 1632 2917 8.

106 2926 144 2958 111
169 2927 335 2960 dicteriis
362 2932 399 2961 et
422 2930 550 2971 iurgiis
577 2940 658 2962 eum
684 2929 947 2978 exercitatum)
981 2928 1097 2961 fuisse
1123 2929 1200 2961 Cic.
1231 2929 1323 2962 dixit
1346 2929 1448 2962 Brut.
1474 2929 1530 2970 67,
1554 2928 1632 2963 238.
