1838 3288
335 251 635 279 ms'romARvM
668 252 840 280 mortar.
874 252 1045 278 menon.
1077 251 1221 284 namo.
1249 244 1427 283 70-78,
1571 239 1648 279 135

233 353 287 392 70
320 351 400 405 [Kr.
424 357 481 391 36.
512 355 551 391 G.
574 351 652 404 49].
713 352 779 391 llle
809 352 1070 403 Conisturgim
1100 352 1204 403 apud
1233 352 1408 403 legiones
1438 353 1553 392 venit.

229 426 393 470 Pompei.
406 426 452 458 ad
470 429 538 459 art.
557 426 650 458 Don.
670 436 704 468 p.
715 423 793 465 395,
813 425 876 457 ubi
892 425 1029 468 legitur
1039 437 1110 458 non
1123 427 1178 464 ad,
1197 428 1256 458 set
1272 427 1365 468 apud
1376 427 1534 468 legiones,
1553 425 1647 468 quod

118 480 247 523 parum
263 471 448 514 probabili
464 471 607 503 ratione
625 470 763 513 Aspero
789 472 937 502 auctore
955 470 1122 502 defendit
1138 470 1318 511 Kritzius,
1337 470 1584 514 Conistorgim
1607 470 1646 502 in

115 515 258 548 vicinia
277 519 478 548 castrorum
491 515 606 548 fuisse
621 515 798 547 dictitans
811 515 937 556 itaque
959 515 1133 548 Sallustio
1147 495 1430 559 pervorsi’tatem
1452 516 1645 558 quamdam

117 560 316 603 inponens;
348 571 466 603 neque
491 559 707 593 incredibile
734 563 790 592 est
815 559 1028 592 Sallustium
1053 571 1097 593 ex
1127 561 1272 604 volgari
1303 571 1370 594 usu
1395 562 1488 602 apud
1511 571 1575 604 pro
1599 562 1647 594 ad

116 605 250 638 dixisse
277 605 364 646 (vid.
393 606 518 638 Coum.
545 617 579 648 p.
610 604 684 638 106.
725 604 846 637 Klotz.
873 606 964 637 Lex.
991 616 1020 638 s.
1046 616 1081 638 v.
1109 608 1156 638 ad
1239 605 1309 647 98).
1351 607 1409 638 De
1435 606 1646 649 Conistorgi

117 650 414 728 cfrhlbiffitratbbggl
437 662 473 694 p.
502 649 582 692 191,
609 650 642 682 7.
680 649 772 693 App.
800 650 906 693 Hisp.
933 649 976 682 57
1000 661 1036 693 p.
1062 617 1213 692 83,19].
1247 652 1432 684 Mannert.
1469 662 1595 696 geogr.
1626 652 1645 684 1

115 706 150 738 p.
267 706 287 728 e
397 720 406 728 .

229 785 278 824 71
308 784 388 838 [Kr.
412 790 468 824 37.
498 788 537 824 G.
558 787 603 824 111
629 784 703 838 14].
762 785 844 825 Iam
874 790 1039 837 repente
1068 786 1172 825 visus
1203 787 1351 826 saevire
1382 786 1526 837 Tagus.

227 858 327 892 Serv.
355 859 402 891 ad
425 859 534 902 Verg.
561 858 603 891 A.
628 859 662 891 X
688 857 764 891 103.
1451 854 1453 856 ’

228 936 281 976 72
303 937 382 991 [Kr.
400 942 456 976 38.
485 940 524 976 G.
541 940 584 976 lll
604 936 677 990 17].
720 937 871 978 Aenum
897 942 935 977 et
956 937 1183 977 Maroneam
1213 938 1393 989 viamque
1418 938 1638 979 militarem.

225 1011 328 1044 Serv.
356 1011 403 1043 ad
426 1012 536 1054 Verg.
562 1011 605 1043 A.
637 1011 693 1044 111
719 1010 771 1043 17.
812 1010 959 1054 Oppida
989 1010 1057 1043 illa
1087 1011 1283 1043 Thraciae.
1333 1011 1493 1044 Verbum
1525 1013 1640 1045 fuisse

111 1055 256 1089 videtur
286 1058 430 1089 munivit.
480 1056 569 1088 Cum
600 1056 650 1088 M.
682 1055 876 1088 Lucullum
909 1059 1052 1089 constet
1082 1055 1281 1089 Thraciam
1313 1057 1514 1098 devicisse,
1546 1057 1639 1091 haec

111 1101 199 1133 libri
222 1102 274 1134 IV
299 1102 412 1134 fuisse
437 1102 516 1135 veri
541 1101 660 1134 simile
687 1105 744 1134 est
768 1101 856 1143 (vid.
881 1102 933 1134 IV
956 1100 1027 1143 38).

226 1190 279 1230 73
313 1191 392 1244 [Kr.
414 1195 470 1230 39.
507 1193 546 1230 G.
568 1166 710 1245 l1178].
763 1191 934 1232 Feroces
964 1191 1175 1232 Dalmatae.

223 1264 377 1297 Tertull.
404 1265 448 1297 de
475 1265 598 1297 anima
615 1275 649 1307 p.
669 1263 752 1297 313:
779 1264 961 1298 Sallustius
976 1275 1081 1298 vanos
1098 1265 1244 1298 Mauros
1259 1269 1292 1297 et
1304 1265 1444 1306 feroces
1461 1267 1638 1299 Dalmatas

107 1312 234 1352 pulsat.
283 1309 359 1342 cfr.
386 1310 429 1342 fr.
455 1310 473 1342 1
496 1308 551 1342 63.
593 1310 732 1342 Eodem
756 1310 838 1343 loco
868 1310 959 1342 illud
984 1310 1120 1343 dictum
1145 1310 1280 1351 fuisse,
1314 1321 1384 1353 quo
1409 1311 1453 1343 fr.
1480 1311 1553 1343 inc.
1583 1311 1636 1352 ll,

109 1365 169 1388 res
192 1354 273 1398 ipsa
298 1355 418 1388 docet.
431 1389 433 1391 ,

222 1434 275 1473 74
308 1434 390 1488 [Kr.
410 1438 466 1472 40.
499 1436 537 1472 G.
560 1433 638 1487 82].
699 1433 816 1474 Ostia.

221 1507 438 1541 Sallustium
454 1508 668 1550 frequenter
686 1508 798 1552 etiam
815 1507 951 1551 plurali
967 1518 1116 1542 numero
1129 1508 1257 1541 urbem
1275 1507 1506 1551 significasse
1523 1511 1637 1541 testa-

107 1556 165 1586 tus
191 1555 248 1586 est
272 1552 414 1586 Charis.
440 1564 475 1596 p.
501 1551 556 1585 98.

192 1644 274 1682 ‘75
307 1643 404 1696 ‘[Kr.
428 1648 484 1681 41.
514 1646 553 1682 G.
581 1645 610 1682 Π
634 1642 710 1696 21].
772 1643 1021 1697 [Pompeius]
1054 1644 1133 1683 oris
1162 1643 1290 1696 probi,
1322 1644 1453 1683 animo
1482 1628 1651 1684 invere-·

107 1711 249 1750 cundo.

219 1778 321 1811 Suet.
347 1778 392 1811 de
418 1788 470 1821 gr.
498 1789 530 1811 c.
560 1777 616 1810 l5:
643 1779 820 1816 Lenaeus,
845 1778 969 1820 Mayni
990 1779 1133 1820 Pompei
1155 1779 1304 1817 libertus,
1332 1797 1372 1802 —
1398 1783 1494 1811 tanto
1519 1789 1634 1813 amore

105 1834 190 1867 erga
210 1824 354 1866 patroni
375 1825 565 1856 memoriam
590 1825 721 1862 extitit,
758 1828 793 1854 nc
818 1822 1011 1856 Sallustium
1035 1824 1246 1861 historicum,
1280 1825 1372 1866 qnod
1394 1834 1465 1855 eum
1491 1825 1565 1856 oris
1591 1844 1632 1848 —

105 1869 354 1902 inverecundo
371 1872 575 1910 scripsisset,
595 1869 814 1901 acerbissima
828 1873 950 1910 satyra
966 1871 1180 1900 laceraverit.
1213 1869 1344 1910 Doleo,
1364 1869 1458 1911 quod
1471 1869 1633 1902 Kritzius

105 1915 327 1957 scripturam
351 1916 423 1946 oris
447 1914 583 1955 inprobi
606 1914 771 1946 retinuit.
814 1913 903 1945 Cum
928 1916 1024 1946 enim
1049 1924 1087 1946 os
1112 1914 1232 1945 animo
1258 1914 1466 1956 obpositam
1490 1914 1563 1946 nisi
1587 1915 1631 1947 de

106 1959 205 1992 facie
232 1960 306 1992 oris
330 1958 500 2000 intellegi
524 1969 597 1991 non
621 1959 747 2002 possit,
776 1968 857 1990 cum
882 1959 1096 2001 Pompeium
1120 1970 1159 1991 os
1181 1958 1322 2000 probum
1343 1959 1516 1991 habuisse
1534 1958 1630 1992 Plin.

105 2005 153 2037 H.
179 2005 223 2037 N.
249 2004 322 2036 VII
348 2003 401 2044 10,
426 2004 601 2036 XXXVII
624 2005 657 2044 2,
686 2004 874 2036 erubuisse
901 2003 985 2036 Sen.
1011 2004 1080 2046 Ep.
1099 2014 1189 2036 mor.
1216 2004 1234 2035 Ι
1262 2003 1315 2045 ll,
1340 2004 1362 2035 4
1386 2007 1546 2036 testatus
1570 2005 1630 2044 sit,

106 2060 189 2082 cum
213 2050 371 2091 denique
388 2049 458 2082 hoc
475 2049 743 2091 gravissumum
761 2049 995 2091 obprobrium
1011 2049 1071 2090 sit,
1099 2049 1237 2081 faciem
1253 2049 1403 2091 ingenio
1420 2060 1494 2081 non
1506 2059 1633 2091 parem

105 2095 232 2135 fuisse,
257 2094 318 2126 vel
343 2104 388 2126 ex
413 2095 629 2127 coniectura
653 2094 922 2126 restituendum
947 2094 1018 2126 fuit
1041 2094 1153 2136 probi,
1181 2097 1222 2126 ut
1247 2094 1364 2126 edidit
1388 2094 1544 2127 Rothius
1570 2105 1629 2137 ap.

106 2140 206 2172 Suet.
256 2139 349 2172 Loci
374 2139 595 2172 Sallustiani
618 2150 690 2172 non
714 2149 862 2182 prorsus
882 2140 1057 2172 inmemor
1073 2139 1218 2171 videtur
1235 2139 1350 2172 fuisse
1369 2140 1631 2182 grammaticus

104 2184 274 2218 Endlich.
306 2184 445 2217 Anecd.
481 2196 516 2227 p.
550 2183 611 2218 38:
644 2189 677 2217 et
709 2185 792 2217 illud
814 2185 856 2217 de
881 2185 1060 2226 Pompeio,
1094 2185 1152 2228 qui
1180 2187 1305 2217 coloris
1337 2189 1414 2217 erat
1445 2185 1543 2217 rubei
1569 2186 1643 2229 sed*

103 2231 209 2263 animi
231 2231 468 2267 inverecundi,-
490 2231 555 2262 sed
577 2241 671 2273 quem
695 2241 762 2263 non
783 2230 890 2272 pudet
914 2234 948 2262 et
970 2229 1084 2268 rubet,
1117 2241 1183 2262 non
1208 2234 1259 2262 est
1283 2230 1376 2262 lzomo
1390 2255 1398 2268 ,
1433 2231 1498 2262 sed
1519 2231 1629 2272 ropio.

217 2320 271 2360 76
303 2319 384 2373 [Kr.
406 2326 462 2358 42.
494 2322 533 2358 G.
555 2322 569 2358 I
590 2319 668 2373 40].
733 2320 840 2360 Inter
869 2332 979 2360 arma
1010 2320 1133 2360 civilia
1162 2321 1276 2372 aequi
1306 2320 1479 2372 bonique
1509 2321 1632 2360 famas

102 2390 210 2441 petit.

217 2456 347 2488 Senec.
373 2456 443 2497 Ep.
469 2465 558 2488 mor.
583 2455 672 2487 XIX
688 2454 710 2487 5
735 2454 841 2498 (114),
870 2454 922 2496 19,
951 2466 1020 2498 quo
1045 2455 1151 2491 modo
1176 2455 1371 2488 Arruntius
1397 2467 1439 2489 eo
1459 2456 1541 2488 loco
1568 2456 1630 2488 ab·

102 2511 190 2534 usus
214 2502 282 2541 sit,
310 2501 430 2533 docet.

217 2592 270 2630 77
304 2590 383 2643 [Kr.
408 2595 465 2629 43.
497 2592 536 2628 G.
558 2592 572 2629 1
596 2589 672 2643 74].
731 2569 789 2630 Ex
817 2589 1022 2630 insolentia
1052 2591 1186 2631 avidus
1213 2590 1314 2630 male
1343 2591 1526 2630 faciundi.

217 2664 319 2696 Serv.
346 2663 393 2696 ad
415 2663 525 2706 Verg.
551 2662 593 2696 A.
619 2664 671 2696 IX
695 2663 774 2697 343.
815 2663 854 2696 Si
879 2674 924 2696 ea.
948 2664 1064 2697 verba
1089 2683 1131 2687 —
1157 2674 1252 2706 quae
1277 2664 1411 2695 Kritzii
1442 2664 1630 2695 sententia

105 2712 162 2742 est
178 2727 220 2732 —
238 2709 283 2741 de
301 2709 342 2741 P.
362 2708 492 2741 Clodio
509 2708 611 2742 dicta
629 2709 743 2749 fuere,
764 2708 979 2741 Sallustium
995 2720 1069 2742 non
1086 2710 1165 2741 eius
1182 2709 1305 2751 gratia
1331 2719 1363 2740 a.
1383 2708 1426 2740 52
1444 2708 1629 2740 tribunum

105 2754 230 2797 plebei
253 2755 296 2787 Τ.
323 2754 442 2787 Annio
467 2753 598 2786 Miloni
624 2754 876 2787 advorsarium
902 2755 1015 2787 fuisse
1043 2754 1287 2796 cognoscitur.

218 2845 271 2885 78
307 2843 387 2897 [Kr.
411 2850 467 2882 44.
498 2846 537 2882 G.
558 2846 601 2882 ΙΙΙ
625 2843 678 2897 2]
728 2844 773 2883 In
800 2845 886 2895 quis
914 2843 1154 2893 longissumo
1176 2855 1271 2882 aevo
1298 2842 1418 2882 multa
1444 2843 1492 2882 (le
1515 2843 1629 2884 bonis

106 2911 201 2951 falsa
231 2913 271 2951 in
302 2911 475 2951 (leterius
504 2912 722 2963 conposuit.
1542 2919 1547 2923 ·
