1826 3268
226 247 275 287 16
708 259 1007 286 HISTORlARVM
1039 259 1119 285 LIB.
1153 260 1168 286 1
1198 255 1254 289 48.

223 360 367 410 indigni
400 372 443 398 re
475 359 627 409 publica
661 357 781 396 babiti
808 358 977 408 praedae
1013 358 1100 397 1000
1131 363 1418 405 aestumantur,
1458 361 1600 413 quippe
1630 365 1758 402 m'etu-

221 439 358 477 pacem
391 429 636 476 repetenteS,
669 437 745 476 quo
776 424 947 464 habitam
979 428 1200 466 amiserant.
1260 427 1451 479 Equidem
1482 441 1503 467 a
1531 431 1735 481 principio,
1761 434 1783 467 6

223 506 311 531 cum
351 493 546 531 Etruriam
585 493 811 537 coniurare,
857 494 1099 544 proscriptos
1134 495 1300 539 accersi,
1346 495 1617 545 largitionibus
1654 509 1737 535 rem

221 559 417 609 publicam
446 558 610 597 lacerari
636 559 823 604 videbam,
854 561 1137 615 maturandum
1159 561 1342 612 putabam
1368 567 1409 601 'et
1430 562 1552 602 Catuli
1581 563 1739 602 consilia

193 639 310 667 scum
343 627 476 676 paucis
503 630 660 664 secutus
687 638 785 665 sum.
840 627 1020 666 Ceterum
1052 627 1126 673 illi,
1166 630 1231 680 qui
1269 631 1394 681 gentis
1422 629 1607 669 Aemiliae
1638 630 1738 669 bene

222 694 318 731 sacta
344 692 580 732 extollebant
595 698 632 731 et
653 694 895 742 ignoscundo
915 695 1049 745 populi
1065 696 1228 735 Romani
1246 698 1552 747 magnitudinem
1570 698 1734 742 auxisse,

220 772 412 812 nusquam
444 762 641 799 etiamtum
665 761 853 811 Lepidum
875 755 1129 813 progressum
1151 764 1318 809 aiebant,
1350 777 1437 804 cum
1461 761 1607 816 privata
1628 777 1736 803 arma

220 827 504 877 obprimundae
537 828 725 868 libertatis
755 830 942 879 cepisset:
979 830 1051 869 sibi
1088 832 1252 882 quisque
1292 844 1386 883 opes
1420 836 1486 871 aut
1522 833 1737 883 patrocinia

221 895 449 946 quaerundo
481 895 683 934 consilium
715 895 913 945 publicum
946 903 1227 948 conruperunt.
1279 899 1327 937 At
1351 903 1434 938 tum
1462 904 1546 938 erat
1569 900 1745 951 Lepidus.

178 963 319 1004 iolatro
355 968 442 1001 cum
473 962 673 1001 calonibus
703 968 741 1001 et
767 965 901 1014 paucis
931 965 1096 1009 sicariiS,
1137 977 1304 1015 quorum
1342 978 1457 1005 nemo
1494 978 1571 1005 non
1599 966 1737 1004 diurna

220 1030 402 1069 mercede
431 1031 544 1069 vitam
576 1031 800 1069 mutaverit:
842 1043 946 1070 nunc
982 1036 1039 1078 est
1070 1044 1143 1083 pro
1174 1032 1333 1071 consule
1364 1045 1451 1072 cum
1480 1034 1630 1084 inperio
1660 1045 1737 1072 non

213 1102 351 1148 >empto
385 1102 443 1136 set
474 1098 562 1136 dato
588 1110 606 1135 a
640 1098 760 1143 vobis,
789 1110 877 1136 cum
908 1098 1044 1153 legatis
1074 1099 1202 1138 adhuc
1232 1101 1316 1139 iure
1347 1100 1597 1151 parentibus:
1630 1105 1667 1139 et
1690 1101 1736 1139 ad

222 1178 311 1204 eum
340 1177 578 1204 concurrere
609 1165 787 1205 homines
815 1167 987 1205 omnium
1020 1167 1200 1206 ordinum
1225 1169 1538 1218 conruptissumi,
1570 1167 1738 1218 flagran-

220 1237 278 1272 tes
305 1233 433 1283 inopia
467 1236 504 1271 et
541 1233 804 1284 cupidinibus,
843 1233 1038 1272 scelerum
1076 1236 1311 1274 conscientia
1356 1236 1555 1286 exagitati,
1597 1235 1739 1287 quibus

175 1318 206 1343 15
224 1301 333 1352 quies
362 1301 401 1339 in
421 1299 685 1345 seditionibuS,
719 1301 756 1338 in
778 1312 874 1351 pace
898 1300 1035 1340 turbae
1059 1306 1168 1340 sunt:
1201 1302 1236 1340 ei
1257 1302 1464 1341 tumultum
1491 1315 1537 1341 ex
1558 1302 1738 1347 tumultu,

220 1367 367 1406 bellum
399 1380 444 1406 ex
476 1366 579 1406 bello
614 1360 1003 1412 seruntsSaturnini
1043 1368 1154 1413 olim,
1195 1373 1282 1419 post
1312 1369 1476 1420 Sulpici,
1517 1370 1605 1409 dein
1643 1369 1740 1409 Mari

220 1435 541 1486 Damasippique,
591 1446 696 1473 nunc
733 1435 868 1485 Lepidi
914 1434 1108 1474 satellites
1171 1436 1378 1476 Praeterea
1425 1437 1578 1476 Etruria
1623 1441 1739 1488 atque
1762 1448 1791 1482 8,

222 1513 358 1541 omnes
387 1501 572 1552 reliquiae
609 1501 700 1540 belli
731 1502 931 1547 adrectae,
963 1502 1169 1553 Hispaniae
1203 1506 1321 1542 armis
1347 1504 1551 1549 sollicitae,
1591 1504 1739 1543 Mithri-

221 1570 329 1608 dates
357 1570 395 1607 in
427 1566 548 1608 latere
577 1568 820 1620 vectigalium
849 1574 1095 1615 nostrorum,
1135 1571 1276 1622 quibus
1305 1571 1432 1610 adhuc
1461 1575 1738 1617 sustentamur,

176 1654 208 1679 20
223 1637 323 1675 diem
352 1635 455 1675 bello
485 1637 767 1686 circumspicit:
807 1637 898 1688 quin
938 1642 1094 1687 praeter
1123 1638 1306 1677 idoneum
1337 1639 1476 1677 ducem
1506 1639 1600 1678 nihil
1631 1638 1741 1678 abest

222 1704 269 1742 ad
299 1703 610 1742 subvortundum
639 1704 846 1754 inperium.
1705 1755 1707 1757 ι

335 1771 448 1817 Quod
469 1782 541 1821 ego
564 1782 629 1809 vos
651 1783 721 1809 oro
749 1775 863 1822 atque
886 1771 1064 1816 obsecro,
1097 1776 1227 1822 patres
1254 1774 1547 1824 conscripti,.ut
1567 1774 1739 1813 animad-
1763 1783 1785 1816 9

224 1840 393 1883 vortatiS,
425 1850 502 1877 neu
532 1839 731 1888 patiamini
754 1838 949 1878 licentiam
973 1838 1167 1878 scelerum
1190 1841 1299 1891 quasi
1319 1840 1469 1880 rabiem
1493 1841 1541 1879 ad
1564 1842 1738 1890 integros

224 1911 405 1945 contactu
434 1906 664 1956 procedere.
725 1906 822 1944 Nam
853 1905 920 1944 ubi
949 1906 1073 1945 malos
1105 1908 1277 1958 praemia
1307 1912 1513 1952 secuntur,
1549 1907 1644 1947 haut
1681 1907 1738 1946 sa-

176 1991 209 2016 25
224 1973 295 2012 cile
326 1974 531 2024 quisquam
570 1974 738 2023 gratuito
776 1972 904 2012 bonus
944 1979 1013 2012 est.
1075 1975 1133 2014 An
1165 1975 1401 2024 expectatis,
1437 1975 1531 2014 dum
1565 1975 1738 2014 exercitu
1767 1985 1807 2017 10

222 2052 361 2080 rursus
395 2041 551 2079 admoto
592 2040 698 2079 ferro
737 2045 852 2091 atque
891 2040 1047 2079 flamma
1084 2041 1225 2080 urbem
1259 2042 1436 2080 invadat?
1479 2042 1583 2093 quod
1619 2042 1740 2081 multo

223 2108 384 2158 propius
416 2112 473 2146 est
501 2107 549 2145 ab
581 2120 627 2145 eo
657 2119 734 2158 quo
764 2108 881 2157 agitat
909 2111 1023 2153 statu,
1057 2106 1173 2160 'quam
1197 2119 1242 2148 ex
1269 2121 1364 2160 pace
1396 2113 1433 2148 et
1462 2110 1669 2148 concordia
1693 2110 1739 2148 ad

224 2187 331 2213 arma
361 2173 503 2219 civilia,
540 2185 639 2224 quae
678 2174 740 2213 ille
771 2174 978 2213 advorsum
1021 2175 1147 2214 divina
1185 2180 1222 2214 et
1259 2176 1428 2215 humana
1465 2178 1594 2215 omnia
1622 2177 1738 2227 cepit,

224 2254 302 2283 non
333 2253 406 2291 pro
438 2253 507 2279 sua
535 2246 599 2279 aut
627 2253 795 2293 quorum
827 2242 981 2286 simulat
1009 2243 1167 2287 iniuria,
1205 2247 1263 2281 set
1301 2242 1430 2294 legum
1471 2256 1516 2282 ac
1553 2243 1741 2282 libertatis

338 2353 448 2429 {li-:sn
478 2363 554 2385 sen.
598 2353 626 2385 1.
653 2353 757 2385 Arus.
786 2353 950 2395 Indignus
974 2355 1037 2386 leae
1062 2365 1111 2386 re.
1160 2354 1327 2387 Salustius
1353 2357 1444 2387 Hisl.
1471 2356 1506 2387 I:
1541 2359 1577 2387 ct
1601 2355 1741 2397 indigni

225 2408 263 2430 re
288 2407 336 2440 pu
378 2409 447 2429 ica.

225 2521 257 2554 3.
286 2522 427 2554 accersi
451 2520 494 2555 513.
538 2521 711 2552 accersiri
734 2523 785 2553 vel
809 2522 979 2554 arcessiri
1004 2523 1081 2554 edd.
1100 2541 1142 2545 —
1158 2522 1190 2555 9.
1217 2523 1263 2554 At
1288 2526 1363 2555 tum
1379 2522 1422 2558 Q.
1467 2526 1628 2555 attamen
1648 2525 1739 2556 Corl.

227 2570 265 2599 at:
288 2569 374 2598 tunc
399 2566 465 2597 K.r
503 2583 547 2588 —-
589 2565 640 2597 10.
677 2566 752 2597 Cum
782 2567 866 2598 haec
894 2567 998 2598 verba
1021 2578 1060 2598 eo
1084 2572 1242 2608 spectare
1267 2569 1452 2609 adpareat
1485 2572 1519 2599 ut
1544 2579 1639 2611 quam
1664 2580 1741 2601 eon-

226 2612 417 2643 temnendus
449 2615 549 2642 antea
575 2611 683 2650 fuer-cl
706 2611 834 2651 Lepidi
861 2614 1034 2643 eoeereitus
1058 2614 1272 2650 ostendatur,
1304 2613 1386 2644 nihil
1415 2614 1508 2644 aliud
1536 2615 1605 2645 dici
1632 2614 1742 2654 poluit

226 2658 291 2688 nisi
313 2656 393 2688 Ιιοο.·
421 2656 589 2697 facillume
614 2665 725 2687 omnes
756 2657 874 2687 milites
904 2657 1093 2688 eonmoveri
1113 2661 1261 2697 potuisse
1286 2662 1321 2688 ut
1345 2667 1391 2689 eae
1415 2659 1486 2688 eius
1509 2661 1633 2689 etzsl7is
1657 2658 1742 2691 dila-

227 2701 287 2732 bei
289 2705 396 2733 entur
446 2701 548 2732 Hanc
571 2710 652 2742 eryo
676 2703 873 2732 sententiam
899 2700 940 2731 ab
958 2700 1117 2732 Sallustio
1133 2703 1295 2743 scriptam
1314 2702 1420 2742 fuisse
1437 2703 1653 2743 manufestum
1671 2707 1742 2734 eet:

227 2756 338 2777 omnes
362 2747 483 2777 diurna
513 2746 666 2777 mercede
696 2747 794 2776 vitam
818 2750 1017 2782 mutaturos,
1051 2747 1168 2777 nedum
1194 2747 1358 2787 Lepidum
1396 2747 1592 2779 deseeruros*
1620 2748 1740 2788 fuisse.

228 2790 322 2831 Ergo
348 2801 416 2821 eum
445 2791 558 2822 Cortio
584 2791 746 2822 advorsus
770 2788 801 2824 B
827 2791 1059 2822 auctoritatem
1082 2800 1153 2821 non
1177 2801 1269 2821 inser
1271 2792 1399 2822 undum
1426 2809 1467 2812 —
1497 2791 1548 2823 10.
1575 2802 1638 2833 pro
1658 2792 1740 2824 Cos.

229 2833 271 2867 Q.
321 2835 511 2875 proconsul
534 2837 619 2876 voly.
653 2852 693 2857 —
730 2834 780 2866 15.
807 2835 844 2865 hi
868 2835 956 2867 libri.
985 2853 1026 2856 ——
1055 2833 1105 2866 16.
1136 2835 1289 2876 Sulpicii
1314 2834 1356 2869 Β.
1428 2836 1522 2867 Mari
1547 2803 1590 2870 Ql.
1617 2854 1660 2858 —
1685 2836 1740 2868 23.

229 2889 274 2909 ue
307 2879 497 2919 patiamini
529 2878 572 2913 Q.
644 2880 783 2910 rabiem
814 2878 856 2913 Ἣ.
906 2879 1029 2911 tabem
1063 2880 1182 2911 (lamio
1208 2880 1274 2911 Κ7.
1314 2880 1405 2911 Illud
1433 2883 1518 2911 .ςαὶίο
1548 2881 1743 2922 defenditur

229 2924 311 2954 lovis
337 2924 409 2954 Lim.
436 2924 484 2955 IV
508 2923 529 2954 9
554 2928 645 2956 (πω.
671 2925 755 2955 XXI
779 2924 840 2965 48,
867 2923 898 2956 3.
930 2925 1083 2956 XXVIII
1108 2923 1151 2956 34
1175 2928 1219 2956 in.
1252 2942 1287 2946 —
1324 2925 1378 2956 24.
1412 2928 1583 2956 secuntur
1613 2924 1656 2959 2³.
