1826 3282
195 240 247 281 70
480 254 487 259 ⁴
605 228 904 279 nis'rouiA'ssvm
934 249 1018 274 Lm.
1050 249 1100 274 111
1129 242 1291 278 :ze-32.

195 357 233 392 ec
259 352 466 392 Lucretius
495 351 618 387 tenuit
644 355 682 388 et
708 349 937 387 Sallustius.-
968 349 1099 397 primo
1129 351 1282 393 aerem,
1315 349 1409 388 inde
1434 359 1600 397 aquam,
1625 351 1717 397 post

193 420 345 469 pabula
373 428 455 455 esse
483 420 686 465 corrupta.
740 414 837 454 Cum
867 415 917 455 de>
944 415 1016 456 alia
1045 415 1264 466 pestilentia
1285 415 1509 458 Sallustium
1530 416 1568 454 in
1587 414 1714 455 Histo-

197 487 264 523 riis
303 485 445 522 dixisse
482 482 590 522 nullo
626 483 848 522 testimonio
879 486 1048 527 constet,
1087 494 1166 521 nou
1206 482 1428 522 dubitamus
1463 482 1561 522 haec
1598 481 1715 521 verba

197 551 307 590 Servi
337 551 383 589 ad
415 536 586 601 pestem,
618 562 717 602 quae
747 550 786 589 in
815 549 1045 590 Mithridatis
1074 551 1248 590 exercitu
1282 550 1331 589 ad
1363 549 1543 601 Cyzicum
1571 549 1716 595 saeviit,

197 618 362 657 referre.
423 618 491 657 Set
528 622 644 656 erunt
681 617 848 656 fortasse
874 619 940 669 qui
965 618 1176 663 mirentur,
1211 617 1315 669 quod
1355 628 1474 667 supra
1511 616 1560 656 ad
1587 616 1634 655 fr.
1663 616 1716 655 25

197 686 421 736 negaverim
461 684 702 736 pestilentiae
740 684 935 736 quoddam
968 696 1093 735 genus
1131 684 1178 723 ab
1210 684 1391 724 Sallustio
1427 684 1621 735 copiosius
1650 682 1717 722 de-

198 753 388 803 scriptum
425 763 510 792 esse
548 764 620 791 nos
654 757 885 802 conpertum
921 752 1081 792 habere.
1141 751 1297 791 Scilicet
1327 751 1431 791 aliud
1467 755 1525 790 est
1563 761 1720 790 caussas

197 819 327 858 morbi
359 831 647 864 conmemorae,
680 819 783 859 aliud
813 819 942 859 morbi
972 831 1096 870 genus
1127 819 1378 858 describere·

314 920 397 960 *29
433 921 511 974 [Kr.
537 924 593 958 30.
635 922 673 958 G.
697 922 764 959 inc.
788 918 865 972 88].
926 920 1023 961 Cum
1052 919 1286 959 Plutarchus
1316 919 1410 958 Luc.
1437 931 1470 958 c.
1506 920 1577 964 11,
1614 922 1720 970 post-

200 1001 318 1040 quam
345 990 494 1040 equites
521 1000 611 1027 cum
637 987 911 1038 inpedimentis
943 991 982 1040 et
1004 986 1182 1026 invalidis
1207 985 1401 1038 peditibus
1427 985 1475 1025 ab
1501 985 1721 1025 Mithridate

200 1057 239 1094 in
273 1048 493 1108 Bithyniam
531 1056 671 1094 missos
707 1067 780 1106 per
808 1053 1014 1094 Lucullum
1046 1054 1094 1094 ad
1124 1053 1382 1106 Rhyndacum
1415 1040 1576 1093 fluvium
1615 1052 1723 1092 fusos

202 1127 240 1162 et
269 1124 496 1174 profligatos
527 1135 611 1162 esse
634 1123 818 1166 narravit,
851 1123 906 1161 sic
927 1126 1086 1172 pergat:
1119 1119 1406 1160 Σαλουστίου
1438 1114 1485 1159 δὲ
1508 1113 1722 1172 θαυμάζω

201 1186 299 1231 τότε
320 1187 499 1240 πρῶτον
531 1177 685 1242 ὦφθαι
698 1180 927 1240 Ῥωμαίοις
956 1182 1184 1241 καμήλους
1206 1183 1430 1239 λέγοντος,
1461 1200 1540 1226 non
1561 1183 1723 1227 dubium

202 1263 280 1304 est,
321 1259 414 1310 quin
444 1257 538 1297 illud
567 1257 706 1296 eodem
734 1256 841 1301 loco,
875 1268 953 1308 quo
983 1256 1111 1308 Cyzici
1142 1256 1291 1295 obsidio
1318 1259 1498 1300 narrata,
1535 1256 1723 1306 scriptum

202 1327 330 1365 fuerit.

317 1425 403 1465 *30
435 1425 514 1479 [Kr.
534 1430 588 1464 34.
620 1428 658 1463 G.
681 1424 756 1478 37].
814 1425 911 1463 Tota
942 1427 1071 1464 autem
1102 1423 1226 1463 insula
1257 1423 1408 1463 modica
1438 1427 1475 1463 et
1510 1422 1725 1462 cultoribus

202 1495 327 1533 inanis
357 1498 426 1533 est.

317 1572 473 1604 Servata
505 1572 599 1603 haec
631 1571 746 1604 verba
779 1571 824 1603 ab
849 1571 957 1602 Mart.
986 1570 1076 1612 Cap.
1111 1570 1142 1602 V
1167 1581 1202 1612 p.
1230 1569 1293 1601 111
1328 1570 1383 1602 ed.
1415 1569 1501 1601 Bas.
1538 1567 1624 1601 1580
1653 1579 1725 1601 non

204 1617 350 1649 dubium
377 1619 432 1648 est
465 1617 550 1658 quin
583 1616 628 1648 ad
652 1616 807 1648 insulam
832 1615 1075 1658 pertinuerint
1103 1614 1194 1646 haut
1223 1614 1332 1657 longe
1367 1615 1412 1647 ab
1438 1615 1575 1646 Lemno
1601 1614 1722 1654 sitam,

207 1662 253 1694 ad
278 1672 385 1704 quam
411 1661 456 1694 ab
483 1661 634 1694 Lucullo
661 1672 742 1694 cum
767 1660 857 1694 alios
881 1660 1104 1692 Mithridatis
1129 1660 1258 1699 duces,
1290 1663 1366 1691 tum
1389 1659 1546 1691 Marium
1571 1659 1616 1691 ab
1643 1658 1724 1691 Ser-

204 1707 296 1784 }plrip
327 1706 486 1783 ῗίεειιῗέ
507 1709 634 1749 captos
668 1716 747 1739 esse
779 1706 976 1738 memoriae
1015 1704 1206 1747 prodidere
1237 1705 1328 1747 App.
1361 1704 1396 1736 b.
1428 1705 1478 1736 M.
1504 1704 1547 1735 77
1579 1715 1613 1746 p.
1646 1702 1723 1736 385.

251 1762 300 1784 ιι.
359 1762 416 1784 uc.
491 1776 497 1783 .

197 1880 201 1882 -
321 1830 368 1869 31
415 1830 501 1883 [Kr.
523 1834 578 1868 35.
621 1833 659 1868 G.
681 1829 766 1882 97].
826 1829 961 1880 Neque
994 1829 1070 1868 iam
1105 1828 1288 1867 sustineri
1318 1831 1471 1878 poterat
1505 1829 1725 1868 inmensum

207 1902 321 1937 aucto
352 1898 450 1936 mari
482 1901 519 1936 et
547 1902 661 1937 vento
692 1897 890 1947 gliscente.

318 1977 409 2009 Non.
436 1988 471 2018 p.
499 1975 540 2008 14
565 1986 592 2008 s.
619 1986 653 2009 v.
677 1977 834 2018 yliscere.
875 1974 963 2007 Veri
986 1973 1103 2006 simile
1130 1976 1185 2006 est
1207 1973 1302 2005 haec
1327 1973 1427 2005 dicta
1451 1973 1565 2005 fuisse
1591 1973 1635 2005 de
1658 1973 1726 2005 Mi-

206 2021 377 2053 thridatis
404 2021 523 2053 classe
550 2022 596 2053 ad
620 2021 768 2053 Parium
792 2030 858 2063 per
881 2019 1079 2062 procellam
1104 2018 1227 2050 deleta
1252 2017 1361 2059 (Plut.
1381 2018 1470 2050 Luc.
1493 2018 1544 2050 13.
1577 2018 1670 2061 App.
1688 2018 1723 2051 b.

206 2067 254 2098 M.
282 2066 326 2097 78
350 2078 384 2109 p.
412 2065 477 2099 385
503 2076 555 2108 sq.
590 2066 694 2098 Oros.
719 2066 772 2097 VI
794 2065 849 2107 2),
876 2068 931 2096 set
956 2064 1072 2095 minus
1098 2063 1298 2106 probabilis
1322 2063 1466 2096 videtur
1489 2063 1621 2095 Kritzii
1645 2073 1725 2095 sen-

208 2111 324 2143 tentia
348 2113 510 2143 sustineri
541 2110 705 2142 absolute
737 2109 795 2142 vel
827 2109 945 2152 potius
973 2108 1256 2151 inpersonaliter
1279 2108 1413 2140 dietum
1440 2118 1538 2148 esse,
1573 2116 1727 2141 cum-ex

207 2166 312 2198 neque
339 2156 528 2198 adpareat,
555 2155 803 2197 praecessisse
831 2154 876 2186 ad
902 2154 995 2196 quod
1019 2154 1049 2185 is
1074 2151 1274 2185 infinitiv'us
1299 2153 1510 2195 pertineret.

322 2232 375 2272 32
401 2233 480 2286 [Kr.
503 2238 558 2272 37.
594 2236 631 2272 G.
654 2236 697 2272 lV
718 2232 795 2285 48].
853 2232 941 2272 Non
966 2236 1009 2271 tu
1039 2233 1134 2277 scis,
1174 2233 1205 2270 si
1237 2243 1333 2282 quas
1363 2232 1468 2271 aedis
1497 2233 1598 2282 ignis
1624 2233 1727 2283 cepit

209 2303 369 2346 acriter,
398 2314 476 2340 non
508 2301 640 2340 faciles
670 2304 760 2340 sunt
785 2300 947 2340 defensu
980 2300 1072 2351 quin
1103 2299 1372 2339 conburautur
1398 2312 1625 2351 proxumae.

320 2379 462 2412 Charis.
495 2391 529 2422 p.
560 2379 640 2411 195:
672 2379 814 2412 Acriter
848 2379 985 2421 Crispus
1016 2379 1072 2410 ΙΙΙ
1103 2388 1175 2410 non
1201 2396 1242 2400 —
1267 2388 1475 2420 proxumae.
1524 2378 1594 2410 Pro
1622 2379 1727 2420 facile

209 2425 302 2468 quod
332 2425 365 2457 N
397 2425 561 2463 exhibet,
601 2424 833 2456 scribundum
872 2434 952 2456 esse
986 2424 1109 2465 faciles
1141 2423 1327 2465 perspexit
1360 2423 1404 2455 G.
1437 2423 1612 2466 XVagner.
1644 2423 1725 2455 Act.

209 2482 241 2513 g.
269 2470 321 2502 IX
345 2481 379 2512 p.
409 2469 484 2502 192.
540 2470 630 2501 Tum
656 2470 712 2512 qui
740 2480 781 2501 ne
805 2469 857 2508 N,
891 2470 969 2511 quin
1000 2473 1034 2500 et
1070 2468 1259 2500 editiones.
1316 2468 1485 2510 Plerique
1517 2477 1640 2501 omnes
1672 2466 1728 2500 ita

209 2518 380 2555 censent,
413 2514 508 2547 haec
532 2514 647 2546 verba
672 2514 786 2545 fuisse
810 2513 871 2545 vel
895 2514 933 2545 in
959 2513 1118 2556 epistula
1143 2513 1241 2554 regis
1264 2513 1510 2553 Mithridatis,
1544 2523 1614 2555 qua
1643 2514 1729 2555 post

211 2560 353 2592 cladem
385 2559 433 2592 ad
465 2558 637 2600 Cyzicum
675 2561 869 2600 acceptam
907 2568 1015 2600 reges
1051 2557 1235 2589 finitumos
1272 2560 1312 2589 ut
1343 2557 1516 2590 auxilium
1552 2557 1624 2591 sibi
1655 2557 1727 2590 fer-

209 2608 290 2637 rent
314 2605 502 2647 rogaverit
527 2603 632 2646 (App.
659 2603 694 2636 b.
721 2604 769 2635 M.
796 2601 839 2634 78
863 2613 897 2645 p.
923 2601 1000 2635 386.
1026 2602 1207 2635 Memnon.
1236 2613 1292 2645 ap.
1311 2602 1417 2634 Phot.
1443 2613 1477 2644 p.
1496 2601 1564 2634 234
1578 2601 1727 2643 Bekk.>,

208 2650 269 2682 vel
293 2650 331 2681 in
356 2650 523 2681 oratione
554 2649 600 2680 ab
631 2647 757 2690 legato
792 2647 946 2690 quodam
973 2647 1050 2679 eius
1082 2647 1223 2678 habita.
1274 2646 1313 2678 Si
1338 2647 1423 2689 quid
1447 2646 1571 2687 video,
1607 2646 1728 2690 aptius

210 2705 273 2737 pro
297 2704 473 2737 responso
497 2693 746 2733 habebuntur,
774 2692 868 2735 quod
891 2692 1079 2724 recusanti
1105 2702 1186 2723 cum
1203 2701 1342 2723 summa
1365 2692 1477 2723 animi
1501 2692 1728 2734 permotione

211 2740 392 2771 redditum
417 2739 477 2771 sit.
526 2739 590 2771 Set
621 2748 667 2770 ne
698 2737 816 2770 levius
841 2737 927 2769 olim
953 2736 999 2768 ad
1024 2736 1104 2768 Cat.
1132 2735 1185 2777 35,
1213 2735 1233 2768 3
1258 2747 1291 2778 p.
1322 2735 1384 2768 133
1409 2737 1620 2778 suspicatus
1646 2746 1726 2768 esse

210 2784 339 2816 videar
369 2783 463 2815 male
494 2783 588 2815 haec
619 2783 734 2815 verba
760 2781 934 2814 Sallustio
965 2781 1078 2813 tribui
1103 2798 1139 2803 —
1171 2781 1265 2822 quod
1296 2780 1530 2823 obprobrium
1562 2781 1650 2812 mihi
1674 2781 1727 2813 fe-

212 2830 263 2860 cit
286 2829 459 2871 Wagner.
486 2828 510 2862 l.
537 2839 567 2860 c.
593 2845 656 2867 —‚
693 2827 823 2870 quibus
856 2826 997 2859 caussis
1023 2825 1201 2858 adductus
1233 2826 1286 2857 ita
1319 2825 1559 2858 indicaverim
1586 2835 1628 2858 eo
1654 2836 1728 2858 ma-

211 2874 267 2913 gis
302 2873 551 2915 exponendum
582 2875 687 2915 puto,
729 2872 823 2914 quod
862 2872 1059 2903 etiamnum
1092 2870 1193 2902 illam
1225 2871 1446 2902 sententiam
1478 2880 1550 2902 non
1582 2879 1728 2912 prorsus

212 2918 461 2950 abiiciundam
488 2920 586 2960 puto.
636 2917 796 2949 Primum
821 2917 935 2959 igitur
966 2925 1085 2948 nonne
1110 2915 1255 2956 mirum,
1291 2915 1386 2957 quod
1421 2914 1632 2955 Charisius,
1667 2914 1729 2957 qui
