1838 3288
313 243 615 286 ms'romAmJ’n
637 256 813 286 menam.
842 255 1016 285 menon.
1039 255 1185 289 immo.
1216 248 1396 286 20—22.
1536 241 1613 282 127

203 357 481 391 Difficillumum
499 361 554 390 est
570 357 633 390 ubi
649 356 845 390 Sallustius
865 356 909 390 de
929 356 1121 390 Germanis
1137 356 1271 390 dixerit
1287 356 1480 400 suspicari.
1510 356 1614 388 Haut

93 414 239 447 prorsus
255 403 497 447 inprobabilis
514 403 676 446 volgaris
700 403 887 434 sententia
911 406 978 442 est,
1006 413 1098 443 eum,
1127 413 1207 434 cum
1231 403 1270 434 in
1292 402 1386 434 libro
1403 402 1460 434 111
1477 401 1522 434 de
1538 402 1613 434 Da-

93 449 202 481 nubio
227 449 362 481 dixisse
387 451 542 488 constet,
569 447 738 488 quoniam
755 447 803 479 ad
820 457 901 479 eum
917 447 1064 480 fluvium
1087 447 1192 479 multi
1210 449 1472 480 Germanorum
1488 446 1615 489 populi

92 494 327 534 habitabant,
351 493 412 527 vel
436 493 524 525 data
549 493 743 525 occasione
767 491 913 534 longius
939 493 1182 535 exspatiatum
1214 502 1295 525 esse
1319 492 1379 526 vel
1403 492 1447 524 de
1471 492 1614 534 populis

93 539 131 570 in
154 539 296 571 Moesia
319 537 583 577 incolentibus,
610 537 671 580 qui
689 537 863 570 Germani
882 548 903 569 a
927 537 1112 569 veteribus
1136 537 1254 569 habiti
1278 541 1373 579 sunt,
1392 537 1612 579 disputasse.

94 584 158 616 Set
181 583 304 626 plures
329 583 550 625 suspitiones
574 585 670 622 sunt,
696 592 847 624 quarum
870 581 1009 614 nullam
1032 592 1179 624 prorsus
1204 583 1345 615 reicere
1369 583 1501 625 possis.
1543 582 1612 614 Po-

94 629 165 661 tuit
189 628 234 661 de
261 628 452 661 Germanis
478 626 693 667 confinibus,
718 626 782 659 ubi
806 627 851 658 de
877 626 1023 668 Scythis
1047 627 1149 666 dixit,
1177 627 1440 670 exponerelfr.
1461 627 1519 659 ΙΙΙ
1542 626 1614 666 49),

93 673 211 716 potuit
236 683 316 705 cum
341 673 385 705 de
411 672 582 714 Spartaci
606 671 759 704 consilio
785 671 1022 714 fugitivorum
1046 675 1148 704 trans
1171 672 1275 715 Alpis
1304 671 1616 715 perducendorum

93 718 313 751 mentionem
338 718 449 758 fecit,
473 717 534 750 vel
558 717 623 749 ubi
645 716 874 749 Mithridatis
898 717 1019 749 socios
1043 717 1248 749 Bastarnas
1273 716 1386 760 (App.
1412 717 1448 749 b.
1474 717 1523 748 M.
1550 715 1616 759 69)

94 763 394 796 conmemoravit.
433 762 582 802 Quibus
605 772 673 805 ego
696 772 830 794 novam
862 761 1032 804 adiungo.
1082 761 1193 794 Circa
1218 773 1250 794 a.
1276 762 1319 794 71
1352 763 1486 795 scimus
1512 762 1616 794 Ario-

93 809 227 842 vistum
250 809 289 840 in
314 807 475 841 Galliam
497 807 687 840 transiisse
712 806 890 848 (Momms.
908 806 965 838 111
988 817 1024 849 p.
1043 806 1135 848 224).
1185 806 1411 850 Cum'igitur
1435 807 1616 851 Romanos

95 853 142 886 ad
166 863 226 886 res
248 853 288 885 in
312 852 436 886 Gallia
459 854 585 895 gestas
610 862 755 902 semper
779 851 1062 884 adtentissumos
1085 851 1199 883 fuisse
1218 855 1376 892 constet,
1401 862 1520 884 nonne
1538 851 1618 884 fieri

94 899 223 941 potuit,
248 901 290 930 ut
313 898 358 931 de
383 897 483 930 illius
509 897 669 930 adventu
692 898 732 929 in
755 899 887 940 senatu
910 896 1059 929 litterae
1092 897 1336 929 recitarentur
1365 907 1516 939 eamque
1542 907 1617 929 rem

95 943 291 976 Sallustius
306 953 379 975 non
404 943 612 984 omitteret,
639 945 698 975 set
722 953 767 974 ea
791 944 956 974 uteretur
981 941 1028 974 ad
1050 952 1169 974 mores
1195 941 1458 974 Germanorum
1482 942 1617 974 descri-

93 988 243 1021 bendos.
284 989 379 1020 Nam
404 987 585 1030 copiosius
611 997 694 1019 eum
718 987 762 1020 de
787 986 864 1019 illis
880 987 1104 1027 narravisse,
1131 997 1225 1028 quae
1250 987 1448 1019 memoriae
1472 987 1618 1030 prodita

96 1036 191 1073 sunt,
216 1033 423 1065 luculenter
447 1033 640 1066 ostendere
663 1032 845 1065 videntur.
886 1032 992 1064 Unde
1017 1031 1114 1064 scita
1140 1035 1196 1063 est
1221 1036 1329 1074 atque
1357 1035 1469 1064 acuta
1485 1032 1618 1063 Kritzii

95 1078 249 1121 suspitio
272 1077 476 1121 Vergilium
506 1088 601 1120 quae
627 1076 692 1110 Ge.
717 1077 775 1110 ΙΙΙ
798 1075 992 1110 376-383
1023 1076 1068 1108 de
1095 1077 1290 1110 Germanis
1321 1077 1467 1120 scripsit
1497 1077 1618 1109 omnia

97 1123 143 1155 ab
177 1134 220 1156 eo
251 1123 461 1165 sumpsisse.
510 1123 739 1164 Quamquam
771 1132 852 1154 cum
887 1121 926 1153 id
964 1122 1056 1154 adeo
1086 1121 1210 1154 Taciti
1241 1122 1396 1163 quodam
1425 1122 1618 1154 verborum

97 1178 275 1201 consensu
299 1167 513 1200 confirmare
545 1168 699 1207 studuit,
732 1167 877 1210 longius
901 1177 1115 1210 progressus
1145 1167 1305 1205 videtur,
1340 1178 1421 1199 cum
1450 1167 1514 1199 ille
1546 1177 1619 1199 non

95 1215 213 1246 maior
236 1213 295 1253 sit,
322 1223 430 1255 quam
454 1223 574 1245 rerum
597 1215 730 1245 natura
746 1212 917 1255 postulet.
957 1212 1036 1244 Nec
1053 1212 1247 1254 quidquam
1266 1212 1391 1244 obstat
1415 1222 1483 1254 quo
1501 1212 1619 1244 minus

94 1261 287 1301 utrumque
313 1261 350 1291 et
374 1257 587 1291 Sallustium
612 1263 650 1290 et
664 1257 867 1300 Vergilium
893 1268 938 1289 ex
959 1257 1085 1289 eodem
1109 1257 1222 1298 fonte,
1251 1256 1424 1289 Caesaris
1450 1267 1618 1289 conmen-

95 1303 202 1336 tariis
229 1303 379 1345 eiusque
403 1302 559 1335 militum
582 1302 874 1343 narrationibus,
907 1302 1076 1334 hausisse
1101 1305 1319 1334 statuamus.
1369 1302 1540 1334 Ceterum
1564 1302 1618 1333 in-

97 1348 272 1381 credibile
298 1351 366 1388 est,
392 1347 604 1380 Sallustium
627 1347 720 1380 nihil
743 1347 878 1380 dixisse
902 1347 974 1380 nisi
999 1347 1083 1390 quid
1106 1348 1255 1380 renonis
1272 1346 1492 1380 vocabulum
1509 1347 1621 1389 signi—

96 1393 238 1433 ficaret,
265 1403 346 1425 cum
370 1392 510 1426 Caesar
534 1392 570 1425 b.
597 1404 632 1436 g.
657 1392 710 1426 VI
732 1391 789 1432 21,
806 1392 828 1425 5
854 1403 896 1425 eo
919 1395 961 1424 ut
983 1392 1022 1424 in
1043 1391 1173 1435 volgus
1198 1395 1283 1425 noto
1305 1402 1392 1425 usus
1416 1392 1473 1425 sit.
1515 1391 1620 1432 Quod

97 1439 128 1470 si
152 1438 281 1481 quales
307 1441 429 1471 essent
447 1448 514 1471 eae
530 1442 654 1471 vestes
672 1437 881 1480 descripsit,
914 1438 976 1470 via
999 1437 1158 1469 munitur
1183 1438 1230 1470 ad
1255 1437 1411 1470 alterum
1434 1437 1619 1479 fragmen-

95 1487 172 1516 tum
187 1483 462 1516 emendandum.
494 1483 588 1518 Nam
603 1487 769 1520 intectum,
786 1483 826 1514 in
843 1493 912 1525 quo
929 1483 1003 1515 iam
1021 1482 1174 1515 Colerus
1192 1483 1369 1523 obfendit,
1389 1493 1470 1514 cum
1478 1482 1619 1514 Kritzio

98 1530 153 1561 ita
178 1528 376 1572 explicari,
401 1531 442 1560 ut
464 1528 617 1570 nudum,
642 1527 742 1560 nullo
769 1527 842 1560 alio
867 1527 1086 1560 vestimento
1111 1528 1292 1568 indutum,
1321 1537 1452 1570 corpus
1476 1527 1620 1560 renoni-

96 1574 164 1606 bus
188 1574 326 1606 texisse
353 1573 526 1607 Germani
550 1573 735 1613 dicantur,
768 1583 848 1605 cum
879 1573 1007 1605 mirum
1038 1573 1211 1615 loquendi
1242 1583 1359 1616 genus
1389 1575 1512 1613 vetat,
1544 1575 1620 1603 tum

35 1657 40 1662 ,
97 1629 192 1661 quae
224 1619 268 1652 de
298 1618 363 1651 illo
394 1619 532 1651 vestitu
562 1618 748 1651 tradidere
781 1617 920 1650 Caesar
949 1618 985 1650 b.
1012 1629 1047 1661 g.
1073 1618 1124 1652 IV
1150 1618 1187 1659 1,
1217 1617 1269 1651 10.
1307 1618 1359 1652 VI
1381 1617 1444 1659 21,
1469 1618 1502 1650 5.
1528 1617 1619 1650 Tac.

100 1664 221 1697 Germ.
249 1663 306 1705 17,
333 1674 438 1707 quem
461 1663 581 1697 locum
605 1666 752 1697 secutus
776 1667 893 1696 cetera
918 1663 1052 1696 addidi.

213 1741 266 1781 20
299 1741 378 1795 [Kr.
401 1745 445 1781 111
462 1747 520 1781 66.
546 1745 585 1781 G.
608 1745 676 1782 inc.
701 1741 778 1795 12].
825 1742 884 1782 Ibi
912 1742 1080 1782 triennio
1112 1741 1258 1782 frustra
1286 1742 1391 1782 trito.

212 1810 314 1843 Serv.
343 1809 390 1842 ad
413 1810 524 1852 Verg.
548 1809 592 1841 A.
618 1810 669 1842 IV
693 1809 775 1841 271:
808 1812 913 1847 terte,-
938 1820 1008 1851 per
1037 1811 1271 1852 neyliyentiam
1299 1814 1428 1852 tempus
1458 1812 1622 1842 consumis

98 1853 153 1898 [et
176 1859 228 1887 est
250 1854 384 1887 verbum
408 1856 456 1887 ad
477 1855 642 1897 ignaviam
663 1852 840 1897 positamJ.
887 1854 1086 1895 Sallustius:
1111 1855 1163 1886 ibi
1187 1855 1345 1887 triennio
1368 1855 1505 1887 frustra
1521 1855 1619 1886 trito.

99 1900 260 1932 Kritzius
283 1899 378 1932 haec
402 1899 517 1932 verba
543 1900 590 1932 ad
612 1900 661 1932 M.
687 1899 886 1932 Antonium
910 1898 969 1940 (fr.
988 1900 1046 1932 III
1062 1899 1119 1942 54)
1144 1900 1363 1942 pertinuisse
1389 1900 1543 1940 censuit,
1570 1899 1622 1930 ibi

101 1945 148 1977 ad
171 1945 322 1978 verbum
346 1945 520 1978 omissum
543 1944 646 1977 velut
669 1944 750 1977 obiit
780 1944 936 1977 relatum
969 1945 1083 1977 fuisse
1115 1948 1228 1976 ratus.
1285 1944 1349 1977 Set
1372 1955 1490 1987 neque
1514 1944 1552 1976 id
1577 1955 1622 1976 ex

100 1990 206 2023 Servi
228 1990 350 2023 verbis
378 1990 456 2023 veri
480 1989 599 2022 simile
629 2007 675 2012 —
706 1989 790 2032 quid
816 1989 912 2022 em‘rn
936 1989 1121 2022 retulisset
1151 1989 1188 2021 id
1220 1989 1439 2033 adiungere,
1472 1989 1545 2021 nisi
1576 1989 1623 2021 ad

99 2039 180 2068 trito
205 2035 429 2078 pertineret?
451 2052 498 2058 —
531 2038 567 2066 et
590 2034 651 2067 vix
676 2034 852 2067 credibile
878 2034 1091 2067 Sallustium
1115 2045 1174 2066 res
1201 2035 1246 2066 ab
1271 2035 1428 2067 Antonio
1453 2044 1621 2076 pessume

99 2083 226 2123 gestas
251 2079 391 2122 (Drum.
416 2080 435 2112 I
458 2091 493 2122 p.
519 2078 575 2113 63.
601 2080 766 2112 Momms.
791 2080 846 2112 III
869 2090 903 2122 p.
922 2078 967 2112 69
984 2079 1053 2122 sq.)
1078 2079 1154 2112 tam
1178 2080 1312 2112 leniter
1333 2080 1623 2122 vituperatumm

100 2125 227 2158 fuisse.
277 2125 359 2166 Qua
383 2135 422 2157 re
448 2135 528 2157 cum
551 2125 733 2158 neminem
757 2125 950 2168 reperiam,
977 2125 1021 2158 de
1047 2135 1116 2167 quo
1140 2124 1207 2157 illa
1225 2127 1324 2157 recte
1348 2124 1449 2156 dicta
1474 2125 1622 2164 fuerint,

100 2170 139 2202 in
162 2170 312 2203 incertis
337 2170 543 2212 relinquere
570 2171 687 2203 satius
710 2170 843 2203 habeo.

216 2249 261 2289 21
302 2248 382 2303 [Kr.
403 2252 524 2288 11167.
556 2251 595 2288 G.
618 2252 685 2290 inc.
704 2249 781 2303 42].
842 2249 910 2289 Sin
942 2250 996 2289 vis
1026 2249 1200 2295 obsistat,
1229 2250 1336 2289 ferro
1367 2261 1485 2301 quam
1520 2247 1622 2287 same

101 2317 263 2369 aequius
292 2318 501 2369 perituros.

214 2384 316 2418 Serv.
343 2385 390 2417 ad
412 2385 524 2428 Verg.
548 2384 591 2417 A.
617 2385 674 2417 ΙΙΙ
697 2384 782 2418 265:
817 2386 935 2418 Casum
965 2390 1090 2424 aulem,
1121 2387 1146 2417 i.
1177 2395 1207 2417 e.
1235 2386 1438 2427 periculum,
1469 2385 1552 2416 nihil
1573 2389 1625 2422 est

101 2432 186 2462 enim
211 2430 301 2471 same
323 2432 470 2472 gravius,
497 2431 588 2473 qaod
610 2431 659 2462 ait
679 2435 823 2472 postea:
847 2431 1112 2474 obscaenamque
1132 2431 1266 2472 famem,
1291 2441 1377 2474 quae
1399 2432 1511 2472 prima
1532 2434 1625 2471 peri-

101 2477 176 2507 cula
198 2479 279 2508 vito.
327 2475 526 2508 Sallustius:
551 2475 607 2507 sin
631 2475 688 2508 vis
712 2493 750 2498 —
779 2476 972 2518 perituros.
1021 2476 1111 2508 Cum
1135 2476 1250 2509 verba
1275 2478 1403 2518 aperte
1434 2476 1508 2506 sint
1533 2475 1623 2513 eius,

102 2520 163 2562 qui
179 2520 338 2553 obsessis
356 2520 590 2553 audaciorem
607 2520 750 2552 modum
760 2521 941 2554 evadendi
958 2521 1125 2561 suadeat,
1142 2519 1479 2563 hautinprobabilis
1492 2519 1626 2550 Kritzii

102 2565 256 2607 suspitio
282 2568 350 2605 est,
375 2566 492 2598 verba
515 2566 630 2598 fuisse
656 2565 846 2608 Spartaci,
871 2566 1048 2609 fugitivos
1074 2567 1113 2598 in
1136 2566 1296 2599 Vesuvio
1323 2565 1468 2597 clausos
1495 2563 1620 2596 cohor-

102 2610 233 2650 tantis,
251 2610 410 2652 ‚malim,
442 2614 483 2643 ut
512 2614 750 2654 perrumpant
774 2610 900 2644 Crassi
929 2612 1149 2644 munitiones
1173 2611 1376 2643 suadentis.
1433 2608 1497 2641 Set
1527 2611 1625 2640 certe

104 2655 217 2687 etiam
240 2655 279 2687 in
303 2655 388 2688 aliis
412 2656 520 2689 rebus
537 2655 694 2699 (cog-ita:
721 2655 917 2700 Calaguris
933 2657 1158 2698 obsessione,
1185 2656 1230 2688 fr.
1247 2656 1303 2687 III
1319 2654 1354 2696 5)
1372 2654 1445 2686 dici
1461 2656 1624 2696 potuere.

217 2733 271 2773 22
302 2733 382 2787 [ΚΡ.
408 2737 452 2773 ΠΙ
475 2739 532 2773 68.
565 2738 604 2774 G.
627 2734 768 2788 11173].
803 2726 977 2776 'Exuant
1004 2736 1125 2774 armis
1156 2734 1355 2785 equisque.

217 2801 317 2834 Serv.
346 2802 392 2834 ad
416 2803 526 2846 Verg.
552 2803 594 2835 A.
620 2804 674 2836 XI
697 2802 759 2835 80:
794 2804 867 2836 Alii
891 2803 1019 2846 “equos
1043 2807 1075 2834 et
1107 2804 1176 2833 tela
1200 2800 1317 2843 quibus
1340 2799 1547 2841 spoliaverat
1570 2799 1628 2832 Ιιο-

103 2847 219 2888 stem”,
245 2848 293 2879 ad
315 2847 503 2880 Pallantem
525 2851 638 2881 volunt
661 2853 789 2880 tantum
808 2850 1003 2890 pertinere,
1030 2849 1108 2889 quia
1132 2849 1166 2878 in
1191 2847 1337 2888 antiquis
1361 2845 1548 2886 disciplinis
1571 2855 1626 2876 re—

104 2892 206 2923 latum
229 2896 300 2923 est:
325 2903 410 2934 quae
435 2895 575 2936 quisque
598 2895 721 2926 virtute
744 2898 944 2925 ornamenta
973 2895 1171 2924 consecutus
1195 2894 1301 2928 esset,
1331 2894 1369 2922 ut
1397 2900 1439 2921 ea
1467 2893 1628 2922 mortuum

69 2980 77 2988 ⁶
103 2936 382 2969 condecorarent.
431 2937 632 2975 Sallusti11s;
665 2941 802 2970 exuant
835 2937 946 2969 armis
973 2936 1178 2978 equisque:
1208 2935 1332 2968 Verba
1356 2935 1417 2969 vix
1441 2934 1551 2968 aliter
1573 2935 1627 2968 in-
