1826 3282
197 241 250 281 88
665 248 965 276 nlsromARVM
997 248 1079 275 mn.
1112 248 1163 274 111
1194 240 1250 277 67.

196 354 339 395 ideoque
365 351 543 392 Spartaco
561 350 763 390 eoeplendum
778 353 1034 390 perspexerunt
1051 349 1196 390 Kreyss.
1215 352 1249 380 et
1265 348 1391 380 Maius.
1443 347 1486 381 Ue
1510 347 1593 391 quid
1607 345 1717 388 Spar·

198 403 292 429 tacus
309 398 448 428 voluerit
466 397 516 426 vel
532 405 593 426 cur
614 394 779 435 proelium
803 394 1004 426 dissuaserit
1021 395 1232 431 inveniamus,
1258 394 1323 425 duo
1340 397 1552 434 potissumum
1568 393 1717 424 animad-

143 461 146 464 ·
198 442 363 474 vortunda
386 444 481 471 sunt:
510 442 650 480 primum
681 450 727 471 εει*
750 440 901 482 reliquiis
926 442 1085 481 coynoscz'
1107 438 1152 479 (l.
1183 437 1221 470 17
1248 442 1284 470 et
1308 437 1391 478 20),
1425 448 1482 470 eos
1507 438 1563 480 qui
1586 439 1635 469 illi
1657 437 1717 469 ad·
1775 448 1778 449 ⁷

198 487 327 518 vorsuti
337 489 422 521 sunt,
446 487 573 526 partim
590 494 715 516 omnem
727 485 866 526 patriae
884 495 1028 516 amorem
1051 486 1216 521 amisisse,
1240 484 1364 525 partim
1386 484 1552 524 praedam
1571 482 1718 515 omnibus

200 533 275 562 aliis
311 531 564 570 anteposuisse;
595 530 717 561 deinde
752 540 823 561 cum
853 531 1021 561 consilium
1052 531 1123 561 eius
1159 529 1320 560 abiectum
1344 532 1448 565 esset,
1481 529 1548 560 iter
1579 537 1651 559 eum
1674 529 1720 558 ad
1767 528 1771 529 ⁷

199 575 369 606 meridiem
392 584 509 606 vorsus
530 574 667 613 fecisse.
717 574 802 606 Nam
827 575 996 606 Picentini
1019 573 1086 617 (VI
1114 573 1166 615 12)
1198 576 1232 605 in
1256 574 1398 614 confinio
1419 573 1619 613 Campaniae
1643 576 1719 604 sunt

201 619 383 659 (Mannert
400 620 452 651 IX
469 619 486 650 Ι
509 630 543 661 p.
563 619 629 651 752
645 617 737 662 sq.)⁷
766 619 879 651 Nares
895 620 1056 652 Lucanae
1080 622 1113 651 in
1136 620 1209 661 ipso
1228 619 1399 651 Lucaniae
1417 619 1511 650 aditu
1543 616 1721 658 (Mannert

200 665 253 696 IX
283 664 305 695 2
331 675 369 706 p.
406 663 508 706 145),
548 666 635 696 unde
667 664 854 701 Eburinos,
888 675 970 707 quos
1000 665 1133 707 quidam
1162 668 1195 696 in
1227 665 1336 696 media
1366 663 1521 695 Lucania
1551 662 1722 694 habitasse

196 719 320 751 parum
343 713 436 741 recte
461 719 508 741 ea:
532 710 620 741 Plin.
646 710 695 741 H.
723 709 765 741 N.
793 709 849 741 111
877 709 933 750 ll,
960 708 1004 741 98
1029 712 1274 751 conleyerunt‚·
1289 713 1378 740 inter·
1403 709 1487 740 duas
1511 709 1588 740 illas
1611 711 1722 749 reqio-

202 764 262 786 nes
284 755 397 786 sedem
420 754 574 787 habuisse
597 758 706 796 patet.
756 753 853 793 Quod
874 759 906 786 si
928 753 1118 796 Spartacus
1142 758 1262 786 contra
1285 764 1377 785 suam
1400 755 1601 785 voluntatem
1625 753 1724 784 meri-

202 800 288 831 diem
317 809 436 831 vorsus
463 801 641 841 proficisci
661 804 797 832 coactus
822 803 888 837 est,
922 806 1030 832 nonne
1060 810 1131 831 eum
1162 800 1209 831 ad
1237 802 1485 840 septentriones
1515 799 1583 829 iter
1602 797 1724 838 facere

201 845 343 876 voluisse
368 845 539 886 adparet?
564 849 597 876 et
620 849 652 877 si
675 847 731 887 qui
753 848 786 876 ei
808 845 1079 876 advorsabantur
1099 845 1238 886 patriae
1263 847 1458 875 inmemores
1477 843 1586 884 fuisse
1611 842 1724 874 dicun-

201 893 267 927 tur,
293 899 402 921 nonne
427 900 497 921 eum
517 890 679 931 fuyitivos
703 891 736 920 in
760 900 853 921 suam
877 899 1035 932 quemque
1058 890 1206 931 patriam
1230 889 1354 920 ducere
1372 891 1429 919 ant
1447 898 1561 920 novam
1575 887 1725 929 patriam

203 937 409 966 constituere
440 937 582 966 voluisse
613 936 647 966 in
666 937 852 976 propatulo
878 936 952 966 est?
998 934 1052 966 Ac
1083 945 1152 966 eum
1184 937 1312 966 constet
1343 933 1405 965 hoc
1429 931 1594 974 Spartaci
1616 932 1680 964 iam
1704 942 1727 965 a

199 980 370 1021 principio
402 979 481 1011 belli
508 981 678 1012 consilium
706 979 832 1020 fuisse,
873 983 910 1010 ut
936 975 1098 1021 supitivos
1136 982 1168 1010 in
1202 979 1342 1011 Galliam
1370 978 1576 1019 perduceret
1606 975 1724 1018 (Plut.

205 1024 327 1057 Crass.
354 1023 386 1056 9.
413 1024 506 1066 App.
534 1025 569 1057 b.
597 1036 628 1056 c.
656 1025 673 1056 Ι
702 1023 763 1055 117
789 1035 823 1066 p.
850 1023 914 1057 531
941 1034 994 1066 sq.
1028 1024 1109 1056 Liv.
1138 1034 1193 1066 ep.
1220 1023 1347 1055 XCVI.
1381 1022 1484 1054 Oros.
1503 1022 1535 1054 V
1557 1020 1627 1062 24),
1653 1032 1728 1053 num

203 1070 372 1102 hariolari
393 1069 548 1107 videbor,
580 1081 651 1102 cum
675 1080 752 1102 usus
777 1069 826 1101 eis
851 1080 935 1112 quae
961 1071 1025 1100 iam
1049 1070 1109 1101 alii
1130 1069 1163 1100 in
1194 1069 1327 1110 eaeiyuis
1357 1068 1422 1100 illis
1451 1067 1626 1099 verborum
1648 1067 1727 1098 reli—

205 1115 290 1156 quiis
313 1114 423 1146 inesse
444 1125 672 1156 perspeaeere,
697 1115 746 1146 ita
769 1113 1005 1146 Sallustianum
1025 1114 1249 1156 fragmentum
1273 1115 1416 1154 eoeplere
1441 1122 1567 1144 conor:
1600 1114 1728 1143 contra

205 1159 382 1201 Spartaco
413 1161 550 1191 nitente.
592 1170 667 1191 nam
691 1158 844 1197 timebat,
877 1159 916 1190 ni
941 1169 1058 1191 seeum
1083 1169 1145 1201 quo
1172 1159 1365 1190 intenderat
1385 1160 1636 1200 properarent,
1668 1166 1727 1194 ne,

206 1214 277 1245 qua.
301 1206 434 1236 ratione
458 1206 551 1236 soliti
574 1205 621 1236 ad
644 1204 682 1239 id
705 1207 856 1246 tempus,
881 1209 1043 1245 vagantes
1067 1208 1208 1235 trac-tum
1234 1207 1437 1244 raptumque
1463 1201 1730 1234 secluderentur

205 1251 324 1287 itinere
340 1252 375 1281 in
395 1250 540 1282 Galliam
558 1252 594 1281 et
619 1249 922 1290 extinguerentur:
947 1253 1026 1281 ante
1051 1250 1160 1281 omnia
1184 1248 1255 1280 alia
1280 1258 1404 1280 curam
1428 1257 1502 1279 esse
1527 1246 1651 1278 debere
1675 1256 1730 1276 sa-

205 1294 297 1334 lutis,
325 1297 382 1326 set
405 1294 493 1326 haut
518 1296 619 1326 aliter
640 1294 719 1333 fore
744 1298 870 1326 certam
893 1298 1080 1335 tutamque,
1108 1304 1215 1335 quam
1239 1304 1309 1325 cum
1326 1295 1359 1324 in
1379 1293 1520 1324 Galliam
1543 1294 1729 1323 venissent:

205 1338 300 1370 haud
326 1338 436 1371 aliam
460 1349 552 1381 spem
577 1341 625 1371 eis
641 1349 714 1371 esse
729 1339 954 1383 capienda-m.
995 1339 1044 1371 Ac
1064 1339 1168 1380 pauci
1183 1337 1381 1380 prudentes
1406 1340 1604 1379 ingenuique
1622 1338 1728 1367 animi

205 1383 327 1415 nobile
352 1384 522 1416 consilium
542 1384 693 1426 probant
716 1384 940 1425 laudantque
967 1386 1057 1427 quod
1078 1387 1236 1415 suaserat
1257 1383 1398 1423 facere,
1424 1391 1510 1423 pars
1535 1382 1664 1413 stolida
1690 1392 1729 1412 m·

205 1429 290 1460 levis
323 1429 548 1461 adfluentium
578 1430 724 1471 undique
752 1430 857 1469 firmo
883 1428 997 1461 fidens
1025 1430 1157 1461 auoeilio
1182 1428 1300 1459 salutis
1325 1432 1427 1469 atque
1454 1426 1598 1468 patriae
1617 1426 1727 1457 inme-

205 1484 315 1506 mores
339 1484 430 1511 esse,
463 1475 613 1515 plurumi
645 1473 771 1506 servili
815 1475 947 1515 ingenio
980 1474 1076 1505 ultra
1109 1474 1275 1515 praedam
1307 1473 1389 1504 m‘lzz'l
1419 1473 1581 1513 cogitare.
1632 1471 1731 1503 Post-

207 1529 303 1561 quam
326 1520 385 1550 illa
404 1519 541 1559 frustra
560 1519 672 1561 fuere,
698 1521 791 1561 capit
816 1520 990 1551 consilium
1016 1522 1086 1551 cet.

209 1641 285 1674 Col.
304 1643 356 1675 VI
389 1665 1014 1676 ..................

390 1698 487 1731 CON
532 1723 539 1731 .
568 1723 576 1731 .
604 1723 612 1731 .
641 1722 649 1731 .
677 1722 685 1730 .
713 1722 720 1730 .
750 1693 760 1730 ζ
786 1721 1012 1731 .......

390 1755 553 1787 TIMUm
562 1755 681 1788 UIDE
690 1756 708 1786 f-
721 1753 973 1787 ATURDEIN

1124 1698 1328 1736 consitium
1345 1696 1452 1744 quod
1463 1707 1516 1735 ex
1530 1697 1646 1745 copia
1655 1706 1716 1744 op-

1125 1754 1262 1792 timum
1302 1751 1517 1791 videbatur.
1588 1751 1703 1790 Dein-

1127 1821 1218 1861 ceps
1257 1813 1409 1853 monet,
1454 1809 1493 1847 in
1530 1808 1704 1847 laxiores

1125 1877 1241 1916 agros
1267 1865 1471 1915 magisque
1498 1865 1704 1914 pecuarios

392 1810 733 1843 CEPSMONETm
767 1810 960 1843 AXIORIS

321 1866 342 1898 5
389 1844 993 1911 AQROSMAQISQPECUARIOS

303 2145 345 2177 10

268 2425 344 2458 ’15

304 2705 348 2737 20

391 1918 979 1963 UTEQREDIANTuRUB'IPRl
991 1924 1014 1956 t,

393 1979 764 2019 QUAMREFECTO
774 1979 1023 2012 ExERerrU

390 2032 1010 2076 ADE'SSETUARINIUSAUQER

391 2091 987 2124 TURNUMERUSLECTISUIR

391 2146 999 2179 ETPROPERENANCTUSIDO

392 2202 982 2235 NEUMEXCAPTIUISDUCEA

392 2254 1006 2291 PICENTINISDEINDEEBURi

392 2304 965 2348 NISIUGISOCCULTUSADN

392 2370 1009 2410 RISLUCANASATQffNDEPRI

391 2426 980 2461 MALUCEPERUENITADXN

392 2481 973 2515 NIFORUMIGNAmscech

393 2537 1013 2570 lun-ACSTATIMFUGITIUIQ

394 2593 967 2626 TRAPRAECEPTUMDUOIS

394 2649 974 2682 RAPEREADSTUPRUMUffl

394 2706 622 2738 NESMATR

702 2705 744 2726 xo
762 2705 994 2738 &ETALHC
1050 2732 1052 2739 s

1126 1926 1168 1961 ut
1194 1921 1458 1971 egrediantur,
1491 1919 1556 1959 ubi
1577 1920 1702 1970 prius-

1127 1990 1244 2030 quam
1271 1976 1421 2017 resecto
1451 1971 1624 2015 exercitu

1124 2034 1277 2073 adesset
1305 2032 1507 2076 Varinius‚
1538 2034 1701 2083 augere·

1124 2094 1188 2128 tur
1218 2100 1408 2128 numerus
1437 2088 1547 2128 leetis
1584 2089 1687 2128 viris.

1127 2146 1174 2185 Et
1210 2157 1381 2196 propere
1415 2150 1581 2184 nanctus
1625 2145 1708 2185 ido-

1127 2214 1245 2241 neum
1281 2214 1328 2240 ex
1368 2202 1527 2252 captivis
1564 2201 1704 2241 ducem

1126 2259 1357 2303 Picentinis,
1389 2257 1531 2297 deinde
1563 2257 1704 2297 Eburi-

1126 2316 1185 2353 nis
1213 2315 1313 2364 iugis
1345 2313 1522 2353 occultus
1551 2313 1599 2353 ad
1625 2313 1704 2354 Na-

1127 2372 1180 2409 ris
1196 2370 1373 2409 Lucanas
1389 2374 1505 2421 atque
1521 2370 1610 2409 inde
1623 2367 1706 2420 vpri-

1126 2439 1188 2466 ma
1218 2426 1306 2466 luce
1339 2427 1515 2477 pervenit
1548 2426 1597 2465 ad
1632 2425 1708 2465 Au-

1129 2484 1168 2522 ni
1210 2483 1339 2521 forum
1379 2483 1525 2535 ignaris
1553 2481 1675 2521 culto-

1126 2538 1248 2578 ribus.
1287 2539 1342 2577 Ae
1363 2539 1491 2577 statim
1511 2538 1659 2589 fugitivi
1680 2540 1730 2578 ci·

1124 2599 1183 2633 tra
1212 2598 1466 2645 praeceptum
1495 2594 1607 2633 ducis
1766 2600 1774 2602 ’

1127 2662 1267 2700 rapere
1298 2650 1346 2688 ad
1377 2654 1556 2700 stuprum
1589 2650 1705 2699 virqi-

1127 2717 1197 2745 nes
1223 2710 1497 2761 matronasque
1522 2710 1560 2745 et
1589 2706 1652 2746 alii
1682 2720 1703 2746 c

329 2828 407 2860 Col.
434 2829 495 2860 VI.
533 2828 584 2860 17.
619 2828 721 2861 Citra
739 2830 816 2872 quin
834 2832 961 2861 eontra
976 2830 1214 2861 emendandum
1235 2831 1290 2866 sit,
1316 2839 1409 2861 nemo
1427 2829 1608 2863 dubitabit„
1637 2830 1730 2862 Non.

214 2883 249 2913 p.
277 2871 342 2904 309
368 2884 395 2905 s.
422 2884 455 2906 v.
480 2878 641 2915 stuprum.
691 2874 870 2907 Sallustius
893 2874 987 2906 Hist.
1013 2874 1067 2906 lib.
1094 2875 1166 2906 111:
1201 2884 1245 2906 ac
1275 2873 1399 2906 statim
1432 2873 1579 2916 fugitivi
1605 2877 1741 2917 eontra«

215 2921 451 2959 praeceptum
477 2918 579 2950 ducis
604 2929 734 2961 rapere
761 2919 807 2951 ad
831 2922 992 2961 stuprum
1016 2919 1178 2960 virgines
1203 2922 1473 2960 matronasque.
