1838 3288
252 242 331 285 126
459 253 758 284 msa-omnum
790 253 963 282 mcum.
995 253 1167 282 menon.
1198 253 1343 287 numu.
1377 248 1551 286 14-19,

363 357 414 394 14
448 354 526 407 [Kr.
547 356 591 392 111
616 359 670 392 12.
697 356 736 392 G.
756 355 801 392 IV
821 352 897 406 54].
939 344 1047 394 serv.
1083 354 1130 393 ad
1161 353 1275 406 Verg.
1307 355 1351 394 Α.
1382 355 1416 395 11
1448 355 1551 395 476:
1580 357 1764 396 curribus

242 426 409 473 falcatis
432 433 522 461 usos
548 433 631 461 esse
660 423 830 461 maiores
858 429 894 461 et
922 417 1057 462 Liuius
1078 428 1117 462 et
1141 423 1352 462 Sallustius
1372 424 1523 463 docent.
1554 423 1684 463 Schol.
1714 423 1763 463 ad

195 532 213 549 Θ
249 492 342 530 Stat.
375 489 498 529 Theb.
521 489 556 528 X
585 489 689 528 544:
720 490 806 529 Hoc
831 501 957 538 yenus
986 501 1188 529 armorum
1218 492 1337 529 eliam
1368 491 1577 530 Sallustius
1605 492 1762 531 deseri-

246 560 309 597 bu.
387 556 489 596 Num
520 555 723 596 Sallustius
761 557 799 596 id
838 569 1027 597 curruum
1065 569 1190 608 genus
1228 558 1266 596 in
1304 557 1535 597 Mithridatis
1574 558 1761 610 adparatu

247 624 387 664 bellico
419 624 690 674 descripserit,
735 629 776 663 ut
814 624 920 663 Kritz
962 625 1178 665 secundum
1205 625 1304 664 Plut.
1334 625 1427 664 Luc.
1460 626 1484 664 7
1520 626 1688 671 censuit,
1723 626 1761 664 in

245 694 394 732 incerto
423 691 742 743 relinquendum,
769 691 864 732 illud
894 696 1043 732 certum
1074 687 1153 744 non
1183 694 1355 745 potuisse
1385 693 1670 732 conmemorari
1689 693 1787 732 nisi·

243 761 283 799 in
313 759 416 799 bello
444 759 714 799 Mithridatico.
1819 749 1825 753 ’

365 850 414 888 15
448 849 527 902 [Kr.
554 852 597 887 ΙΙΙ
620 855 673 887 13.
698 852 736 887 G.
760 851 828 888 inc.
850 848 903 901 7].
947 849 1088 889 Serum
1111 847 1257 889 bellum
1287 851 1326 889 in
1356 851 1542 900 angustiis
1571 850 1760 890 futurum.

357 927 457 961 Serv.
486 928 532 960 ad
555 928 665 970 Verg.
691 927 733 959 A.
759 927 791 959 V
822 927 906 960 524:
937 938 1037 966 sera,·
1066 930 1197 970 yravz'a.
1247 927 1446 961 Sallustius:
1477 939 1597 961 serum
1627 928 1763 961 bellum

243 974 282 1006 in
307 973 487 1015 angustiis
512 973 683 1012 futurum,
713 975 734 1004 ἰ.
761 983 790 1004 e.
813 983 929 1014 grave.
977 973 1031 1005 Id.
1058 973 1104 1004 ad
1126 973 1176 1005 VI
1199 972 1283 1005 569:
1317 975 1445 1006 distulit
1470 976 1504 1005 in
1526 984 1763 1016 seramsyra-

242 1030 321 1057 vem,
346 1022 382 1050 ut
406 1028 525 1050 serum
550 1017 684 1050 bellum
709 1017 747 1048 in
773 1017 953 1060 angustiis
979 1018 1156 1057 futurum,
1184 1021 1220 1050 et
1245 1018 1292 1050 ad
1315 1018 1387 1050 XII
1410 1017 1493 1050 864:
1518 1029 1628 1051 serum
1651 1022 1762 1056 canit,-

243 1066 342 1096 triste
374 1065 581 1096 diuturnum.-
612 1066 647 1094 ut
680 1079 723 1084 —-
754 1063 952 1095 Sallustius:
984 1073 1105 1095 serum
1142 1062 1278 1095 bellum
1308 1063 1347 1095 in
1378 1063 1558 1106 angustiis
1591 1063 1761 1096 futurum.

243 1109 407 1150 Philarg.
435 1108 481 1140 ad
505 1108 615 1150 Verg.
644 1107 709 1140 Ge.
734 1107 785 1140 IV
811 1107 892 1139 144:
923 1112 956 1140 et
978 1118 1076 1140 seras
1100 1108 1153 1140 hie
1175 1110 1304 1140 vetulas
1328 1112 1362 1140 et
1385 1119 1534 1151 magnas.
1584 1107 1764 1141 Sallustius

243 1156 274 1186 in
298 1154 370 1185 XII
397 1153 453 1191 [G.
473 1151 555 1195 duo]
583 1163 703 1185 serum
721 1152 857 1184 bellum
873 1153 912 1184 in
930 1152 1109 1196 angustiis
1134 1153 1225 1193 fore,
1247 1164 1315 1195 pro
1331 1164 1493 1195 magnum.
1534 1153 1763 1186 Sententiam

241 1199 432 1232 verborum
456 1197 552 1230 hanc
571 1208 651 1230 esse
671 1197 841 1240 adparet:
869 1208 949 1229 cum
965 1208 1024 1230 res
1040 1198 1078 1229 in
1096 1197 1275 1241 angustiis
1292 1199 1340 1230 sit
1357 1197 1479 1240 (Caes.
1498 1198 1533 1230 b.
1554 1209 1585 1231 c.
1604 1198 1623 1230 I
1639 1198 1694 1239 54,
1717 1198 1761 1240 l),

241 1247 316 1276 tum
339 1243 473 1276 bellum
499 1253 617 1275 serum
641 1243 665 1274 i.
693 1253 723 1274 e.
748 1245 923 1284 oportuno
950 1246 1111 1285 tempore
1134 1243 1346 1275 transmisso
1372 1246 1514 1286 gestum
1545 1243 1604 1275 iri.
1655 1243 1760 1276 Unde

241 1291 336 1327 enim,
363 1288 455 1331 quod
474 1290 510 1320 et
536 1288 634 1330 apud
652 1287 749 1320 Gerl.
769 1290 805 1319 et
830 1288 926 1329 apud
942 1288 1120 1319 Kritzium
1139 1288 1319 1320 adiectum
1346 1291 1413 1327 est,
1438 1288 1592 1329 fluxerit,
1618 1288 1760 1331 ignoro.

242 1334 280 1366 Si
305 1345 363 1375 ap.
389 1332 658 1375 Philargyrium
682 1333 754 1364 XII
780 1342 823 1364 ex
847 1333 902 1364 III
926 1335 1051 1365 natum
1077 1343 1157 1365 esse
1183 1336 1322 1365 certum
1346 1333 1459 1373 foret,
1485 1351 1529 1356 —
1555 1333 1640 1375 quid
1665 1334 1762 1365 enim

241 1379 363 1410 obstat
388 1378 576 1420 quominus
601 1378 636 1410 II
660 1377 869 1419 probemus,
897 1380 960 1409 aut
983 1378 1069 1418 VII,
1101 1378 1124 1409 i.
1151 1388 1182 1409 e.
1209 1378 1274 1409 lib.
1300 1378 1396 1409 Hist.
1420 1378 1453 1410 V
1477 1396 1514 1400 —-
1530 1402 1538 1418 ‚
1570 1377 1761 1420 probanda

244 1426 342 1455 esset
358 1423 490 1455 Kritzii
508 1422 676 1464 suspitio,
701 1422 794 1454 haec
826 1422 925 1454 dicta
949 1423 1064 1454 fuisse
1086 1422 1124 1454 in
1143 1422 1388 1455 admonitione
1405 1424 1448 1455 L.
1468 1423 1630 1463 Luculli,
1655 1425 1697 1455 ut
1715 1422 1761 1455 ad

243 1468 416 1500 auxilium
426 1467 556 1500 Cottae
566 1466 756 1499 ferendum
768 1470 999 1510 properaret3
1016 1470 1055 1500 ut
1063 1478 1158 1500 nune
1170 1470 1224 1500 est
1233 1478 1290 1499 res
1306 1467 1343 1499 in
1352 1468 1492 1500 incerto
1507 1467 1757 1510 relinquenda.

357 1547 408 1586 16
441 1546 520 1599 [ΚΓ.
550 1549 593 1585 111
625 1551 678 1583 18.
711 1549 749 1584 G.
777 1548 820 1584 IV
852 1545 928 1598 64].
987 1546 1113 1599 Atque
1144 1546 1244 1586 edita
1270 1546 1443 1598 undique
1472 1546 1600 1586 tribus
1629 1550 1759 1586 tamen

242 1627 331 1654 cum
358 1615 481 1654 muris
511 1618 549 1653 et
572 1614 759 1653 turribus.

351 1682 486 1714 Donat.
515 1681 561 1714 a'd
585 1681 667 1713 Ter.
693 1681 803 1713 Andr.
829 1681 847 1713 I
873 1681 902 1721 l,
920 1680 981 1713 67:
1008 1674 1281 1714 ἀνακόλουθον
1304 1691 1354 1714 eo·
1370 1682 1460 1724 quod
1483 1691 1547 1713 non
1569 1683 1757 1723 praemisso

241 1727 340 1760 ‘licet'
365 1729 417 1759 vel
441 1726 658 1769 ‘quamquam’
685 1726 826 1758 subiecit
851 1728 992 1758 ‘tamen'.
1041 1725 1240 1758 Sallustius:
1273 1728 1380 1768 atque
1406 1745 1449 1749 —
1474 1726 1643 1758 turribus.
1685 1725 1759 1758 Cur

241 1782 321 1804 cum
345 1771 484 1803 Kritzio
509 1771 603 1803 haec
626 1771 742 1804 verba
768 1771 813 1803 ad
837 1771 1056 1803 munitiones
1080 1772 1201 1814 potius
1227 1771 1274 1803 ad
1299 1770 1471 1812 Cyzicum
1497 1771 1670 1804 advorsus
1689 1771 1757 1803 Mi-

239 1817 437 1849 thridatem
467 1819 669 1856 extructas,
698 1826 805 1858 quam
831 1827 911 1848 cum
937 1816 1133 1849 Gerlachio
1159 1816 1205 1848 ad
1228 1816 1531 1858 Tigranocertam
1554 1815 1757 1848 referamus

238 1862 338 1894 nulla
353 1871 495 1901 caussa,
509 1862 582 1893 nisi
596 1861 690 1903 quod
702 1864 891 1903 utrumque
905 1862 1093 1893 incertum.
1123 1861 1211 1894 Veri
1228 1860 1380 1894 similius
1399 1863 1520 1893 autem
1535 1863 1591 1893 est
1605 1861 1649 1893 de
1665 1861 1755 1899 urbe

239 1907 395 1949 quadam
425 1906 678 1939 munitissuma
707 1906 961 1949 intellegunda
993 1916 1091 1946 esse,
1125 1916 1204 1938 cum
1236 1906 1370 1948 oppida
1399 1906 1558 1938 Orientis
1588 1915 1755 1938 maxume

239 1951 430 1994 conplures
461 1961 582 1983 muros
610 1951 783 1983 habuisse
817 1954 975 1991 constet,
1007 1954 1048 1983 ut
1077 1951 1232 1984 Nisibim
1263 1950 1399 1993 duplici
1429 1950 1609 1984 firmatam
1640 1950 1754 1984 fuisse

237 1997 434 2029 memoriae
458 1996 638 2039 proditum
663 1999 719 2029 est
743 1995 882 2037 (Drum.
907 1997 959 2029 IV
982 2007 1016 2038 p.
1046 1995 1135 2037 153).

352 2076 402 2114 17
436 2075 515 2128 [Kr.
545 2077 588 2114 111
616 2080 657 2112 19
684 2077 722 2113 G.
750 2077 817 2114 inc.
845 2073 921 2126 34].
978 2075 1103 2121 Quem
1129 2078 1237 2113 trans
1264 2078 1445 2124 stagnum
1476 2075 1602 2114 omnis
1630 2087 1753 2127 usque

236 2143 284 2183 ad
307 2143 466 2183 flumen.

347 2211 453 2242 Haec
475 2209 590 2242 verba
616 2209 660 2242 ob
686 2219 788 2252 usque
815 2207 947 2241 adtulit
970 2207 1135 2251 Philarg.
1168 2208 1213 2240 ad
1236 2208 1346 2250 Verg.
1376 2209 1441 2242 Ge.
1467 2209 1518 2242 IV
1541 2208 1619 2242 293.
1659 2209 1752 2243 Num

237 2266 280 2288 ex
305 2255 428 2297 stagni
453 2254 782 2298 conmemoratione
800 2254 890 2286 satis
908 2256 1007 2286 certo
1026 2264 1106 2285 cum
1124 2253 1263 2286 Kritzio
1286 2253 1454 2286 concludi
1478 2254 1608 2297 liceat,
1638 2255 1753 2288 verba

235 2301 280 2333 de
305 2300 413 2332 rebus
431 2299 478 2331 ad
495 2299 666 2340 Cyzicum
685 2299 798 2341 gestis
823 2299 922 2331 dicta
946 2298 1072 2339 fuisse,
1099 2309 1168 2341 ego
1194 2298 1360 2341 equidem
1386 2310 1466 2331 eum
1483 2299 1680 2332 Gerlachio
1697 2299 1751 2332 iu-

235 2346 368 2378 dicium
385 2345 565 2378 contineo.

353 2423 401 2463 18
434 2423 514 2476 [Kr.
535 2425 654 2461 11157.
690 2425 728 2460 G.
756 2424 799 2460 111
829 2421 904 2474 27].
947 2422 1132 2463 Germani
1160 2427 1293 2462 cetera
1321 2424 1508 2463 intectum
1538 2422 1752 2475 renonibus

236 2503 380 2542 corpus
410 2495 558 2541 tegunt.

347 2558 475 2590 Isidor.
501 2558 562 2590 Or.
595 2558 681 2590 XIX
705 2556 766 2597 23,
791 2557 813 2588 4
835 2568 871 2600 p.
896 2556 979 2589 602:
1021 2559 1176 2591 Renones
1205 2563 1281 2591 sunt
1311 2560 1473 2591 velamina
1502 2569 1687 2591 umerorum
1717 2562 1751 2590 et

231 2605 385 2646 pectoris
408 2614 511 2646 usque
536 2604 583 2635 ad
604 2603 795 2640 umbilicum,
820 2606 920 2645 atque
945 2604 1079 2635 intortis
1103 2605 1187 2635 villis
1211 2605 1296 2636 adeo
1326 2604 1461 2646 hispida
1483 2608 1518 2635 ut
1542 2603 1675 2635 imbrem
1697 2613 1750 2636 re-

233 2653 366 2690 spuant,
392 2659 474 2691 quos
497 2651 592 2691 vulyo
615 2652 733 2690 reptos
755 2651 875 2680 vocant
899 2657 938 2680 eo
964 2649 1055 2690 qnod
1070 2650 1240 2690 longitudo
1263 2650 1413 2681 villorum
1438 2650 1535 2691 quasi
1556 2652 1682 2690 reptat,
1707 2649 1750 2680 de

235 2694 351 2736 quibus
376 2694 562 2734 Salustius:
589 2693 761 2726 Germani
790 2693 965 2724 intectum
991 2693 1184 2725 renonibus
1211 2704 1339 2736 corpus
1364 2696 1503 2735 tegunt.
1537 2711 1580 2715 ——
1612 2693 1750 2726 Eodem

234 2738 314 2771 loco
339 2738 583 2771 Historiarum
608 2738 744 2781 scripta
769 2737 881 2770 fuisse
906 2737 1057 2780 adparet
1081 2738 1173 2770 haec
1198 2738 1329 2770 verba:

352 2817 401 2856 19
434 2817 512 2870 [Kr.
534 2820 639 2856 1158.
663 2819 702 2855 G.
723 2820 750 2855 Il
772 2816 848 2868 28].
891 2816 1024 2856 Vestes
1054 2817 1101 2856 de
1129 2816 1295 2868 pellibus
1323 2828 1492 2856 renones
1519 2822 1719 2856 vocantur.

348 2885 449 2918 Serv.
477 2885 523 2917 ad
546 2886 656 2927 Verg.
685 2885 749 2917 Ge.
778 2886 831 2916 111
856 2883 937 2917 383:
971 2885 1137 2917 Pac-udum
1164 2885 1265 2924 fulvis
1288 2887 1440 2917 velantur
1473 2895 1622 2926 corpora
1647 2885 1750 2923 setis,-

166 2920 170 2924 ¹
234 2930 424 2963 renonibus.
474 2931 559 2962 Nam
582 2935 617 2962 ut
641 2931 819 2962 Sallustius
843 2931 925 2965 dicit
948 2933 982 2962 in
1007 2930 1176 2962 historiis:
1200 2933 1322 2962 vestes
1347 2947 1391 2952 —
1413 2932 1603 2963 vocantur.
