1812 3268
802 218 937 246 nem-:1
1547 199 1626 242 381

106 322 156 354 tis
173 321 380 354 muniverat
394 321 419 354 J
435 320 497 360 57,
516 317 548 352 6.
590 319 718 361 quibus
743 321 768 351 t.
793 317 884 350 belli
907 316 1077 350 insolitus
1096 316 1302 348 incesserat
1318 313 1345 348 C
1363 313 1404 349 31
1416 339 1425 355 ‚
1443 313 1477 346 3.
1518 314 1630 347 alium

107 367 350 406 conscientia,
370 365 482 398 alium
498 364 597 397 mala
614 364 716 396 fama
733 367 769 395 et
785 366 811 396 t.
829 363 1047 406 inpediebat
1061 362 1085 394 J
1102 361 1163 400 35,
1180 361 1214 393 4.
1255 360 1338 403 plus
1362 360 1504 392 timoris
1521 369 1631 402 quam

107 412 261 455 periculi
279 411 482 443 effecerant
499 409 526 442 C
544 410 600 450 42,
618 410 652 441 2.
693 409 775 452 plus
793 409 867 440 sibi
881 409 977 439 —ris
996 418 1103 450 quam
1120 407 1310 449 potentiae
1329 405 1468 437 addidit
1482 405 1508 438 J
1523 405 1578 446 42,
1595 405 1629 439 4.

107 457 310 500 plurumum
327 456 416 488 mihi
433 455 574 487 timoris
591 454 736 486 faciunt
752 454 944 486 advorsum
961 452 1191 494 tyrannidem
1209 450 1334 483 Sullae
1352 451 1387 482 H
1402 450 1420 482 I
1435 450 1491 490 41,
1513 450 1543 484 1.
1578 449 1630 482 al-

106 506 224 535 terum
244 513 288 535 ex
305 500 536 544 providentia
552 499 718 531 timorem
737 499 882 530 adferre
901 498 994 530 solet
1008 498 1031 530 J
1050 497 1088 537 7,
1107 497 1139 529 5.
1180 500 1309 528 contra
1332 496 1498 535 timorem
1516 495 1631 528 animi

107 548 274 590 praemia
290 557 328 579 se
348 547 519 588 adeptum
536 545 560 577 J
576 543 637 585 20,
659 544 689 576 1.
731 545 861 576 timore
885 543 963 575 soci
987 542 1135 582 anxius,
1161 552 1207 573 ne
1230 558 1274 563 —
1290 551 1420 573 novom
1439 540 1631 573 consilinm

106 595 302 635 quaereret
316 592 341 624 J
357 591 421 632 70,
439 591 471 623 5.
514 591 559 622 de
582 590 713 621 timore
737 596 1052 631 supervacaneum
1075 590 1132 619 est
1148 587 1329 619 disserere
1346 586 1479 628 (praec.
1498 585 1629 628 metus)

52 638 54 640 ’
108 639 136 670 C
153 637 208 677 51,
232 637 282 670 19.

151 683 312 715 Tisidium
329 682 354 714 J
369 680 426 716 62.
443 679 476 712 8.

151 729 304 760 Titurius
319 727 355 758 H
369 727 407 758 ΙΙ
423 725 478 758 28.

150 775 235 815 toga
251 773 354 815 picta
370 772 405 803 H
422 772 459 803 11
474 770 530 811 23,
548 771 580 802 4.
621 773 747 812 togam
764 769 1026 812 paludamento
1043 768 1200 802 mutavit
1214 768 1251 800 H
1267 768 1281 799 i
1296 767 1352 800 65.

150 820 300 859 togatus.
331 816 525 848 multitudo
542 816 748 858 togatorum
765 816 790 847 J
805 814 861 855 21,
879 815 911 847 2.

149 864 269 895 tolero.
301 862 457 895 advorsa
475 861 550 893 alia
563 858 740 900 toleravi,
767 861 902 902 partim
925 859 1067 902 reppuli
1090 859 1126 891 H
1149 859 1185 890 11
1207 857 1270 898 4l‚
1293 857 1308 889 l
1334 859 1420 890 conl.
1442 856 1494 890 13.
1531 867 1629 900 quae

107 909 236 940 audita
254 908 396 939 animus
413 907 495 948 (cfr.
509 907 535 938 J
552 906 614 946 22,
633 905 668 946 3)
682 905 842 938 tolerare
860 907 1079 947 nequiverat
1095 905 1119 936 J
1135 903 1196 944 86,
1216 904 1249 935 5.
1290 903 1327 935 id
1346 903 1397 934 ibi
1414 921 1456 925 —
1476 913 1520 935 eo
1536 903 1628 935 faci-

105 954 177 986 lius
195 953 425 986 tolerabatur
440 952 464 984 J
480 950 535 991 89,
555 951 587 983 7.
631 961 674 983 eo
695 951 853 982 animum
866 960 967 982 suum
982 950 1155 981 iniuriam
1171 949 1289 980 minus
1307 948 1465 980 tolerare
1480 948 1506 980 J
1521 947 1576 988 22,
1595 946 1628 980 3.

106 1009 277 1031 manuum
291 997 458 1029 mercede
474 997 637 1038 inopiam
646 996 874 1028 toleraverat
884 995 910 1026 C
920 994 976 1035 37,
985 993 1018 1027 3.
1049 995 1128 1026 eod.
1139 997 1302 1036 tempore
1313 994 1472 1035 inopiam
1482 996 1519 1025 et
1526 992 1629 1026 labo-

106 1054 181 1076 rem
195 1043 385 1076 tolerareJ
394 1041 449 1079 85,
461 1040 515 1074 33.
548 1042 692 1073 labores
705 1040 883 1083 pericula,
901 1040 1029 1072 dubias
1046 1043 1119 1081 atq.
1136 1049 1288 1081 asperas
1305 1049 1364 1071 res
1378 1038 1631 1070 toleraverant

107 1089 135 1121 C
156 1088 213 1129 10,
232 1089 267 1120 2.
306 1087 497 1130 opulentia
516 1086 791 1128 neglegentiam
812 1085 998 1117 tolerabat
1015 1084 1042 1116 C
1056 1085 1116 1121 52,
1133 1083 1165 1117 9.
1207 1094 1298 1126 quae
1318 1084 1421 1115 rabie
1439 1086 1631 1116 contracta

106 1134 345 1166 toleravimus
362 1133 396 1164 H
414 1133 430 1164 Ι
448 1132 502 1171 41,
526 1131 578 1163 19.
619 1142 711 1173 quae
737 1131 828 1162 iussi
850 1141 915 1172 pro
940 1129 1025 1161 aliis
1049 1129 1218 1161 toleratis
1236 1130 1270 1160 H
1287 1129 1342 1161 III
1357 1127 1419 1168 61,
1442 1128 1493 1160 15.
1536 1139 1629 1171 quae

106 1179 214 1211 victis
230 1178 424 1210 toleranda
443 1180 526 1209 sunt
542 1177 577 1208 H
594 1177 611 1208 I
627 1175 684 1216 48,
699 1175 749 1207 18.
785 1182 900 1217 aequo
919 1175 1038 1207 animo
1056 1175 1269 1207 servitutem
1286 1173 1454 1206 toleratis
1469 1174 1493 1206 J
1508 1172 1564 1214 31,
1578 1173 1629 1207 11.

107 1235 201 1266 quae
219 1223 380 1266 ingentis
397 1226 559 1264 sumptus
577 1224 701 1263 stupro
720 1221 881 1263 corporis
898 1220 1147 1252 toleraverant
1164 1219 1192 1251 C
1209 1219 1264 1259 24,
1284 1218 1316 1251 3.
1357 1229 1437 1251 cum
1454 1218 1629 1251 tributum

106 1269 212 1301 simul
231 1273 267 1300 et
283 1268 453 1300 militiam
470 1267 647 1311 toleraret
664 1267 699 1297 H
712 1267 728 1297 Ι
740 1265 773 1297 9.
808 1263 1009 1307 (populum)
1026 1275 1139 1307 saepe
1157 1265 1326 1296 fortunae
1344 1263 1558 1296 violentiam
1576 1268 1629 1297 to-

105 1314 246 1346 lerasse
263 1313 291 1346 C
309 1312 364 1352 53,
383 1311 414 1345 3.
457 1314 538 1355 quis
556 1311 713 1343 tolerare
731 1314 852 1353 potest
868 1310 941 1341 illis
959 1310 1107 1342 divitias
1125 1320 1298 1351 superare
1318 1309 1344 1341 C
1362 1308 1418 1348 20,
1439 1308 1492 1340 11.

150 1360 246 1391 tollo.
276 1358 459 1391 sublatum
482 1358 520 1389 in
538 1357 703 1389 cervices
720 1365 806 1387 suas
823 1356 859 1387 H
875 1355 930 1386 111
945 1353 1007 1395 61,
1027 1354 1083 1386 21.
1125 1354 1340 1386 Ciceronem
1366 1354 1411 1386 ad
1436 1353 1578 1385 caelum
1607 1357 1632 1387 t.

107 1404 135 1436 C
152 1404 207 1445 48,
231 1403 260 1436 1.
304 1404 446 1435 animos
461 1402 486 1434 J
505 1401 587 1441 101,
606 1401 638 1433 7.
680 1400 877 1433 clamorem
895 1401 919 1432 J
935 1399 996 1439 99,
1019 1399 1050 1431 1.
1091 1400 1303 1431 adiumenta
1318 1399 1491 1441 ignaviae
1510 1403 1628 1431 sustu-

104 1450 193 1488 lisse
209 1449 234 1481 J
249 1448 305 1488 45,
323 1448 356 1480 2.
398 1447 543 1479 sublato
562 1449 723 1485 auctore,
743 1456 836 1487 quae
854 1463 894 1467 --
915 1445 1084 1477 audierat
1100 1445 1267 1477 narravit
1284 1444 1311 1476 O
1329 1443 1384 1484 23,
1403 1444 1437 1476 4.

149 1495 289 1526 tonitru.
321 1504 402 1525 cum
419 1492 630 1524 machinato
647 1491 803 1533 strepitu
820 1491 1016 1522 tonitruum
1033 1490 1069 1522 H
1086 1490 1123 1522 II
1138 1489 1195 1531 23,
1213 1489 1245 1522 3.

149 1542 310 1571 toreuma.
343 1538 490 1570 tabulas
509 1537 616 1578 signa
633 1539 837 1569 toreumata
855 1535 882 1567 C
900 1534 954 1575 20,
977 1534 1029 1567 12.
1282 1534 1288 1540 '

149 1587 360 1616 tormentum.
391 1582 514 1614 iacula
539 1581 729 1614 tormentis
755 1584 818 1612 aut
841 1591 951 1612 manu
969 1580 1104 1612 emissa
1119 1580 1143 1612 J
1159 1580 1221 1620 57,
1240 1578 1273 1612 6.
1314 1579 1456 1612 hostem
1472 1582 1630 1612 tormen-

105 1630 153 1661 tis
171 1628 414 1671 sagittariisq.
434 1631 471 1660 et
489 1627 734 1659 funditoribus
753 1626 891 1657 eminus
908 1629 1047 1658 terrere
1061 1626 1086 1658 J
1098 1624 1159 1665 94,
1178 1623 1213 1657 3.

150 1674 302 1714 torpedo.
333 1673 365 1704 si
383 1676 488 1704 tanta
505 1676 531 1703 t.
551 1672 690 1704 animos
707 1671 887 1712 obrepsit,
913 1675 954 1702 ut
970 1688 1012 1693 —-
1030 1671 1065 1702 H
1080 1671 1098 1702 Ι
1113 1669 1174 1710 48,
1196 1669 1249 1702 19.
1291 1671 1489 1712 occupavit
1505 1670 1630 1702 nescio

107 1730 202 1762 quae
220 1729 284 1751 vos
302 1721 327 1749 t.
347 1718 382 1749 H
399 1718 452 1749 111
469 1716 524 1757 61,
541 1716 598 1748 26.
639 1716 742 1748 euius
759 1716 875 1749 .—inis
894 1718 974 1747 erat
991 1715 1112 1757 decipi
1129 1716 1164 1746 H
1181 1715 1235 1746 III
1251 1713 1306 1752 61,
1325 1714 1380 1746 20.

150 1767 314 1804 torpesco.
345 1773 390 1794 ne
408 1773 473 1805 per
490 1762 603 1794 otium
619 1763 768 1793 -ereut
785 1771 914 1792 manus
932 1763 996 1792 aut
1013 1761 1155 1792 animus
1174 1759 1202 1791 C
1224 1758 1275 1800 16,
1294 1759 1326 1792 3.
1368 1760 1557 1802 ingenium
1575 1760 1628 1791 in—

107 1810 208 1842 cultu
226 1812 298 1850 atq.
315 1808 485 1840 socordia
501 1817 608 1838 —ere
626 1807 750 1838 sinunt
764 1805 788 1837 J
805 1805 836 1844 2,
855 1806 887 1836 4.

150 1858 294 1887 torrens.
324 1863 443 1885 mores
460 1862 532 1884 non
549 1851 739 1894 paulatim,
757 1853 816 1882 set
831 1850 1005 1882 torrentis
1021 1850 1125 1882 modo
1142 1850 1382 1892 praecipitati
1398 1850 1433 1881 H
1449 1850 1466 1882 I
1486 1849 1539 1882 12.

150 1903 274 1932 torreo.
304 1899 383 1941 igni
401 1902 540 1930 torrere
558 1898 605 1937 ej.
623 1897 658 1927 H
675 1897 728 1928 ΙΙΙ
744 1894 800 1936 67,
823 1895 850 1927 1.

150 1947 213 1977 tot.
243 1954 316 1976 non
332 1947 387 1976 tot
405 1943 629 1984 exercituum
647 1941 751 1973 clade
768 1958 812 1963 —
828 1940 988 1972 satiatus
1004 1940 1040 1971 H
1055 1940 1072 1971 I
1088 1939 1130 1971 41
1141 1965 1150 1981 ,
1169 1940 1201 1972 5.
1243 1940 1302 1971 cui
1324 1950 1390 1982 per
1406 1942 1462 1972 tot
1476 1939 1630 1972 volnera

107 1994 145 2022 et
168 1990 314 2022 labores
337 1988 430 2020 nihil
455 1987 659 2030 quaesitum
684 1989 740 2018 est
763 1986 798 2017 H
822 1986 840 2017 1
863 1985 925 2025 41,
945 1986 1000 2017 22.
1042 1985 1074 2016 si
1099 2001 1136 2006 —
1163 1988 1218 2017 tot
1241 1984 1391 2017 labores
1410 1988 1449 2019 et
1462 1984 1631 2027 pericula

107 2036 366 2078 suscepissem,
394 2033 560 2075 quotiens
585 2051 626 2055 —
643 2032 678 2063 H
695 2032 731 2063 II
747 2029 809 2070 96,
830 2030 860 2062 l.
900 2040 967 2072 per
990 2033 1017 2062 t.
1042 2029 1200 2072 scaphas
1223 2030 1258 2061 H
1281 2030 1335 2062 ΙΙΙ
1363 2029 1413 2062 11.
1454 2034 1511 2062 tot
1532 2030 1631 2063 viros

107 2081 186 2113 sine
204 2090 275 2112 uno
291 2097 338 2103 —
353 2089 425 2111 non
442 2078 578 2110 audere
596 2078 631 2109 H
647 2077 702 2108 111
716 2075 771 2115 61,
790 2076 846 2107 22.

150 2126 286 2157 totiens.
317 2128 343 2157 t.
363 2125 483 2156 fusum
500 2122 692 2167 Numidam
709 2122 732 2154 J
752 2120 833 2162 106,
849 2120 882 2153 3.
923 2120 1086 2163 praemio
1110 2131 1176 2163 pro
1192 2123 1218 2152 t.
1237 2120 1283 2152 ob
1301 2131 1377 2152 rem
1394 2131 1430 2163 p.
1448 2120 1530 2153 fuso
1547 2130 1631 2153 san—

107 2171 217 2213 guine
234 2171 270 2202 H
287 2170 323 2202 n
339 2168 394 2209 96,
414 2169 447 2201 2.

150 2218 254 2247 totns.
285 2215 398 2247 totius
417 2214 504 2246 anni
522 2213 670 2245 comitia
686 2211 903 2254 inpediebat
916 2211 942 2243 J
954 2210 1010 2252 37,
1020 2212 1053 2243 2.
1086 2213 1232 2243 noctem
1249 2213 1364 2242 totam
1381 2211 1514 2243 itinere
1531 2210 1631 2243 facto

106 2261 130 2293 J
142 2259 239 2300 91,3.
269 2263 346 2292 toto
363 2260 422 2291 die
439 2260 602 2290 intentos
618 2257 800 2289 habuerat
815 2257 839 2288 J
854 2255 910 2296 94,
929 2255 962 2289 3.
995 2266 1062 2299 per
1074 2259 1190 2288 totam
1204 2256 1329 2288 urbem
1349 2255 1376 2288 C
1394 2255 1449 2296 30,
1459 2256 1493 2288 7.
1527 2273 1570 2279 —
1590 2273 1624 2278 —

105 2306 254 2338 Italiam
275 2305 302 2337 C
321 2305 375 2343 52,
397 2304 449 2336 15.
490 2307 605 2336 totum
631 2303 708 2334 eius
725 2312 876 2344 regnum
893 2302 968 2334 iam
983 2302 1175 2334 invaserat
1189 2302 1213 2334 J
1230 2300 1283 2341 20,
1303 2300 1336 2333 6.
1377 2302 1489 2333 totius
1507 2301 1630 2333 Numi-

107 2351 191 2383 diae
217 2351 397 2393 inperium
421 2353 548 2391 petere
566 2349 589 2380 J
606 2347 669 2387 20,
689 2347 722 2379 7.
763 2347 882 2380 forum
903 2347 1015 2379 totius
1039 2347 1144 2389 regni
1167 2357 1334 2378 maxume
1358 2346 1583 2378 celebratum
1607 2346 1631 2378 J

106 2396 168 2437 47,
193 2395 221 2428 1.
263 2398 341 2427 tota
365 2394 487 2426 insula
511 2412 548 2415 —-
577 2393 698 2424 inanis
721 2391 828 2424 HIII
844 2391 898 2430 30.
938 2395 1055 2424 totam
1079 2391 1291 2432 Bithyniam
1315 2391 1498 2433 diripuere
1522 2392 1558 2422 H
1581 2391 1631 2423 IV

107 2440 162 2481 61,
181 2440 213 2472 9.
255 2440 375 2472 facies
391 2440 505 2471 totius
522 2438 647 2481 negoti
664 2438 769 2470 varia
783 2437 807 2469 J
823 2437 880 2476 51,
900 2437 931 2469 1.
973 2440 1049 2469 toto
1067 2437 1214 2478 agmine
1231 2436 1267 2467 H
1283 2437 1338 2468 111
1353 2435 1408 2476 67,
1427 2435 1460 2468 8.

151 2486 256 2517 trabs.
287 2485 387 2517 dolia
404 2484 469 2516 sub
487 2484 613 2515 trabes
630 2483 753 2516 locata
768 2483 804 2514 H
821 2483 872 2514 IV
887 2481 922 2514 8.

151 2532 273 2562 tracto.
305 2540 374 2572 quo
399 2529 544 2572 plebem
567 2529 605 2560 in
622 2528 840 2570 magistratu
856 2527 1038 2570 placidius
1055 2528 1261 2558 tractarent
1278 2524 1305 2556 C
1324 2524 1386 2565 39,
1403 2525 1436 2557 2.
1478 2525 1539 2567 qui
1555 2535 1631 2556 rem

108 2587 142 2618 p.
161 2586 284 2608 eorum
308 2577 515 2607 tractarent
533 2574 559 2606 C
577 2574 640 2614 51,
659 2573 715 2608 28.
755 2584 813 2616 po.
841 2576 879 2605 et
901 2575 1053 2604 senatus
1077 2570 1222 2613 placide
1248 2570 1448 2611 modesteq.
1472 2570 1568 2602 inter
1591 2580 1630 2601 se

107 2631 183 2653 rem
199 2632 235 2663 p.
253 2620 469 2653 tractabant
485 2619 509 2651 J
525 2618 579 2659 41,
599 2619 631 2651 2.

151 2668 293 2698 tractu.
324 2665 449 2707 Syrtes
473 2665 519 2697 ab
544 2667 664 2696 tractu
687 2664 898 2696 nominatae
917 2662 941 2694 J
958 2660 1020 2703 78,
1038 2659 1071 2692 3.
1113 2670 1216 2692 mons
1239 2662 1362 2692 tractu
1378 2659 1459 2702 pari
1475 2659 1499 2691 J
1515 2659 1577 2699 48,
1596 2658 1630 2692 3.

107 2710 252 2743 vitiosis
269 2711 348 2754 agri
365 2710 546 2742 tractibus
562 2711 610 2750 cj.
629 2710 664 2741 H
681 2710 735 2741 111
755 2709 784 2740 l.
1396 2715 1407 2724 ‘

152 2756 261 2787 trado.
292 2755 392 2787 Galli
409 2755 640 2797 praetoribus
664 2765 702 2786 se
719 2754 870 2785 tradunt
887 2751 914 2783 C
932 2751 994 2791 45,
1014 2749 1047 2782 3.
1088 2753 1128 2781 ut
1152 2760 1228 2791 seq.
1255 2753 1292 2782 et
1315 2749 1486 2791 oppidum
1503 2749 1629 2791 Iugur-

110 2800 196 2832 thae
213 2800 337 2832 tradat
352 2800 376 2832 J
392 2799 447 2838 26,
468 2799 496 2832 1.
537 2810 618 2832 sese
636 2809 822 2840 regnumq.
841 2807 942 2829 suum
959 2796 997 2826 in
1014 2795 1112 2826 illius
1130 2794 1237 2826 fidem
1254 2794 1399 2827 tradere
1417 2794 1440 2825 J
1456 2793 1513 2834 62,
1532 2793 1553 2826 3
1571 2793 1630 2835 (al.

110 2844 323 2877 Orestillam
339 2848 426 2877 tuae
443 2844 530 2876 fidei
546 2844 650 2876 trado
668 2843 694 2875 C
713 2842 773 2881 35,
792 2842 840 2882 6).
882 2841 945 2873 ubi
963 2840 1154 2872 socordiae
1179 2844 1216 2871 te
1234 2843 1307 2881 atq.
1326 2839 1500 2881 ignaviae
1517 2837 1645 2871 tradi-⁸

109 2891 206 2923 deris
225 2890 252 2921 O
271 2888 390 2931 52,29.
422 2889 635 2932 Iugurtham
654 2905 695 2910 -—
713 2888 834 2919 vivom
853 2904 893 2908 —
912 2888 1083 2917 necatum
1101 2884 1173 2917 sibi
1189 2885 1379 2917 traderent
1392 2884 1417 2916 J
1433 2883 1488 2925 46,
1506 2884 1528 2916 4
1543 2887 1631 2917 conl.
