1846 3282
209 233 292 274 340
880 241 1014 266 INDEX

212 344 320 377 victis
343 345 398 373 est
414 342 448 372 H
467 340 518 371 ΙΙΙ
535 338 595 376 61,
614 338 669 370 28.
712 338 932 380 cuiuscumq.
951 338 1053 377 ,modi
1077 340 1161 370 sunt
1185 348 1278 380 quae
1305 337 1562 379 amplexamini
1583 337 1608 369 C
1628 336 1671 369 52
1684 361 1693 378 ,
1711 335 1732 369 5

212 391 296 421 conl.
326 386 376 418 10.
420 384 644 426 agundarum
663 393 782 415 rerum
800 387 836 415 et
861 394 1049 426 quocumq.
1069 383 1171 415 modo
1188 383 1278 414 belli
1297 383 1526 425 conponundi
1543 382 1733 414 licentiam

213 433 302 475 ipsis
319 429 497 472 permittit
520 430 542 461 J
564 428 644 469 103,
665 427 696 460 3.
739 429 954 470 quicumque
981 428 1134 460 aliarum
1161 431 1233 469 atq.
1261 431 1410 459 senatus
1432 427 1590 469 partium
1616 429 1730 465 erant,

215 474 422 509 conturbari
440 484 515 505 rem
532 484 566 515 p.
587 491 629 496 —
646 473 833 505 malebant
851 472 878 504 C
897 473 951 512 37,
977 473 1013 505 10
1030 475 1115 505 conl.
1135 472 1190 512 38,
1202 473 1233 505 3.
1253 471 1307 513 39,
1319 471 1352 504 6.
1385 483 1442 514 po.
1461 472 1504 504 R.
1523 481 1733 514 quoscumq-

216 531 321 563 agros
339 521 499 561 ceperat,
519 518 598 560 regi
615 518 707 550 dono
725 518 826 550 dedit
841 518 865 549 J
881 518 913 555 5,
928 519 962 549 4.
1003 528 1214 560 quaecumq.
1241 517 1315 549 dici
1340 522 1403 548 aut
1422 517 1510 559 fingi
1529 518 1664 558 queunt
1680 515 1734 559 19-

213 566 341 598 xuriae
359 569 432 605 atq.
445 564 618 605 ignaviae
636 563 779 605 probra,
801 573 846 595 ea
865 563 899 594 in
919 563 981 595 illo
1000 563 1165 594 exercitu
1175 566 1306 594 cuncta
1324 562 1426 594 fuere
1445 565 1482 593 et
1495 561 1569 593 alia
1580 560 1735 603 amplius

213 611 235 642 J
265 610 325 649 44,
350 609 381 640 5.
429 612 610 651 postremo
643 618 857 650 quaecumq.
889 609 1030 650 possint
1060 608 1251 650 largiundo
1280 617 1410 649 parare
1441 617 1486 638 ne
1519 608 1738 638 cunctentur

214 656 236 687 J
258 654 308 694 13,
327 653 359 686 6.

261 699 401 740 quidam.
439 698 485 729 ad
508 697 685 729 Manlium
711 697 890 739 quendam
917 697 943 729 C
967 697 1030 735 24,
1048 697 1069 728 2
1092 699 1177 730 conl.
1203 697 1263 736 27,
1288 696 1316 731 l.
1342 695 1401 736 40,
1426 695 1453 728 1.
1481 696 1542 735 44,
1561 695 1594 728 3.
1620 693 1684 735 46,
1701 693 1735 727 3.

216 743 464 776 Faesulanum
482 743 661 784 quendam
681 742 707 773 C
726 742 780 782 59,
800 741 820 774 3
837 744 923 774 conl.
942 742 966 774 J
983 742 1037 782 71,
1054 741 1085 774 3.
1098 741 1167 781 ¹93,
1185 742 1206 773 2
1223 741 1272 782 (at
1290 742 1435 783 quidam
1453 742 1568 783 Ligus
1585 741 1620 772 H
1636 740 1649 771 i
1665 739 1736 780 54).

216 789 373 822 Numida
391 788 554 830 quidam,
581 788 725 819 nominc
743 787 906 820 Massiva
923 787 947 818 J
964 786 1025 827 35,
1050 786 1064 818 1
1091 789 1176 819 conl.
1201 785 1263 826 65,
1285 786 1313 818 1.
1345 785 1424 826 108,
1449 787 1476 818 1.
1523 786 1603 817 iura
1628 795 1739 827 quae—

217 835 300 866 dam
317 833 471 865 tribunis
489 833 650 864 restituit
667 833 701 863 H
719 833 771 864 111
788 831 843 871 61,
861 831 893 864 8.
935 832 1079 874 quidam
1099 833 1139 863 L.
1159 831 1380 872 Tarquinius
1398 830 1424 862 C
1443 830 1499 871 48,
1518 829 1549 863 3.
1589 832 1738 872 propter

219 879 356 911 cuiusd.
382 877 639 919 Transpadani
662 877 880 920 subplicium
904 877 1079 908 iniustum
1105 876 1131 907 C
1157 875 1218 916 49,
1237 878 1269 907 2.
1318 876 1557 918 interemptus
1583 885 1605 907 a
1629 874 1736 916 quad.

218 924 372 956 muliere
391 923 425 954 H
441 923 454 954 i
470 921 523 954 86.
565 922 733 964 pervenit
751 923 789 953 in
807 922 988 963 quandam
1005 921 1197 963 planitiem
1213 921 1236 953 J
1253 919 1307 960 68,
1327 921 1359 952 2.

263 969 402 1009 quidem.
440 978 484 999 ac
508 967 597 998 mihi
623 967 767 1008 quidem
785 984 826 988 —
846 967 873 999 C
891 965 929 1007 3,
949 967 970 997 2
993 969 1077 998 conl.
1095 966 1130 997 H
1146 966 1199 997 III
1215 964 1275 1005 61,
1295 964 1350 998 23.
1392 965 1478 997 Tibi
1495 964 1639 1007 quidem
1657 974 1739 1006 gra-

218 1014 313 1046 tulor
329 1014 350 1046 J
368 1011 400 1051 9,
419 1014 450 1044 2.
493 1012 597 1051 Quae
617 1012 761 1053 quidem
779 1022 837 1043 res
858 1029 895 1033 —
917 1011 943 1042 C
966 1011 1016 1051 15,
1036 1010 1056 1043 3
1073 1014 1158 1043 conl.
1179 1011 1213 1042 H
1231 1011 1281 1042 IV
1297 1009 1352 1042 26.
1377 1010 1394 1042 1
1411 1009 1466 1051 41,
1480 1009 1512 1041 8.
1546 1009 1740 1051 Pompeius

220 1058 376 1091 similem
395 1068 434 1089 se
453 1057 530 1089 fore
549 1057 701 1089 credens
718 1056 925 1088 Alexandro
950 1056 1053 1088 facta
1078 1055 1281 1097 consultaq.
1308 1055 1386 1087 eius
1417 1055 1560 1097 quidem
1579 1053 1741 1086 aemula-

219 1108 276 1136 tor
303 1106 383 1134 erat
407 1103 441 1134 H
466 1103 519 1133 ΙΙΙ
542 1102 574 1133 7.
617 1112 701 1133 nam
726 1112 794 1144 ego
820 1102 964 1143 quidem
988 1100 1121 1133 vellem
1145 1101 1167 1132 J
1191 1100 1253 1140 24,
1273 1098 1305 1131 9.
1346 1110 1430 1132 nam
1455 1111 1511 1131 me
1537 1099 1682 1141 quidem
1699 1116 1741 1121 —

220 1148 321 1180 nulla
339 1148 456 1180 oratio
474 1146 622 1183 laedere
640 1150 763 1188 potest
776 1147 799 1178 J
815 1146 870 1186 85,
890 1146 946 1180 27.
987 1156 1071 1177 nam
1088 1145 1154 1177 illa
1173 1145 1315 1187 quidem
1332 1146 1435 1187 piget
1453 1145 1574 1176 dicere
1591 1144 1614 1176 J
1632 1143 1688 1182 31,
1706 1142 1741 1174 2.

220 1204 305 1226 nam
322 1193 360 1225 vi
378 1192 522 1234 quidem
540 1202 669 1234 regere
687 1192 845 1233 patriam
863 1209 906 1213 —-
922 1191 946 1222 J
963 1191 1000 1231 3,
1020 1191 1040 1221 2
1063 1193 1149 1222 conl.
1167 1189 1228 1231 31,
1248 1189 1292 1221 20
1308 1194 1341 1222 et
1357 1189 1411 1222 23.
1453 1189 1640 1221 Satellites
1665 1186 1742 1229 qui·

222 1240 304 1270 dem
323 1239 400 1269 eius
418 1247 558 1278 nequeo
577 1237 668 1268 satis
685 1237 808 1268 mirari
826 1237 859 1267 H
876 1237 893 1267 I
910 1235 1007 1276 4l,2.
1038 1236 1210 1278 quoniam
1228 1235 1370 1277 quidem
1386 1251 1432 1257 —-
1447 1243 1623 1277 praeceps
1642 1242 1743 1275 agor,

221 1283 433 1315 incendium
450 1292 569 1313 meum
587 1281 691 1313 ruina
711 1281 919 1323 extinguam
939 1281 964 1313 C
983 1280 1043 1318 31,
1062 1280 1084 1312 9
1108 1282 1193 1312 conl.
1213 1281 1248 1312 H
1264 1280 1282 1311 I
1298 1279 1339 1311 41
1353 1305 1361 1320 ,
1383 1279 1435 1312 15.
1475 1289 1520 1311 ne
1539 1297 1580 1301 —
1600 1278 1744 1320 quidem

220 1329 244 1360 J
261 1328 315 1367 31,
335 1327 366 1360 3.
393 1327 428 1358 H
445 1328 462 1358 Ι
478 1326 533 1367 41,
557 1326 607 1358 11.
633 1325 762 1367 48,12.
789 1327 842 1357 111
859 1326 913 1358 25.
939 1325 995 1365 61,
1013 1324 1068 1357 28.
1094 1324 1180 1357 160.

267 1373 369 1413 quies.
401 1372 549 1403 laetitia
567 1374 640 1412 atq.
659 1371 829 1410 lascivia,
849 1381 942 1412 quae
961 1371 1131 1402 diuturna
1150 1370 1251 1412 quies
1269 1372 1466 1412 pepererat
1484 1369 1511 1401 C
1529 1367 1584 1409 31,
1607 1367 1636 1399 1.
1678 1366 1745 1399 illa

225 1419 327 1460 quies
353 1420 389 1448 et
412 1417 524 1448 otium
549 1426 628 1447 cum
652 1416 824 1447 libertate
848 1433 892 1438 —
915 1415 1017 1447 nulla
1035 1419 1118 1447 sunt
1134 1415 1169 1446 H
1186 1416 1203 1447 I
1220 1414 1274 1455 41,
1293 1413 1326 1446 9.
1367 1415 1496 1456 quibus
1516 1413 1618 1455 quies
1634 1413 1673 1444 in
1689 1422 1745 1444 se-

223 1462 434 1501 ditionibus,
454 1461 491 1492 in
509 1471 601 1502 pace
620 1461 749 1492 turbae
767 1463 851 1492 sunt
867 1461 902 1491 H
920 1461 935 1491 I
952 1460 1013 1500 48,
1034 1460 1064 1492 7.
1106 1470 1223 1501 neque
1248 1459 1286 1490 id
1310 1463 1452 1501 tempus
1477 1459 1593 1500 quieti
1612 1461 1676 1488 aut
1692 1457 1746 1488 lu-

223 1508 351 1540 xuriae
370 1506 472 1538 dedit
487 1505 510 1537 J
526 1504 580 1546 61,
601 1505 632 1537 3.
673 1505 803 1548 volgus
826 1505 1059 1537 Numidarum
1087 1505 1198 1546 quieti
1223 1507 1260 1536 et
1283 1504 1356 1536 otio
1382 1504 1573 1536 advorsum
1590 1503 1613 1535 J
1631 1501 1691 1542 66,
1711 1501 1745 1533 2.

223 1562 341 1594 neque
367 1551 496 1593 fugere
521 1560 627 1592 posse
651 1560 768 1592 neque
794 1550 952 1591 quietem
976 1550 1054 1592 pati
1070 1550 1093 1581 J
1114 1548 1194 1590 101,
1219 1549 1270 1581 11.
1314 1549 1455 1581 animus
1472 1558 1590 1590 neque
1609 1546 1746 1590 vigiliis

223 1607 341 1638 neque
360 1596 543 1638 quietibus
561 1595 683 1626 sedari
700 1598 844 1637 poterat
862 1594 888 1626 C
911 1595 959 1635 15,
979 1596 1012 1626 4.

269 1642 413 1682 quiesco.
435 1641 476 1672 N.
488 1641 605 1671 fessus
620 1641 657 1671 in
670 1640 766 1671 lecto
781 1639 1089 1681 quiescebatJ7l,
1105 1639 1134 1671 1.
1170 1639 1330 1671 conditio
1347 1655 1381 1660 —
1400 1638 1542 1678 fuisset,
1557 1638 1588 1669 si
1601 1636 1746 1669 omnino

225 1686 421 1728 quiessetis
439 1685 473 1716 H
491 1686 546 1717 III
562 1684 618 1725 61,
641 1683 693 1717 13.

269 1731 411 1771 quietus.
448 1740 566 1771 neque
592 1730 737 1761 interea
762 1729 904 1771 quietus
931 1732 1011 1761 erat
1036 1728 1062 1760 C
1087 1727 1148 1767 26,
1173 1728 1194 1760 2
1220 1731 1305 1761 conl.
1329 1729 1352 1761 J
1376 1727 1436 1768 51,
1455 1728 1487 1760 5.
1537 1728 1680 1769 quietus
1703 1743 1746 1748 —

225 1777 345 1808 aciem
364 1774 609 1815 exornatJ52,
621 1775 652 1806 5.
689 1784 797 1816 quam
814 1784 923 1816 super
941 1774 1084 1816 quietus
1101 1774 1263 1805 insidens
1282 1774 1315 1804 H
1331 1774 1385 1805 111
1405 1772 1458 1804 19.
1491 1773 1555 1805 ubi
1572 1772 1748 1804 Numidas

226 1823 367 1863 quietos
385 1830 502 1861 neque
522 1819 615 1851 colle
634 1819 786 1862 degredi
803 1819 1061 1852 animadvertit
1076 1818 1100 1850 J
1116 1818 1176 1858 50,
1199 1818 1228 1852 1.
1269 1819 1349 1861 ipse
1368 1828 1454 1850 acer
1470 1817 1685 1854 bellicosus,
1711 1819 1750 1847 at

225 1867 257 1898 is
275 1883 317 1887 >-
336 1865 480 1907 quietus
498 1864 647 1896 inbellis
663 1865 686 1896 J
704 1864 765 1905 20,
784 1864 816 1895 2.
857 1874 1100 1906 numquamne
1126 1867 1211 1906 erg'o
1236 1863 1380 1895 familia
1397 1866 1521 1895 nostra
1539 1863 1662 1904 quieta
1681 1861 1750 1893 erit

224 1912 247 1944 J
269 1910 320 1951 14,
340 1911 372 1942 9.
413 1910 467 1941 uti
484 1919 542 1941 res
560 1921 594 1952 p.
615 1910 739 1951 quieta
759 1910 854 1941 foret
871 1920 964 1941 neve
982 1909 1114 1941 seditio
1132 1909 1288 1940 oriretur
1307 1908 1332 1940 C
1351 1907 1405 1948 34,
1420 1908 1440 1938 2
1458 1910 1545 1940 conl.
1564 1908 1599 1939 H
1615 1907 1633 1938 1
1649 1905 1704 1945 48,
1719 1905 1748 1938 l.

227 1956 388 1998 quietam
414 1965 435 1986 a
460 1954 567 1986 bellis
592 1954 782 1987 civitatem
807 1955 841 1985 H
864 1955 881 1985 Ι
907 1953 982 1985 112.
1023 1964 1140 1995 neque
1164 1953 1361 1996 Iugurthae
1388 1953 1465 1984 dies
1491 1955 1554 1984 aut
1577 1962 1648 1984 nox
1673 1950 1750 1982 ulla

228 2001 355 2043 quieta
373 2000 441 2031 fuit
457 1999 480 2032 J
498 2000 552 2039 72,
571 1999 602 2030 2.
645 2010 720 2031 rem
745 1999 906 2041 quietam
930 1999 1101 2030 nuntiant
1116 1999 1140 2030 J
1160 1997 1239 2038 105,
1258 1999 1290 2030 5.
1332 1998 1450 2040 potior
1472 1997 1682 2040 periculosa
1705 1994 1749 2027 li-

227 2047 353 2078 bertas
372 2045 496 2088 quieto
511 2045 662 2076 servitio
681 2045 714 2075 H
732 2045 750 2076 1
767 2044 822 2081 41,
840 2043 895 2076 26.
938 2045 1062 2086 quieta
1082 2054 1226 2076 movere
1246 2043 1273 2075 G
1291 2042 1347 2083 21,
1369 2042 1397 2074 1.

273 2090 359 2130 quin.
392 2090 471 2131 quis
490 2092 545 2121 est
559 2090 693 2131 -quin
708 2089 846 2121 divitiis
865 2093 901 2120 et
917 2089 1131 2131 sumptibus,
1149 2099 1222 2120 non
1239 2089 1423 2130 probitate
1433 2096 1551 2129 neque
1569 2085 1749 2118 industria

229 2145 310 2166 cum
334 2134 532 2165 maioribus
558 2134 755 2166 contendat
777 2134 799 2165 J
823 2134 861 2174 4,
882 2134 913 2164 7.
956 2134 1086 2176 quibus
1110 2143 1182 2165 non
1206 2133 1364 2164 humana
1388 2142 1506 2174 neque
1530 2131 1656 2164 divina
1671 2129 1749 2162 ulla.

231 2179 378 2211 obstant
395 2179 481 2220 quin
498 2180 618 2211 socios
636 2197 677 2201 -
695 2179 845 2211 trahant
870 2179 1077 2219 excindant,
1104 2178 1225 2210 omnia
1242 2188 1313 2209 non
1331 2188 1438 2210 serva
1462 2195 1504 2200 —
1521 2175 1672 2208 hostilia
1687 2175 1751 2207 du-

230 2226 316 2255 cant
333 2224 367 2254 H
384 2224 433 2255 IV
450 2222 504 2264 61,
519 2223 570 2254 17.
606 2233 694 2265 quos
712 2223 858 2255 silentio
876 2224 1078 2265 praeterire
1096 2233 1168 2255 non
1186 2223 1256 2254 fuit
1273 2222 1472 2262 consilium,
1493 2222 1580 2263 quin
1596 2221 1748 2262 utriusq.

229 2271 397 2299 naturam
417 2284 454 2290 --
476 2268 655 2309 aperirem
673 2268 700 2299 O
718 2268 773 2307 53,
791 2268 823 2300 6.
863 2279 981 2310 neque
1005 2268 1080 2300 illis
1103 2284 1148 2290 —-
1171 2268 1307 2299 diutius
1327 2278 1371 2299 ea
1387 2267 1442 2299 uti
1454 2266 1637 2306 licuisset,
1664 2265 1750 2307 quin
1801 2303 1806 2306 ,

230 2312 387 2344 defessis
410 2330 452 2334 —
477 2313 537 2354 qui
562 2312 642 2354 plus
672 2316 796 2354 posset
829 2313 1009 2354 inperium
1031 2330 1077 2335 —
1102 2316 1336 2354 extorqueret
1361 2311 1387 2343 C
1411 2310 1472 2351 39,
1498 2312 1531 2343 4.
1579 2312 1750 2353 quoniam

232 2360 357 2400 aperte
381 2357 554 2389 resistere
579 2367 650 2388 non
673 2361 860 2398 poterant,
888 2358 975 2398 quin
998 2358 1064 2389 illa
1087 2358 1236 2400 placere
1260 2357 1332 2389 sibi
1356 2357 1561 2388 faterentur
1581 2354 1605 2387 J
1627 2354 1689 2395 40,
1715 2354 1750 2386 2.

230 2402 320 2434 haut
336 2402 467 2434 faciles
485 2406 567 2433 sunt
584 2402 737 2433 defensu
762 2402 846 2443 quin
865 2406 901 2433 et
919 2403 982 2442 (al.
1003 2403 1135 2444 quine)
1161 2402 1408 2435 conburantur
1430 2410 1627 2444 proxumae
1645 2400 1679 2432 H
1696 2399 1751 2432 111

231 2447 274 2480 32
290 2457 382 2489 susp.
415 2457 487 2479 non
512 2447 598 2489 quin
623 2463 664 2468 -—
689 2457 832 2489 possem
848 2457 939 2488 susp.
959 2447 986 2478 C
1004 2447 1058 2486 35,
1078 2447 1108 2479 3.
1134 2459 1180 2475 Ξ
1204 2448 1291 2489 quin
1316 2447 1427 2489 igitur
1451 2438 1751 2488 expergiscimini

232 2492 258 2524 C
276 2491 331 2533 20,
355 2491 405 2523 14.
447 2492 533 2534 quin
556 2491 667 2534 igitur
692 2491 785 2534 quod
809 2491 910 2523 iuvat
927 2509 968 2513 —
987 2492 1023 2522 id
1046 2502 1191 2533 semper
1215 2493 1358 2524 faciant
1380 2492 1404 2524 J
1427 2490 1488 2531 85,
1506 2489 1562 2522 41.
1586 2502 1632 2518 =
1654 2489 1751 2529 Quin

230 2537 329 2614 golibs
347 2537 505 2569 omnium
523 2553 564 2559 —
583 2536 765 2578 subplicia
782 2537 820 2567 in
837 2539 919 2578 post
937 2536 1076 2568 futuros
1093 2537 1286 2578 conposuit
1303 2537 1338 2567 H
1354 2537 1371 2568 I
1388 2535 1442 2576 41,
1463 2531 1484 2566 6
1507 2538 1593 2567 conl.
1611 2533 1667 2567 43.
1691 2532 1749 2574 48,

276 2627 376 2667 quini.
407 2607 478 2668 qua
495 2625 607 2668 (lege)
626 2626 744 2668 quinis
761 2625 889 2658 modiis
905 2625 1116 2658 libertatem
1135 2628 1387 2658 aestumavere
1405 2625 1440 2656 H
1458 2624 1509 2656 1·11
1525 2623 1580 2662 61,
1601 2622 1652 2666 19.

277 2672 522 2712 quinquaginta
536 2671 559 2703 J
577 2670 631 2711 35,
650 2670 683 2703 9.
710 2671 764 2711 75,
783 2671 815 2703 2.
841 2671 876 2702 H
893 2672 909 2703 I
926 2669 981 2702 67.

278 2717 419 2756 quinque
435 2717 458 2748 J
475 2715 530 2757 93,
550 2715 581 2748 8.
612 2715 684 2757 103,
704 2716 736 2748 2.
761 2716 797 2747 Η
814 2716 863 2748 IV
883 2714 934 2748 19.

278 2761 533 2801 quinquennium
549 2761 572 2792 J
592 2760 643 2801 11,
662 2760 693 2792 5.

232 2850 256 2882 J
278 2806 412 2882 ᾳὲιὶιὲειιε
441 2807 464 2838 J
497 2805 578 2847 102,
604 2805 635 2838 2.
676 2804 755 2846 105,
783 2805 815 2838 3.
870 2805 1033 2847 quintum
1062 2805 1135 2837 iam
1165 2813 1326 2836 mensem
1352 2820 1397 2827 ——
1425 2803 1597 2836 obsessus
1625 2805 1754 2836 teneor

273 2851 292 2881 2
319 2874 326 2889 ,
372 2874 379 2881 .

278 2895 405 2934 quippo.
435 2895 554 2937 Igitur
570 2895 605 2927 ei
622 2895 757 2928 milites
774 2894 865 2927 nihil
882 2895 1013 2928 relicui
1029 2895 1137 2928 victis
1155 2894 1290 2926 fecere.
1323 2894 1466 2936 Quippe
1491 2893 1676 2927 secundae
1694 2902 1753 2925 re·
