1812 3268
822 239 958 266 rumix
1565 222 1647 272 393

171 339 363 380 vectigalis.
395 348 540 382 semper
555 338 632 372 illis
648 349 756 383 reges
773 356 816 362 —-
832 337 1041 382 vectigales
1059 347 1141 372 esse
1160 336 1188 370 C
1205 337 1262 379 20,
1279 336 1312 370 7.
1342 337 1381 370 in
1396 335 1516 371 latere
1531 336 1647 370 vecti-

127 383 266 425 galium
283 387 486 417 nostrorum
503 384 539 416 H
554 385 574 417 I
587 383 642 425 48,
660 383 693 417 8.

171 428 289 461 vectis.
319 432 427 462 vecte
446 430 613 462 certabat
628 440 710 472 susp
712 429 776 461 ,H
791 430 828 462 11
846 429 898 461 11.

170 474 359 506 vehemens.
390 477 522 507 natura
545 475 649 507 ferox
670 474 879 520 vehemens,
903 485 1012 507 manu
1027 476 1214 516 promptus
1231 475 1312 506 erat
1328 472 1356 505 C
1373 472 1430 513 43,
1447 473 1482 506 4.-
1520 472 1646 515 regiae

125 518 335 552 voluntates
352 522 392 551 ut
407 519 656 559 vehementes,
673 511 728 552 sic
745 519 899 552 mobiles
914 520 939 552 J
959 518 1092 560 113,1.
1117 532 1164 547 =
1185 519 1403 551 vehementer
1421 517 1581 550 studium
1598 518 1647 550 si-

125 563 265 595 mulent
282 563 310 595 C
327 564 383 604 41,
402 564 435 597 5.
475 575 508 597 v.
528 564 811 607 gratulabantur
827 565 862 596 H
878 566 895 597 I
911 563 966 597 56.
1006 564 1246 597 vehementer
1269 563 1495 596 adcenderat
1514 562 1539 595 J
1554 561 1648 603 64„²1

126 611 212 641 conl.
227 609 262 647 4,
283 609 314 642 1.
340 590 396 649 34,
419 608 446 641 1.
476 608 550 650 102,
568 608 601 642 3.
643 621 679 643 v.
696 613 882 652 permotus
897 610 922 643 J
937 609 977 650 6,
996 609 1029 641 2.
1069 613 1110 641 ut
1132 609 1268 643 nostris
1285 608 1522 642 vehementer
1539 617 1646 640 carus

126 656 225 686 esset
240 653 264 686 J
281 654 320 694 7,
339 654 371 686 4.
412 654 580 687 nitemini
604 665 647 687 eo
671 655 925 688 vehementius
940 655 965 687 J
980 653 1103 695 31,17
1128 656 1214 687 conl.
1234 653 1362 695 102,.3.
1403 653 1646 695 vehementis-

124 709 226 732 sume
244 699 400 732 adcendi
413 699 439 732 J
453 699 486 739 4,
504 699 538 732 5.

168 745 265 776 veho.
297 744 427 776 cohors
445 745 612 788 grandip
614 745 744 778 haselo
761 748 871 783 vecta
887 746 922 777 H
938 746 992 777 ΙΙΙ
1007 743 1063 777 56.

168 790 233 821 ναι,
271 789 526 822 dissimulandi
550 801 684 823 caussa
705 791 765 824 vel
791 791 848 822 sui
871 790 1096 833 expurgandi
1122 789 1149 822 C
1173 788 1234 829 31,
1251 789 1273 821 4
1295 790 1360 822 vid.
1383 789 1494 822 Gonm.
1509 800 1548 831 p.
1568 787 1644 821 107.

122 845 169 861 =
191 834 252 866 vel
269 834 367 867 bello
384 835 444 867 vel
461 846 554 877 pace
572 836 712 868 clarum
730 835 810 868 fieri
826 835 916 868 licet
933 835 960 867 C
979 834 1068 875 3,1.
1109 835 1168 867 vel
1194 837 1318 867 aetate
1340 834 1401 867 vel
1419 844 1527 867 curae
1545 834 1645 879 simi-

122 879 278 911 litudine
296 883 421 921 patres
439 880 510 923 adp
514 880 721 913 ellabantur
739 881 766 912 C
784 880 817 922 6,
836 880 870 913 6.
905 880 964 914 vel
981 880 1140 912 molliter
1155 880 1215 912 vel
1231 879 1426 922 magnifice
1443 880 1569 912 vivere
1587 876 1644 911 00-

123 924 187 966 pia
205 928 284 956 erat
302 924 329 957 C
349 925 402 964 17,
421 923 454 958 6.
494 925 554 961 vel
570 926 781 968 inperatore
801 925 858 958 vel
874 925 990 958 milite
1007 936 1064 957 me
1081 925 1235 957 utemini
1253 924 1280 956 C
1298 923 1353 965 20,
1377 923 1430 957 16.
1469 925 1568 967 viros
1585 923 1646 956 vel

124 969 324 1011 adiungere
343 950 413 1002 sib'i
429 970 488 1003 vel
505 970 713 1003 interficere
731 971 758 1003 C
777 971 831 1009 24,
842 971 875 1002 4.
907 970 967 1003 vel
985 970 1204 1003 ostentando
1220 970 1394 1002 virtutem
1410 969 1471 1003 vel
1487 962 1646 1001 'hostium

124 1016 285 1047 saevitia
293 1016 537 1048 occasurumJ
550 1016 581 1056 7,
591 1016 624 1048 2.
658 1019 698 1048 ut
706 1016 766 1048 vel
783 996 839 1048 ill'i
856 1016 1095 1048 obruerentur
1110 1015 1170 1048 vel
1189 1015 1318 1048 eadem
1336 1014 1545 1047 conditione
1562 1024 1644 1046 sese

122 1069 358 1102 processuros
374 1060 399 1092 J
415 1059 478 1101 79,
495 1059 527 1093 8.
567 1060 628 1093 vel
651 1061 865 1103 praemissis
888 1061 949 1094 vel
972 1061 1111 1093 ibidem
1134 1060 1277 1093 relictis
1300 1060 1440 1092 Mauris
1461 1060 1486 1092 J
1511 1058 1592 1100 107,
1610 1059 1643 1092 5.

123 1115 287 1137 sermone
305 1106 360 1137 uti
384 1105 445 1138 vel
462 1106 624 1138 modesto
647 1106 709 1139 vel
725 1106 827 1139 molli
850 1106 910 1139 vel
926 1106 1076 1149 procaci
1093 1106 1120 1138 G
1138 1105 1201 1145 25,
1218 1105 1252 1138 5.
1273 1117 1321 1134 =
1344 1105 1383 1137 in
1404 1105 1564 1138 victoria
1585 1103 1645 1137 vel

121 1150 269 1192 ignavis
287 1150 438 1193 gloriari
455 1150 543 1183 licet
559 1151 583 1183 J
598 1150 660 1191 53,
679 1150 712 1183 8.
753 1162 863 1183 unum
886 1154 1020 1183 natura
1041 1150 1148 1184 finem
1164 1150 1225 1183 vel
1242 1150 1339 1183 ferro
1357 1150 1498 1193 saeptis
1514 1149 1645 1182 statuit

122 1195 158 1227 H
174 1196 192 1227 I
207 1195 262 1235 41,
285 1195 336 1227 15.
341 1239 374 1281 6
378 1196 474 1238 (111οᾶ
490 1196 671 1229 scelerum
689 1197 767 1229 eius
782 1196 844 1229 vel
860 1206 1068 1229 maxumum
1086 1199 1142 1229 est
1158 1196 1194 1228 H
1209 1196 1227 1228 I
1242 1194 1372 1242 41,18.

166 1241 262 1272 veles
278 1241 303 1273 J
318 1241 340 1272 4
393 1241 426 1273 7-.

167 1286 355 1318 velitariu-
385 1296 420 1318 v.
439 1296 541 1318 arma
556 1286 582 1319 J
601 1286 676 1327 105,
693 1288 726 1320 2.

167 1331 342 1363 velocitas.
372 1331 564 1374 pleroque
582 1332 763 1365 velocitas
778 1350 823 1355 -—
839 1334 959 1364 tutata
975 1332 1000 1364 J
1015 1331 1070 1372 52,
1089 1332 1123 1363 4.

165 1376 277 1408 velox.
307 1387 424 1419 genus
441 1377 626 1410 hominum
642 1377 782 1410 salubri
799 1387 967 1419 corpore,
990 1376 1116 1416 velox,
1141 1377 1289 1418 patiens
1305 1376 1472 1409 laborum
1489 1376 1513 1409 J
1533 1376 1590 1415 17,
1609 1375 1656 1415 6.,

123 1430 204 1454 011111
220 1421 409 1454 velocibus
428 1432 534 1454 cursu
552 1422 721 1454 certabat
737 1423 773 1454 H
788 1423 824 1455 Π
844 1421 895 1453 11.
929 1421 1192 1455 velocissumos
1209 1421 1353 1464 pedites
1370 1421 1394 1453 J
1410 1420 1466 1460 91,
1485 1420 1518 1454 3.
1543 1420 1598 1461 93,
1609 1420 1643 1453 8.

165 1467 283 1499 veluti.
314 1467 430 1500 vitam
446 1467 593 1499 silentio
610 1470 803 1500 transeant
818 1467 935 1500 veluti
951 1477 1086 1509 pecora
1102 1465 1132 1498 'C
1153 1466 1183 1507 1,
1196 1466 1224 1498 1.
1258 1467 1314 1499 vis
1332 1466 1513 1499 avaritiae
1529 1466 1645 1498 veluti

104 1525 107 1527 ·
121 1511 228 1544 tabes
244 1511 433 1544 invaserat
448 1512 473 1544 J
489 1512 545 1553 32,
562 1512 595 1544 4.
643 1513 740 1544 velut
756 1512 923 1545 hostibus
941 1522 1024 1545 sese
1040 1511 1272 1554 praetoribus
1287 1511 1388 1543 dedit
1402 1511 1429 1543 C
1446 1511 1503 1552 45,
1520 1511 1554 1543 4.
1588 1521 1643 1544 so-

123 1557 191 1588 ciis
207 1556 340 1589 vostris
356 1557 473 1589 veluti
489 1557 667 1597 hostibus,
685 1558 851 1590 hostibus
867 1568 931 1600 pro
950 1557 1059 1589 sociis
1076 1560 1228 1589 utuntur
1241 1557 1266 1589 J
1282 1555 1337 1597 31,
1348 1556 1403 1589 23.
1437 1556 1644 1595 inconsulte

121 1612 166 1634 80
183 1601 298 1634 veluti
315 1613 381 1644 per
396 1602 618 1634 dementiam
636 1602 663 1634 C
681 1603 736 1643 42,
754 1603 786 1635 2.
820 1603 937 1635 omnis
955 1613 977 1634 a
993 1605 1126 1634 natura
1141 1603 1238 1634 velut
1254 1612 1364 1644 opere
1383 1604 1458 1644 atq.
1478 1601 1644 1634 consulto

120 1656 301 1689 praeceps
324 1647 348 1678 J
370 1646 431 1686 92,
451 1647 485 1679 5.
524 1647 643 1680 veluti
666 1659 710 1679 ex
733 1648 909 1680 servitute
935 1650 1063 1689 erepta
1088 1647 1262 1689 gaudium
1286 1647 1457 1689 agitabat
1482 1646 1509 1678 O
1527 1645 1591 1687 48,
1611 1646 1641 1678 l.

120 1691 236 1723 veluti
252 1691 340 1724 ficta
356 1702 421 1734 pro
439 1691 544 1724 falsis
561 1692 663 1724 ducit
681 1692 708 1724 C
725 1692 746 1724 3
757 1718 765 1733 ,
783 1693 816 1724 2.
857 1693 912 1724 uti
935 1692 1051 1724 veluti
1074 1691 1268 1724 cedentem
1290 1702 1372 1724 sese
1388 1692 1645 1734 insequeretur

120 1737 145 1769 J
161 1735 217 1776 38,
235 1737 268 1768 2.
309 1737 406 1768 velut
420 1736 545 1770 hostes
563 1737 807 1770 adventarent
822 1737 847 1769 J
861 1737 918 1777 53,
936 1737 969 1769 7.

164 1783 282 1814 vendo.
313 1782 530 1824 perfugasJ
547 1781 601 1822 32,
621 1781 654 1815 3.
696 1782 915 1814 frumentum
939 1782 1084 1824 publice
1109 1782 1233 1814 datum
1248 1781 1273 1814 J
1289 1782 1350 1822 44,
1370 1781 1402 1815 5.
1441 1792 1489 1814 110
1508 1782 1588 1824 quis
1605 1782 1644 1814 in

121 1827 252 1859 castris
269 1837 402 1869 panem
420 1830 484 1859 aut
503 1844 540 1850 —-
561 1830 704 1859 coctum
722 1827 842 1859 cibum
855 1827 1030 1860 venderet
1045 1828 1069 1860 J
1084 1826 1147 1868 45,
1166 1827 1199 1859 2.
1240 1827 1400 1859 venditis
1423 1827 1643 1869 proscripto-

120 1882 198 1904 rum
214 1872 320 1904 bonis
337 1873 373 1904 H
388 1873 406 1904 1
422 1871 476 1904 31.
520 1872 650 1915 quibus
668 1873 789 1905 omnia
805 1873 961 1905 honesta
980 1875 1053 1915 atq.
1072 1871 1268 1904 inhonesta
1290 1872 1450 1905 vendere
1468 1882 1545 1904 mos
1564 1875 1644 1905 erat

164 1971 336 1994 venenum.
367 1942 539 2005 prohibet
555 1973 689 1995 nocere
706 1973 887 1996 venenum
903 1963 966 1994 H·
955 1974 970 1994 1
985 1962 1039 1996 30.
1080 1965 1198 1995 matre
1222 1973 1362 1995 veneno
1384 1962 1585 1995 interfecta
1607 1962 1644 1995 H

119 2008 154 2040 ΙΙ
166 2008 222 2040 45.
265 2008 425 2040 avaritia
442 2009 546 2060 quasi
561 2009 714 2041 venenis
732 2009 838 2041 malis
855 2009 986 2040 inbuta
1003 2007 1030 2039 C
1051 2007 1103 2048 11,
1123 2007 1155 2041 3.

164 2054 273 2085 venio.
305 2053 419 2085 ceteri
436 2053 514 2085 sine
532 2064 633 2085 111018
649 2054 803 2086 veniunt
820 2053 847 2085 C
865 2052 920 2094 46,
939 2054 972 2085 4.
1010 2053 1051 2085 in
1067 2053 1232 2085 Africam
1248 2034 1475 2086 maturantes
1491 2053 1644 2086 veniunt

118 2099 142 2130 J
159 2098 258 2137 22,1.
292 2097 409 2140 legati
426 2109 449 2130 a
464 2099 612 2131 Boccho
629 2099 781 2131 veniunt
796 2099 820 2131 J
840 2098 914 2136 102,
924 2098 956 2130 2.
990 2098 1045 2130 uti
1063 2098 1109 2130 ad
1126 2108 1165 2130 se
1183 2098 1349 2130 occultus
1366 2099 1495 2131 veniat
1509 2097 1596 2138 J6l,
1608 2098 1642 2130 4.

118 2143 156 2174 in
174 2109 354 2175 senatumg
359 2144 459 2176 venit
476 2143 503 2175 C
522 2142 577 2183 31,
596 2144 629 2176 5.
671 2145 710 2175 111
727 2144 955 2186 provinciam
971 2144 995 2176 J
1011 2142 1213 2184 25,10.111
1231 2150 1356 2176 castra
1370 2144 1395 2176 J
1411 2143 1468 2183 29,
1485 2144 1518 2177 5.
1544 2142 1642 2182 95,1.

118 2187 211 2228 96,1
231 2188 283 2230 (111
300 2188 465 2220 Africam
485 2192 558 2230 atq.
577 2189 615 2220 in
634 2192 757 2221 castra
775 2189 895 2228 Mari).
923 2188 999 2228 112,
1017 2189 1050 2220 2.
1083 2189 1236 2220 Romam
1251 2189 1276 2220 J
1295 2187 1347 2230 13,
1359 2189 1390 2221 7.
1415 2187 1469 2227 33,
1492 2188 1508 2220 1
1528 2168 1643 2230 (cultu

119 2244 228 2275 quam
245 2244 410 2265 maxume
430 2234 658 2273 miserabili).
694 2245 736 2266 eo
752 2235 776 2266 J
793 2233 853 2274 39,
871 2234 904 2266 5.
944 2233 982 2265 in
999 2233 1163 2266 Africam
1180 2233 1204 2265 J
1220 2234 1282 2274 44,
1303 2233 1333 2266 1.
1375 2234 1422 2266 ad
1439 2234 1476 2266 id
1492 2233 1565 2267 1001
1580 2244 1642 2266 ve-

118 2289 206 2310 nere
225 2278 253 2311 C
270 2279 314 2310 45
325 2303 334 2319 ,
351 2277 383 2310 3.
425 2278 672 2322 Conisturgim
697 2279 794 2322 apud
815 2279 980 2321 legiones
996 2279 1032 2310 H
1049 2279 1062 2310 i
1078 2277 1133 2310 70.
1176 2278 1223 2310 8(1
1245 2282 1389 2321 tempus
1412 2289 1485 2311 non
1502 2279 1604 2311 venit
1619 2279 1644 2311 J

118 2322 172 2362 70,
192 2323 224 2355 5.
266 2327 307 2355 ut
325 2326 477 2365 quisque
495 2342 538 2346 —
560 2324 599 2355 in
623 2327 746 2356 castra
768 2326 922 2357 venerat
940 2323 967 2356 O
984 2323 1046 2363 56,
1065 2324 1098 2355 2.
1139 2324 1291 2356 Romam
1315 2323 1384 2356 fide
1406 2324 1558 2366 publica
1580 2335 1642 2356 ve-

118 2371 226 2401 nerat
241 2369 265 2401 J
281 2368 338 2409 35,
357 2367 388 2400 8.
431 2368 548 2411 legati
566 2379 610 2401 ex
627 2369 758 2412 oppido
775 2370 887 2412 Lepti
905 2369 951 2401 ad
966 2369 1156 2401 Metellum
1173 2373 1351 2401 venerant
1367 2369 1392 2402 J
1408 2370 1470 2408 77,
1492 2369 1520 2401 1.
1561 2380 1643 2401 cum

120 2413 159 2445 C.
179 2414 216 2444 in
232 2423 361 2455 'agrum
380 2413 419 2445 C.
440 2424 520 2445 cum
538 2415 704 2446 exercitu
720 2416 884 2447 venisset
901 2414 928 2446 O
946 2413 1001 2454 43,
1017 2414 1047 2445 1.
1080 2414 1246 2446 venienti
1262 2417 1344 2446 ture
1363 2414 1644 2456 subplicabatur

118 2459 153 2490 H
170 2458 207 2490 11
222 2457 293 2498 23,¹
305 2458 337 2492 3.
378 2458 497 2491 victor
517 2462 635 2501 uterq.
654 2459 878 2501 (exercitus)
903 2459 942 2491 in
963 2459 1112 2491 Italiam
1135 2459 1260 2491 venire
1286 2462 1408 2501 potest
1424 2460 1460 2490 H
1475 2460 1513 2491 11
1527 2458 1590 2496 96,
1608 2459 1639 2491 7.

118 2503 275 2535 relicuos
294 2514 375 2536 cum
394 2504 606 2536 custodibus
623 2506 662 2536 in
679 2505 806 2538 aedem
822 2504 1054 2538 Concordiae
1071 2503 1199 2535 venire
1215 2503 1318 2535 iubet
1335 2503 1362 2536 C
1380 2502 1437 2543 46,
1455 2504 1487 2536 5.
1522 2503 1640 2546 illosq.

119 2566 162 2570 -
187 2548 233 2580 ad
256 2548 403 2580 Uticam
427 2549 553 2581 venire
571 2549 674 2581 iubet
689 2550 714 2582 J
734 2549 813 2590 104,
837 2549 865 2582 1.
908 2559 996 2591 quos
1020 2549 1193 2591 profugos
1216 2548 1373 2587 navibus
1395 2549 1435 2580 in
1459 2559 1520 2581 eos
1540 2548 1642 2581 locos

116 2595 264 2625 venisse
281 2594 305 2626 J
322 2592 382 2633 78,
405 2593 434 2624 l.
476 2598 593 2626 semet
611 2605 654 2627 eo
670 2595 775 2627 brevi
792 2598 984 2627 venturum
1003 2593 1030 2625 C
1048 2594 1110 2632 44,
1129 2593 1150 2623 2
1174 2595 1261 2624 conl.
1284 2603 1364 2625 cum
1381 2603 1517 2635 magna
1533 2604 1643 2626 manu

115 2638 140 2670 J
160 2638 220 2678 12,
239 2638 271 2671 3.
312 2638 613 2681 praedabundum
630 2640 655 2672 J
670 2639 731 2680 90,
750 2640 781 2672 2.
825 2651 895 2681 qua
919 2642 1110 2671 venturum
1133 2637 1275 2670 hostem
1299 2638 1467 2670 audierat
1487 2638 1512 2670 J
1527 2638 1590 2679 55,
1608 2637 1640 2671 8.

116 2686 219 2715 ratus
243 2683 385 2726 aliquos
409 2683 456 2716 ab
480 2687 585 2726 tergo
609 2685 776 2718 hostibus
799 2688 973 2717 venturos
997 2683 1022 2715 J
1048 2682 1129 2721 101,
1149 2681 1180 2714 3.
1221 2686 1415 2724 postquam
1433 2693 1476 2715 eo
1493 2686 1642 2716 ventum

120 2730 186 2764 est,
205 2728 300 2760 unde
320 2746 358 2751 —
377 2729 553 2771 proelium
572 2731 737 2762 conmitti
755 2732 879 2772 posset
897 2729 924 2760 C
942 2727 997 2768 60,
1017 2728 1050 2759 2.
1093 2707 1140 2759 ad
1156 2727 1287 2759 flumen
1304 2728 1328 2760 J
1344 2727 1400 2766 91,
1422 2727 1451 2760 l.
1491 2729 1642 2770 propius

117 2772 142 2804 J
157 2771 214 2811 53,
232 2773 265 2804 2.
308 2773 355 2805 ad
371 2773 409 2805 id
425 2773 498 2806 loci
515 2774 539 2807 J
555 2774 610 2812 75
630 2775 662 2807 7.
705 2785 747 2806 00
766 2778 913 2806 ventum
933 2775 1012 2804 erat
1028 2772 1052 2804 J
1068 2771 1123 2810 76,
1141 2771 1174 2803 5.
1217 2773 1279 2814 qui
1297 2772 1513 2814 prohibituri
1530 2784 1641 2806 venc-

118 2820 203 2849 rant
219 2817 311 2849 socii
327 2818 389 2849 H·
379 2829 392 2850 1
407 2817 465 2850 50.
504 2819 670 2851 homines
697 2837 731 2841 —
763 2822 891 2850 contra
914 2819 1102 2869 inceptum
1125 2827 1227 2849 suum
1251 2818 1397 2850 venisse
1414 2818 1438 2850 J
1455 2818 1511 2858 25,
1529 2817 1561 2851 6.
1602 2829 1641 2852 se

120 2862 270 2894 missum
291 2863 437 2895 venisse
464 2865 668 2904 quaesitum
685 2863 709 2895 J
730 2862 810 2903 109,
829 2863 862 2894 2.
902 2862 974 2894 nisi
997 2872 1149 2904 regnum
1168 2861 1324 2904 ipsumq.
1342 2862 1504 2896 deditum
1519 2865 1641 2897 venis-
1645 2884 1649 2890 -

120 2910 204 2940 sent
218 2907 242 2939 J
258 2905 355 2947 28,2.
390 2908 526 2941 auxilio
543 2908 567 2940 J
584 2907 639 2949 81,
650 2907 685 2940 3.
708 2906 764 2949 56,
776 2907 807 2940 l.
840 2908 895 2940 uti
913 2907 959 2939 ab
973 2907 1138 2940 omnibus
1153 2908 1194 2940 in
1210 2907 1439 2950 conloquium
1455 2909 1643 2942 veniretur
