1852 3294
239 227 318 268 314
427 223 448 241 “
931 238 1064 264 INDEX

283 341 435 411 porriges.)
462 338 578 413 qciem
596 336 706 369 latius
723 336 874 379 porrigit
890 337 913 369 J
930 336 992 377 52,
1010 336 1043 369 6.
1086 337 1216 370 collem
1242 340 1451 370 transvorso
1474 339 1606 371 itinere
1631 349 1752 381 porre-

240 390 336 418 ctum
352 385 374 415 J
391 385 445 421 4.,
489 407 496 414 .
805 400 807 403 -
1450 396 1465 399 ¹⁷

283 438 389 469 porro.
422 438 485 469 per
502 427 646 458 Italiam
664 427 818 468 Regium
844 429 952 468 atque
971 427 1055 459 inde
1070 427 1247 468 Siciliam,
1274 436 1379 470 porro
1397 438 1441 460 ex
1459 427 1588 460 Sicilia
1603 428 1642 460 in
1658 428 1753 460 Afri-

240 486 318 506 cam
338 475 570 504 transvectae
588 472 611 502 J
629 470 689 511 28,
704 470 735 503 6.
777 471 988 503 laetabatur
1012 490 1053 495 —-
1079 481 1184 515 porro
1211 476 1331 504 autem
1356 473 1486 505 anxius
1505 476 1585 505 erat
1602 472 1629 505 C
1646 472 1701 510 46,
1719 474 1752 505 2.

238 518 390 550 timebat
407 518 498 549 iram
517 519 666 548 senatus
684 534 724 539 —
736 540 744 555 ,
769 527 873 558 porro
897 517 1038 550 animus
1066 534 1103 539 —
1132 517 1178 549 ad
1200 517 1385 560 inceptum
1403 517 1524 550 scelus
1540 518 1754 560 rapiebatur
1770 521 1781 534 ‘

236 564 259 596 J
276 564 331 602 25,
349 563 395 602 7.ι

282 610 389 648 porta.
420 610 559 649 portam
583 607 754 648 inrumpit
770 607 793 638 J
810 606 870 646 58,
894 606 920 638 1.
964 607 1237 649 egredientibus
1260 608 1298 638 in
1323 610 1427 649 porta
1444 617 1604 649 pugnam
1621 607 1715 639 facit
1730 607 1755 639 J

237 654 292 692 56,
311 654 342 685 4.
386 655 537 695 apertae
562 656 688 694 portae
714 651 749 682 H
772 652 785 683 i
808 650 862 684 26.
904 655 1089 694 portarum
1115 652 1229 684 clavis
1253 653 1276 684 J
1303 652 1354 692 12,
1373 651 1405 684 3.
1446 655 1571 694 portas
1588 652 1754 684 clausere

237 699 260 730 J
276 698 331 737 69,
353 698 368 729 1
387 700 472 730 conl.
497 701 625 739 portae
645 699 729 728 ante
750 696 897 728 clausae
915 696 938 728 J
955 695 1017 736 67,
1039 696 1067 729 1.
1107 700 1232 739 portas
1257 697 1423 728 obsidere
1441 697 1464 728 J
1480 695 1535 737 91,
1555 697 1587 728 4.
1629 699 1755 739 portas

238 743 393 775 tribunis
411 743 580 784 dispertit
595 742 618 773 J
635 740 690 781 59,
712 741 740 772 1.
776 742 821 773 ad
839 744 963 784 portas
982 741 1158 773 festinare
1175 742 1198 774 J
1215 741 1271 782 69,
1285 742 1318 774 2.
1351 759 1392 763 —
1411 759 1453 764 --
1471 752 1576 774 ruere
1593 742 1628 773 H
1644 742 1679 773 11
1695 740 1751 773 58.

239 789 445 820 excubitum
470 788 507 818 in
531 790 653 829 portas
678 786 835 818 cohortis
859 787 1004 818 mittere
1027 787 1050 818 J
1071 785 1146 827 100,
1165 787 1197 819 4.
1238 787 1352 829 portis
1379 797 1567 829 erumpere
1591 787 1615 819 J
1639 785 1701 826 99,
1723 785 1752 818 1.

238 834 349 876 portis
369 833 511 864 turbam
530 831 755 863 morantibus
773 832 807 862 H
824 831 841 863 Ι
859 831 914 862 74.
1593 844 1595 847 r

281 879 437 918 portatio.
471 887 649 909 armorum
669 880 741 917 atq.
761 876 915 908 telorum
932 876 1201 918 portationibus
1219 876 1246 908 O
1264 876 1319 916 42,
1338 876 1371 908 2.
1516 899 1519 901 -

281 923 451 963 pertendo.
474 922 695 954 mutationes
708 921 858 953 caedem
874 921 1000 963 fugam
1019 920 1095 952 alia
1112 921 1260 953 hostilia
1277 921 1526 964 portenduntJ
1535 920 1567 960 3,
1579 921 1613 952 2.
1647 920 1753 953 libris

238 968 312 1000 Sib.
333 978 481 1010 regnum
501 967 617 998 tribus
636 966 816 998 Corneliis
833 966 1000 1008 portendi
1019 965 1045 997 C
1061 966 1158 1006 47,2.
1193 977 1327 1009 magna
1345 970 1454 1008 atque
1471 965 1658 997 mirabilia
1674 976 1754 1008 por·

239 1013 337 1044 tendi
363 1023 518 1054 aruspex
542 1012 685 1043 dixerat
706 1012 729 1043 J
754 1010 814 1051 63,
839 1010 866 1043 1.
906 1021 991 1042 num
1016 1011 1153 1043 somnio
1177 1011 1454 1053 portenderetur
1476 1011 1695 1042 thensaurus
1719 1011 1755 1042 H

236 1059 289 1090 III
314 1057 367 1089 78.
410 1057 462 1088 illi
487 1060 548 1088 aut
572 1059 729 1088 mentem
753 1056 912 1088 divinam
937 1066 1016 1088 esse
1042 1059 1105 1087 aut
1129 1056 1275 1087 deorum
1291 1059 1380 1088 nutu
1399 1058 1530 1088 cuncta
1547 1055 1755 1098 portendi-I

236 1103 291 1143 92,
311 1103 342 1134 2.
361 1116 407 1130 z
421 1103 578 1142 portenta
596 1105 669 1143 atq.
688 1101 856 1143 prodigia
873 1101 1096 1133 nuntiabant
1114 1101 1140 1132 C
1159 1100 1214 1142 30,
1234 1101 1280 1135 2«
1521 1123 1524 1125 -
1757 1108 1761 1112 ”

281 1150 386 1188 porto.
418 1147 522 1179 miles
541 1147 661 1178 cibum
680 1149 716 1178 et
733 1157 834 1178 arma
851 1149 1014 1189 portaret
1029 1146 1053 1178 J
1069 1146 1124 1185 45,
1143 1146 1175 1178 2.
1211 1156 1312 1178 arma
1329 1145 1468 1188 portari
1486 1144 1513 1177 C
1532 1144 1586 1186 30,
1605 1145 1637 1177 2.
1672 1155 1754 1187 spa-

237 1204 294 1226 ros
312 1193 462 1225 lanceas
480 1192 578 1224 sudis
595 1190 894 1234 portabantC56,
904 1190 936 1223 3.
975 1201 1081 1232 quam
1099 1190 1303 1233 plurumum
1322 1191 1438 1232 quisq.
1457 1200 1575 1232 aquae
1591 1192 1755 1232 portaret

236 1239 259 1270 J
274 1238 369 1278 75,.5.
405 1238 495 1269 utris
513 1237 615 1268 modo
635 1239 671 1267 et
690 1236 764 1268 alia
782 1247 899 1277 aquae
917 1236 1049 1268 idonea
1065 1236 1203 1278 portari
1218 1236 1242 1268 J
1259 1235 1356 1276 75,:3.
1388 1236 1510 1278 parati
1528 1234 1755 1267 conmeatum

237 1287 382 1326 portare
399 1283 422 1314 J
439 1282 499 1322 75,
519 1281 550 1314 3.
591 1282 784 1323 pecuniam
802 1280 983 1313 Faesulas
1009 1281 1055 1313 ad
1071 1281 1248 1312 Manlium
1270 1284 1415 1322 portare
1443 1280 1469 1312 O
1487 1280 1542 1320 24,
1560 1280 1593 1313 2.
1632 1290 1678 1311 ne
1697 1290 1755 1322 co-

237 1329 317 1371 pias
334 1346 379 1350 —
395 1337 519 1359 secum
536 1329 700 1368 portaret
715 1326 737 1358 J
755 1325 851 1366 39‚4.
888 1326 1068 1358 exercitus
1087 1326 1148 1368 qui
1165 1326 1202 1357 in
1219 1326 1384 1357 Africam
1400 1328 1609 1368 portaretur
1623 1325 1647 1357 J
1663 1324 1717 1364 27,
1733 1324 1754 1355 5

237 1376 322 1405 conl.
341 1374 364 1404 J
382 1371 443 1412 36,
466 1371 494 1403 l.
525 1371 604 1412 104,
625 1371 655 1403 3.
698 1371 808 1404 sociis
834 1374 906 1412 atq.
927 1371 1054 1402 amicis
1081 1370 1219 1403 auxilia
1235 1371 1431 1413 portabant
1449 1369 1476 1402 C
1494 1368 1525 1410 6,
1546 1370 1577 1402 5.
1618 1369 1754 1402 1103ᾱί-

238 1418 349 1450 vitias
367 1418 478 1449 decus
496 1435 537 1438 *-
556 1417 592 1447 in
611 1416 746 1447 dextris
764 1416 898 1448 vostris
915 1419 1061 1457 portare
1080 1415 1107 1447 C
1125 1414 1180 1456 58,
1199 1415 1232 1447 8.
1652 1434 1671 1451 -.

280 1464 467 1502 portuosus.
498 1471 583 1503 pars
600 1460 794 1492 Numidiae
813 1461 1016 1502 portuosior
1031 1461 1054 1492 J
1076 1459 1126 1499 16,
1145 1460 1178 1492 5.

281 1504 390 1548 poseo.
420 1507 646 1548 imperatores
665 1506 884 1547 stipendium
898 1505 1046 1544 milites,
1065 1515 1165 1537 arma
1181 1506 1396 1537 frumentum
1408 1504 1604 1547 poscuntH
1612 1503 1708 1544 1141,
1719 1503 1753 1538 6.

236 1552 391 1584 Marium
414 1552 659 1593 inperatorem
684 1553 836 1592 poscant
851 1551 875 1582 J
891 1550 952 1590 65,
971 1551 1003 1582 4.
1046 1554 1163 1590 ratus,
1190 1550 1227 1581 id
1251 1550 1345 1591 quod
1361 1549 1547 1592 negotium
1564 1549 1753 1591 poscebat,

238 1597 450 1640 Iugurtham
474 1614 518 1619 —
540 1599 731 1628 venturum
749 1596 773 1627 J
790 1594 850 1635 56,
873 1595 901 1626 l.
945 1599 1069 1626 cetera
1093 1596 1146 1626 uti
1170 1605 1227 1626 res
1250 1598 1421 1636 posceret
1444 1594 1569 1636 parari
1591 1595 1614 1626 J
1637 1593 1700 1634 70,
1719 1593 1752 1626 3.

239 1645 412 1685 quantum
429 1651 545 1673 mores
562 1641 645 1680 mei,
664 1651 735 1672 non
752 1640 895 1672 illorum
911 1640 1054 1682 flagitia
1072 1640 1283 1682 poscebant⁷
1303 1639 1471 1682 respondi
1488 1640 1511 1671 J
1528 1638 1583 1678 85,
1602 1639 1656 1671 44.

281 1688 421 1727 positus.
454 1696 533 1718 cum
550 1685 766 1727 praedixero
785 1686 942 1727 positum
959 1684 1102 1716 insulae
1120 1685 1155 1715 H
1173 1685 1208 1716 II
1228 1684 1257 1716 1.

282 1732 459 1772 possessio.
491 1742 535 1763 ex
551 1730 841 1772 possessionibus
859 1730 1000 1762 solvere
1020 1729 1046 1762 C
1065 1729 1123 1770 35,
1143 1728 1176 1762 3.
1216 1729 1467 1772 possessiones
1492 1739 1536 1762 ex
1552 1729 1657 1761 bonis
1673 1739 1754 1771 pro-

238 1778 453 1819 scriptorum
470 1777 504 1807 H
521 1776 538 1807 I
554 1775 610 1815 41,
632 1774 682 1807 18.

282 1830 463 1862 possessor.
495 1821 539 1853 de
556 1820 747 1863 praefecto
765 1820 866 1852 urbis
892 1821 996 1862 quasi
1019 1830 1230 1862 possessore
1248 1819 1302 1851 rei
1318 1831 1351 1862 p.
1370 1820 1405 1850 H
1422 1819 1440 1851 I
1455 1818 1500 1850 40
1517 1817 1576 1860 (ej.
1595 1829 1656 1860 eyo
1673 1829 1753 1861 pos-

238 1866 428 1907 sessione).

281 1913 445 1952 possideo.
475 1911 652 1943 Numidae
676 1910 872 1952 possedere
899 1921 944 1942 ea
966 1910 1048 1942 loca
1069 1910 1093 1941 J
1114 1909 1170 1950 18,
1194 1909 1244 1941 11.
1285 1909 1435 1940 Africae
1459 1918 1544 1950 pars
1563 1908 1717 1940 inferior
1732 1918 1755 1940 a

238 1957 403 1990 Numidis
426 1966 597 1999 possessa
621 1958 676 1987 est
700 1956 723 1987 J
750 1955 807 1996 18,
832 1955 882 1987 12.
923 1956 960 1987 in
978 1953 1156 1987 divisione
1177 1972 1215 1976 —
1235 1954 1336 1986 illam
1355 1954 1509 1986 alteram
1527 1952 1693 1995 (partem)
1713 1970 1756 1975 -—-

239 2002 424 2034 Adherbal
440 2001 602 2044 possedit
618 2001 641 2033 J
661 1999 718 2040 16,
739 2001 759 2032 5
783 2002 869 2033 conl.
893 2000 936 2032 48
949 2026 956 2040 ,
975 1999 995 2032 3
1021 1998 1243 2041 (1113111”Α(111.
1270 2000 1307 2030 in
1325 1999 1506 2031 divisione
1523 1998 1752 2040 possederat.

240 2048 361 2079 omnia
385 2047 531 2079 virtutis
554 2045 719 2088 praemia
743 2046 893 2078 ambitio
918 2045 1080 2087 possidet
1103 2045 1130 2077 C
1148 2044 1209 2085 52,
1226 2044 1282 2075 22.
1324 2044 1355 2075 si
1372 2043 1494 2075 lubido
1511 2043 1690 2085 possidet,
1710 2053 1755 2075 ea

239 2092 456 2132 dominatur,
476 2092 616 2123 animus
633 2090 722 2122 nihil
739 2090 839 2123 valet
854 2090 880 2122 C
898 2091 953 2129 51,
973 2089 1004 2122 3.

283 2146 424 2176 possum.
457 2136 499 2168 de
517 2146 635 2178 poena.
652 2143 794 2178 possum
814 2136 979 2178 equidem
996 2135 1118 2167 dicere
1137 2134 1164 2166 C
1182 2133 1223 2166 51
1237 2159 1245 2174 ,
1263 2133 1319 2165 20.
1360 2134 1476 2165 victor
1492 2136 1606 2175 uterq.
1626 2133 1662 2163 in
1681 2133 1753 2164 Ita—

239 2181 327 2213 liam
345 2181 468 2213 venire
487 2184 606 2222 potest
624 2181 658 2211 H
674 2182 710 2212 II
726 2179 780 2219 96,
800 2181 832 2212 7.
869 2191 975 2222 quam
993 2190 1180 2211 maxumas
1198 2183 1319 2221 potest
1336 2179 1462 2220 copias
1481 2181 1598 2210 armat
1614 2177 1636 2208 J
1658 2177 1709 2216 13,
1719 2178 1752 2208 2.

240 2226 295 2265 48,
314 2226 334 2256 2
351 2228 437 2257 conl.
456 2224 511 2265 68,
530 2225 562 2256 2.
589 2225 642 2264 75,
663 2226 694 2257 4.
720 2225 776 2265 91,
796 2225 827 2257 3.
871 2226 948 2267 quis
972 2225 1130 2257 tolerare
1151 2228 1272 2266 potest
1290 2224 1316 2255 C
1335 2223 1391 2264 20,
1414 2222 1463 2255 11.
1505 2222 1590 2264 quid
1608 2222 1754 2254 crudele

240 2271 319 2303 fieri
336 2273 458 2312 potest
475 2270 502 2301 C
521 2269 574 2309 51,
591 2269 639 2301 17.
680 2281 726 2301 an
744 2271 931 2311 quisquam
948 2270 1063 2302 nostri
1080 2270 1243 2301 misereri
1261 2272 1381 2311 potest
1395 2269 1418 2300 J
1439 2267 1489 2308 14,
1503 2267 1555 2299 17.
1586 2269 1753 2309 potestne

239 2317 278 2348 in
300 2319 376 2347 tam
401 2315 554 2347 divorsis
578 2315 758 2346 mentibus
783 2325 855 2356 pax
878 2325 958 2347 esse
975 2315 999 2346 J
1015 2314 1074 2349 31,
1094 2315 1148 2346 24.
1189 2315 1318 2346 Potest
1343 2313 1414 2345 alio
1439 2316 1599 2355 tempore
1623 2329 1667 2334 —
1691 2322 1755 2353 pro

240 2371 326 2394 vero
345 2360 444 2392 credi
462 2359 488 2391 C
506 2358 561 2398 51,
581 2358 635 2391 36.
669 2361 784 2390 me'—
803 2359 905 2391 nulla
922 2360 1039 2391 oratio
1057 2359 1205 2391 laedere
1222 2362 1344 2401 potest
1358 2358 1382 2390 J
1398 2357 1453 2398 85,
1468 2357 1522 2389 27.
1557 2356 1756 2389 deliberari

240 2417 312 2438 non
330 2407 450 2447 potest
466 2405 502 2435 H
519 2404 536 2435 I
552 2403 606 2443 48,
626 2403 658 2435 3.
700 2404 779 2435 Non
796 2414 941 2445 possum
961 2421 997 2425 —
1018 2404 1199 2446 imagines
1217 2422 1260 2426 —
1278 2406 1475 2443 ostentare,
1497 2405 1534 2434 at
1550 2402 1692 2433 hastam
1709 2418 1754 2424 -—

240 2452 263 2484 J
279 2450 335 2490 85,
353 2449 410 2482 29.
450 2459 567 2491 neque
586 2449 673 2480 dare
691 2459 809 2489 neque
828 2448 970 2490 eripere
988 2453 1110 2490 potest
1125 2450 1146 2481 J
1170 2449 1198 2488 1,
1217 2448 1249 2481 3.
1274 2447 1372 2488 23,1.
1399 2448 1453 2487 25,
1475 2446 1526 2479 10.
1553 2447 1588 2478 H
1605 2447 1639 2478 II
1655 2444 1752 2486 41,6.

241 2497 302 2537 inf.
322 2505 419 2537 pass.
447 2494 474 2526 C
492 2494 552 2534 52,
572 2492 626 2525 35.
658 2493 681 2525 J
698 2493 736 2532 7,
759 2492 788 2524 1.
828 2503 945 2534 neque
970 2493 1116 2525 vincere
1142 2504 1259 2535 neque
1282 2493 1382 2525 vinci
1405 2493 1484 2524 sine
1507 2494 1568 2523 tuo
1592 2490 1754 2533 periculo

241 2550 429 2583 possumus
446 2540 481 2570 H
498 2539 547 2571 1V
564 2537 619 2577 61,
643 2537 692 2570 16.
726 2538 847 2580 inopia
864 2537 980 2569 minus
998 2537 1127 2579 largiri
1145 2541 1291 2579 poterat
1309 2537 1335 2569 C
1354 2536 1409 2577 23,
1429 2536 1460 2568 3.
1491 2546 1610 2578 neque
1626 2535 1753 2577 fugere

242 2596 359 2627 neque
386 2595 487 2617 arma
512 2594 645 2625 capere
668 2600 711 2605 —
731 2585 901 2625 poterant
922 2582 946 2614 J
967 2581 1028 2621 99,
1047 2583 1078 2614 2.
1110 2583 1144 2613 H
1168 2583 1223 2613 ΙΙΙ
1239 2581 1301 2621 61,
1321 2582 1375 2613 24.
1402 2582 1463 2622 inf.
1481 2591 1574 2622 pass.
1595 2580 1622 2611 C
1644 2579 1752 2620 15,“4.

240 2633 259 2663 J
281 2631 334 2669 37,
354 2630 386 2661 4.
412 2630 448 2661 Η
464 2629 517 2660 111
533 2628 588 2661 31.
630 2630 757 2670 aperte
774 2627 945 2659 resistere
962 2637 1033 2658 non
1049 2630 1217 2668 poterant
1232 2627 1256 2658 J
1271 2625 1335 2666 40,
1354 2626 1386 2658 2.
1410 2625 1470 2664 90,
1494 2624 1522 2657 1.
1547 2623 1603 2664 98,
1625 2623 1652 2656 1.
1691 2634 1753 2656 ne-

243 2686 311 2718 que
330 2675 456 2706 urbem
475 2692 516 2697 -
534 2674 628 2705 tueri
646 2675 789 2715 poterat
804 2682 922 2714 neque
938 2689 982 2694 —
999 2671 1026 2703 C
1044 2670 1098 2710 29,
1111 2671 1140 2702 l.
1173 2671 1264 2702 haut
1280 2670 1391 2702 multo
1410 2679 1516 2702 secus
1533 2679 1639 2711 quam
1657 2669 1753 2701 ferro

242 2721 365 2753 noceri
384 2721 526 2761 poterat
542 2718 577 2749 H
594 2719 649 2750 III·
663 2716 761 2758 67,1.
794 2718 965 2749 virtutem
982 2726 1052 2748 non
1070 2715 1262 2757 reliquere,
1281 2725 1398 2756 neque
1415 2716 1584 2756 poterant
1599 2714 1621 2745 J
1632 2712 1687 2752 85,
1697 2712 1752 2745 38.

244 2770 416 2807 quantum
444 2778 479 2785 -ω
507 2766 656 2805 potuere
681 2762 856 2794 extollere
875 2761 902 2794 C
919 2760 959 2802 8,
979 2761 999 2792 4
1022 2763 1107 2793 conl.
1132 2760 1193 2801 49,
1215 2760 1244 2791 1.
1286 2759 1390 2791 licuit
1417 2776 1453 2781 —-
1480 2759 1649 2800 potuistis
1667 2768 1754 2790 non—

243 2810 333 2842 nulli
364 2828 375 2830 *
412 2811 607 2850 expectare
626 2806 652 2839 C
671 2806 791 2846 58,13.
826 2816 966 2848 quoquo
984 2806 1087 2838 modo
1103 2808 1265 2848 potuere,
1282 2822 1325 2827 —
1344 2804 1481 2836 abeunt
1496 2804 1519 2835 J
1535 2802 1590 2843 60,
1610 2803 1642 2834 7.
1677 2803 1754 2844 qui-

243 2856 310 2886 bus
335 2854 448 2885 modis
473 2852 586 2894 potuit
609 2852 644 2883 H
667 2853 701 2883 11
725 2851 778 2884 33.
827 2852 899 2883 nisi
922 2851 1015 2893 quod
1038 2851 1082 2882 de
1113 2860 1224 2882 uxore
1254 2849 1372 2892 potuit
1400 2849 1588 2880 honestius
1613 2846 1754 2879 consuli

242 2900 265 2932 J
282 2899 337 2940 95,
357 2899 388 2931 3.
431 2908 537 2940 quam
553 2897 753 2930 verissume
770 2899 908 2938 potero,
928 2895 1113 2928 absolvam
1131 2894 1158 2927 O
1175 2895 1209 2936 4,
1227 2893 1258 2927 3.
1287 2893 1338 2934 18,
1360 2892 1388 2925 1.
1429 2893 1461 2925 si
1477 2893 1550 2925 iam
1565 2910 1608 2916 —-
1627 2891 1755 2934 quaeri
