1826 3282
222 233 275 274 50
634 243 932 272 111s⁷rou1AuvM
952 243 1047 270 Lm.
1080 243 1113 271 11
1152 238 1256 273 50-
1270 235 1332 273 52.

223 348 314 399 App.
342 347 375 377 b.
402 345 522 377 Mitln.
551 355 581 375 c.
609 343 699 385 70p
738 343 820 383 379,
847 344 889 375 27
915 344 1053 376 Bekk..
1081 335 1169 400 (οὐχ
1194 338 1307 394 ὁρᾷτε
1333 337 1372 376 δ’
1396 337 1538 376 αὕτῶν’
1566 339 1640 386 ἕηφ
1666 339 1744 376 ικαὶ.

223 402 310 428 τους
321 384 534 442 οἷρίστους’
569 354 789 426 ἐπιδεικνὺς
813 368 1016 441 Ουόἷριόν
1026 399 1065 422 τε
1095 400 1161 422 και
1192 384 1280 426 τούς
1304 382 1494 426 Λὸυκίους
1527 388 1631 421 ιπολε
1633 387 1745 432 μίους
1799 401 1804 407 ·

223 433 293 479 μὲν
317 429 430 471 ὄντας
454 433 497 475 τῇ
521 432 695 475 πατρίδι,
722 442 947 476 συμμαχους
976 427 1016 466 δ’
1041 429 1173 478 ἠμῑν;’
1208 434 1345 476 aliquid
1370 400 1658 474 coniciundumfb
1661 433 1744 466 illos

225 481 317 522 quod
342 479 480 511 Sullam
505 478 683 518 odissent,
717 480 797 521 regi
827 478 1068 512 fidelissumos
1100 483 1136 512 et
1168 479 1425 511 d‘editissumos
1456 479 1553 511 visos
1578 489 1657 510 esse
1684 488 1744 510 ex-

223 529 422 567 pectamus.
473 523 537 555 Set
566 524 748 555 neminem
780 534 903 556 carum
933 524 1127 564 habemus,
1160 524 1232 556 nisi
1264 535 1369 566 quem
1401 524 1510 555 fidum
1534 523 1640 556 nobis
1666 523 1745 556 fore

225 569 458 601 confidamus
507 569 589 608 Qua
614 579 651 600 re
677 568 833 600 minume
859 569 1107 602 necessarium
1133 572 1205 609 est,
1244 573 1284 601 ut
1314 569 1384 601 hoc
1410 569 1455 600 ab
1482 568 1657 600 Sallustio
1683 567 1746 600 ad—

223 615 358 644 iectum
384 613 497 644 fuisse
531 615 754 653 statuamus3
789 614 879 645 satis
913 618 989 654 est,
1022 615 1115 656 quod
1148 617 1307 646 amorem
1339 617 1376 645 et
1406 614 1602 645 caritatem
1632 612 1745 655 signi*

223 658 320 689 ficet.
370 658 410 689 Id
441 658 529 689 mihi
560 658 765 700 repperisse
796 658 921 691 videor
951 659 989 690 in
1012 670 1147 696 suaves,
1184 659 1276 700 quod
1307 662 1346 690 ut
1382 658 1493 690 facile
1525 658 1599 700 legi
1631 657 1748 700 potuit

189 744 192 745 ⁷
220 713 352 743 ‚qr-aves,
379 703 432 734 sic
453 713 525 734 non
549 703 667 734 minus
693 703 805 735 facilc
831 704 961 743 omitti,
989 704 1121 746 quippe
1148 704 1276 735 eadem
1300 703 1428 735 littera
1453 705 1698 742 terminatum,
1726 712 1748 734 a

225 758 296 789 qua
320 747 485 789 incipiat.

337 817 390 865 50
419 826 497 879 [Kr.
521 831 576 864 61.
609 830 647 865 G.
668 827 745 879 99].
805 827 995 867 Turmam
1030 828 1204 879 equitum
1240 832 1365 866 castra
1400 827 1503 877 regis
1535 826 1748 865 succedere

227 898 265 933 et
288 892 414 945 proeli
442 894 632 933 rationem
663 894 870 945 explorare
901 895 1020 934 iubet.

339 972 444 1004 Arus.
470 983 504 1014 p.
531 971 598 1004 :260
623 983 650 1004 s.
678 984 710 1005 v.
744 978 904 1005 suecessit
929 976 1017 1005 illam
1040 984 1120 1005 rem.
1170 973 1260 1005 Cum
1291 961 1335 1005 (16
1366 977 1457 1015 regis
1481 972 1661 1005 vocabulo
1685 972 1748 1004 du-

227 1017 338 1049 bitari
362 1020 539 1059 nequeat,
566 1018 608 1049 de
633 1017 875 1050 Mithridatici
898 1018 988 1050 belli
1013 1018 1203 1060 principiis
1235 1018 1328 1050 haec
1360 1018 1460 1049 dicta
1492 1017 1604 1049 fuisse
1630 1027 1749 1059 paene

228 1066 366 1094 eertum
392 1063 544 1095 videtur.
594 1063 877 1104 Proper-ationem
901 1059 1000 1095 nullo
1025 1063 1129 1095 modo
1148 1063 1236 1094 ferri
1253 1066 1386 1105 potest,
1412 1073 1481 1094 nec
1505 1063 1595 1095 satis
1612 1062 1749 1104 placet,
1771 1086 1774 1088 -

228 1107 322 1149 quod
346 1108 534 1149 proposuit
558 1107 684 1148 M'ahly
708 1108 798 1140 Nov.
823 1108 915 1139 Ann.
942 1109 1114 1140 LXXVII
1138 1119 1172 1150 p.
1200 1107 1260 1140 79:
1295 1118 1404 1150 prope
1430 1109 1609 1139 nationem.
1659 1107 1751 1139 Cum

229 1155 350 1183 autem
376 1152 517 1193 equites
550 1153 595 1184 ad
628 1156 750 1184 castra
779 1153 937 1184 hostium
962 1153 1055 1184 mitti
1081 1153 1240 1194 soleant,
1277 1163 1344 1195 quo
1371 1156 1434 1185 aut
1457 1152 1540 1184 loca
1566 1162 1610 1184 ac
1635 1151 1750 1183 muni-

228 1200 352 1228 menta
378 1197 584 1239 explorent,
618 1202 680 1229 aut
711 1198 835 1229 hostes
871 1198 917 1229 ad
947 1205 1124 1239 pugnam
1138 1198 1344 1237 lacessant,
1375 1207 1486 1240 saepe
1514 1200 1635 1229 autem
1659 1195 1751 1228 talia

228 1241 369 1284 proelia
401 1241 509 1281 fiant,
549 1246 590 1274 ut
615 1252 683 1283 quo
714 1253 811 1274 more
835 1242 959 1274 hostes
983 1246 1146 1285 pugnent
1172 1245 1431 1285 cognoscatur,
1467 1242 1613 1274 restitui
1638 1242 1755 1283 proeli

227 1289 411 1323 rationem,·
436 1286 502 1318 cfr.
531 1286 638 1319 Caes.
664 1287 705 1318 B.
735 1288 778 1319 G.
786 1288 836 1319 V
864 1286 920 1319 16:
954 1290 1120 1330 equestris
1149 1292 1257 1320 autem
1280 1290 1404 1329 proelii
1426 1290 1516 1319 ratio
1541 1291 1575 1319 et
1598 1287 1750 1318 cedenti-

228 1332 287 1363 bus
311 1336 346 1363 et
368 1331 614 1374 insequentibus
634 1343 703 1373 par·
728 1336 827 1375 atque
852 1334 938 1364 idem
959 1334 1144 1374 periculum
1169 1334 1262 1374 infer
1263 1333 1353 1364 ebat

343 1409 566 1452 Subiungam
590 1411 663 1442 iam
690 1421 734 1442 ea
760 1411 967 1453 fragmenta
993 1411 1123 1453 quibus
1149 1414 1212 1443 aut
1243 1414 1363 1443 certus
1387 1411 1489 1443 locus
1514 1411 1551 1443 in
1575 1410 1668 1442 libro
1694 1409 1750 1442 36-

230 1455 346 1486 cundo
374 1455 561 1497 adsignari
585 1458 763 1497 nequeat,
783 1459 846 1487 aut
871 1466 1019 1498 quorum
1044 1457 1230 1489 sententia
1254 1457 1410 1488 obscura
1435 1456 1494 1488 sit.

341 1534 390 1572 51
427 1532 505 1586 [Kr.
532 1533 608 1586 48].
664 1534 849 1586 Multique
879 1539 1105 1575 conmeatus
1125 1536 1353 1574 interierant.
1375 1535 1520 1574 insidiis
1541 1533 1750 1573 latronum.

254 1607 269 1623 ⁸
341 1613 433 1644 Non.
459 1623 493 1654 p.
521 1611 587 1644 305
613 1623 656 1644 ex
680 1612 743 1644 lilr.
770 1613 824 1652 ΙΙ,
851 1614 911 1645 ubi
938 1616 1084 1655 interfici
1107 1617 1144 1646 et
1167 1615 1278 1646 occidi
1301 1614 1411 1645 etiam
1429 1613 1473 1645 de
1490 1612 1752 1645 inanimalibus

230 1657 329 1689 dicta
355 1667 434 1689 esse
460 1657 576 1689 docet.
604 1675 645 1679 —-
671 1658 830 1690 Kritzius
855 1659 924 1690 hoc
950 1659 1195 1701 fragmentum
1219 1659 1316 1690 inter
1339 1657 1382 1690 39
1415 1661 1451 1690 et
1475 1656 1521 1689 40
1544 1657 1682 1700 posuit,
1716 1660 1753 1689 et

231 1702 373 1734 censuit
398 1712 566 1734 caussam
592 1702 673 1742 dici,
702 1713 765 1734 cur
789 1703 914 1735 urbem
940 1707 1045 1736 tanta
1064 1704 1171 1735 famis
1191 1703 1383 1735 calamitas
1400 1703 1606 1745 pressisset.
1648 1702 1754 1742 Quod

230 1748 261 1779 si
286 1750 395 1786 esset,
421 1747 583 1778 latrones
608 1747 751 1788 piratae
777 1748 1019 1790 intellegundi
1045 1752 1178 1788 essent,
1205 1752 1261 1780 set
1277 1747 1496 1781 vocabulum
1512 1747 1603 1779 illud
1619 1747 1663 1779 de
1680 1750 1752 1778 ter-

230 1772 407 1825 restribu⁷s
432 1792 713 1834 praedatoribus
738 1792 791 1824 ita
817 1793 1086 1835 frequentatum
1113 1804 1192 1825 esse
1219 1795 1381 1832 constat,
1414 1796 1455 1824 ut
1484 1792 1557 1824 nisi
1589 1789 1664 1823 alia
1690 1791 1753 1824 ad-

230 1838 313 1877 sint,
340 1847 433 1878 quae
460 1837 503 1868 de
528 1837 657 1878 piratis
681 1837 754 1868 dici
780 1842 947 1879 arguant,
975 1839 1018 1870 de
1037 1838 1111 1870 illis
1129 1849 1201 1870 non
1220 1838 1375 1880 cogitari
1392 1848 1464 1870 non
1488 1837 1615 1879 possit.
1657 1836 1753 1876 Quid

229 1883 366 1925 igitur?
397 1892 515 1913 nonne
548 1881 643 1913 haec
675 1882 748 1913 dici
779 1886 928 1924 potuere
962 1883 1006 1914 de
1032 1883 1285 1916 conmeatibus
1309 1883 1347 1914 in
1371 1882 1590 1924 Hispaniam
1615 1881 1752 1913 exerci-

230 1928 284 1958 tui
307 1927 576 1969 subportandis,
594 1937 667 1968 ‘per
690 1927 850 1959 latrones
874 1929 1112 1970 interceptis?

344 2006 397 2045 52
431 2005 510 2057 [ΚΓ.
537 2010 592 2042 59.
625 2008 663 2043 G.
686 2005 762 2057 53].
817 2006 1029 2057 Ruuntque
1059 2017 1198 2056 magna
1239 2018 1330 2057 pars
1365 2007 1529 2045 suismet
1565 2009 1752 2057 autpro-

231 2085 441 2111 xumorum
470 2072 567 2117 telis,
597 2073 717 2111 ceteri
748 2074 869 2111 vicem
895 2085 1085 2124 pecorum
1116 2073 1469 2113 obtruncabantur.

335 2151 435 2182 ’Non.
461 2161 495 2192 p.
522 2149 657 2182 339ex
679 2150 746 2183 lib.
772 2151 809 2182 II
840 2151 935 2183 hunc
959 2152 1078 2184 locum
1104 2152 1408 2191 conmemoravit,
1435 2154 1476 2183 ut
1501 2151 1752 2184 accusativum

230 2195 290 2227 vel
315 2195 575 2227 nominativum
600 2206 663 2237 pro
690 2195 851 2228 ablativo
877 2196 949 2228 dici
974 2197 1132 2236 doceret,
1159 2197 1254 2229 unde
1273 2198 1490 2229 certissuma
1515 2200 1572 2228 est
1594 2197 1754 2230 Meroeri

232 2240 454 2278 coniectura,
480 2242 581 2272 vicem
606 2251 669 2281 pro
693 2242 773 2278 viee,
801 2242 893 2282 quod
918 2241 1003 2273 libri
1028 2242 1212 2281 exhibent,
1238 2242 1470 2274 scribundum
1495 2251 1588 2273 esse.
1629 2241 1754 2274 Prima

230 2285 345 2317 verba
371 2295 463 2326 quae
488 2285 619 2317 vitiose
643 2286 681 2316 in
705 2285 808 2317 libris
834 2286 972 2328 scripta
998 2291 1093 2326 sunt,
1119 2288 1219 2318 ruina
1244 2298 1328 2329 quae
1352 2297 1437 2328 pars
1461 2289 1563 2318 recte
1582 2285 1752 2318 emenda-

202 2330 284 2362 .vit
316 2329 434 2361 Color.
491 2329 719 2383 Quamquam
758 2330 878 2363 fateor
909 2342 964 2363 me
998 2342 1108 2374 aegre
1141 2332 1352 2364 desiderare
1383 2331 1622 2374 participium
1653 2330 1754 2363 velut

229 2377 398 2406 volnerati
419 2374 478 2406 vel
502 2375 838 2417 caesi.1ngeni0se
857 2376 1016 2408 Kritzius
1033 2376 1127 2408 haec
1144 2376 1187 2408 de
1206 2377 1296 2419 fuga
1313 2377 1556 2409 Romanorum
1580 2375 1627 2407 ad
1644 2374 1753 2407 Chal-

222 2419 407 2455 ,cedonem
423 2419 526 2461 faeta
543 2419 643 2451 dieta
660 2420 775 2451 fuisse
793 2421 999 2471 suspicatus
1018 2425 1084 2460 est,
1103 2421 1231 2453 ductus
1248 2422 1306 2453 his
1323 2421 1415 2463 App.
1440 2421 1563 2454 verbis
1588 2420 1624 2452 b.
1641 2420 1690 2460 M.
1710 2418 1752 2451 71

231 2475 265 2506 p.
291 2462 358 2495 380
381 2463 517 2495 Bekk.:
550 2462 704 2501 Νοῦὸος
737 2460 778 2496 δὲ
810 2459 829 2496 ὁ
862 2462 1054 2508 ναύαρχος
1085 2459 1205 2498 αυτοῦ
1238 2465 1412 2507 (Cottae)
1445 2461 1515 2498 σὺν
1574 2461 1651 2506 έρει
1676 2461 1753 2497 τινὶ

232 2506 395 2563 στρατοῦ
425 2503 469 2540 τά
502 2501 721 2550 ὀχυρώτατα
752 2508 819 2542 τοῦ
849 2509 987 2542 πεδίου
1018 2506 1243 2553 καταλαβών
1281 2508 1347 2543 καὶ
1380 2504 1540 2561 ἐξελαθε
1560 2520 1578 2547 9
1610 2505 1754 2552 ἔφυγεν

233 2548 295 2586 ἐπὶ
319 2564 387 2590 τας
410 2548 531 2590 πύλας
543 2552 621 2602 τῆς
644 2549 892 2606 Χαλκηδόνος
924 2550 990 2587 δια
1016 2554 1204 2606 &ptyut'my
1235 2554 1383 2587 πολλῶν
1414 2549 1517 2587 πάνυ
1548 2553 1751 2605 ὃνσχερως.

232 2592 339 2641 οἷμφί
352 2608 392 2631 τε
409 2593 475 2635 τὰς
500 2592 620 2635 πέλας
644 2592 813 2649 ὠθισμὸς
837 2591 886 2641 ἦν
912 2593 1162 2642 ἔσπηδώντων
1179 2609 1293 2642 ομου·
1321 2592 1418 2632 σθεν
1435 2592 1552 2632 ουδὲν
1568 2601 1648 2637 τοῖς
1666 2593 1753 2631 διώ-

232 2653 366 2676 κουσιν
389 2636 542 2680 αὖτοὺς
553 2638 660 2685 βέλος
684 2637 830 2685 η’τυᾞχει
880 2644 943 2676 Set
966 2645 997 2675 si
1022 2644 1295 2676 similitudinem
1320 2644 1512 2685 quamdam
1535 2644 1753 2676 ultumorum

232 2689 424 2721 verborum
450 2698 530 2719 cum
555 2688 785 2720 Sallustianis
805 2689 949 2727 statuit,
978 2690 1035 2721 vir
1054 2689 1295 2721 doctissumus
1317 2688 1433 2720 falsus
1455 2692 1522 2720 est.
1563 2689 1753 2731 Appianus
1805 2716 1811 2720 ,

234 2734 329 2764 euim
353 2734 397 2764 de
423 2732 652 2765 multitudine
679 2736 756 2765 tam
777 2733 890 2765 densa
915 2713 1016 2773 dixit,
1043 2737 1083 2765 ut
1107 2733 1244 2765 nullum
1268 2733 1381 2765 telum
1396 2733 1665 2775 insequentium
1689 2733 1752 2765 ho-

233 2779 341 2809 stium
367 2778 503 2809 frustra
528 2778 730 2817 iaceretur,
765 2777 959 2810 Sallustius
984 2778 1028 2810 de
1054 2779 1107 2809 ita
1133 2778 1339 2820 conpressis
1362 2781 1403 2809 ut
1427 2778 1562 2820 singuli
1588 2781 1652 2810 aut
1676 2778 1752 2810 suis

232 2823 391 2863 ipsorum
417 2826 479 2854 aut
501 2833 754 2863 proxumorum
778 2840 819 2853 -1—
845 2823 906 2865 qui
930 2823 1052 2855 hostes
1086 2833 1166 2855 esse
1198 2833 1269 2855 non
1302 2826 1454 2864 possunt
1486 2841 1526 2846 —
1560 2823 1646 2855 telis
1676 2821 1751 2855 vol-
1763 2858 1767 2861 .

207 2870 459 2899 —nerarentur.
508 2868 658 2898 Rectius
691 2877 770 2899 cum
801 2867 946 2900 ultumis
977 2868 1099 2901 verbis
1133 2867 1220 2899 Sall.
1256 2867 1474 2899 contulisset
1504 2867 1617 2907 haec,
1643 2877 1752 2922 quae

234 2912 330 2951 apud
354 2912 556 2953 Appianum
582 2916 771 2944 secuntur:
805 2908 845 2944 οἷ
875 2908 917 2945 δε
943 2910 1068 2945 λοιποὶ
1100 2908 1242 2955 μεταξὺ
1273 2923 1347 2944 των
1378 2922 1417 2944 τε
1443 2910 1566 2954 φίλων
1590 2909 1655 2945 καὶ
1679 2910 1776 2946 πῖν’
