1800 3250
488 249 791 277 ius'romARvu
819 249 904 276 mn.
934 249 949 275 1
990 243 1030 279 19
1044 242 1160 277 —-24.
1494 252 1497 253 ⁷
1559 236 1584 275 7

55 351 157 394 Sylla
180 351 362 394 suspectis
393 350 619 392 maximeque
654 350 794 382 ferocia
823 350 922 392 regis
952 349 1177 381 Mithridatis
1207 349 1245 380 in
1278 351 1439 391 tempore
1469 347 1582 380 bella-

48 396 137 429 turi.
170 414 213 419 —
246 397 380 429 Donat.
415 396 461 428 ad
485 395 569 427 Ter.
595 390 740 427 Phorm.
766 395 802 427 11
825 394 864 434 4,
890 394 952 426 24:
993 395 1038 426 In
1072 398 1224 436 tempore
1255 394 1318 426 huc
1345 404 1384 426 se
1413 396 1581 435 recipere,

57 435 252 482 εὐκαίρως.
294 441 432 474 Sallust.
447 440 687 482 *maximeque
714 439 855 472 ferocia
878 439 976 481 regis
1000 439 1038 471 in
1063 443 1224 481 tempore
1250 438 1434 471 bellaturi.

168 486 354 519 Pertinere
380 486 475 518 haec
498 485 613 518 verba
638 485 685 517 ad
708 494 766 517 res
792 495 826 517 a.
851 483 896 516 88
921 487 1025 518 actas
1048 484 1087 516 in
1111 483 1302 527 propatulo
1327 486 1394 516 est.

175 565 222 604 19
256 564 336 617 [Kr.
358 569 414 603 21.
445 566 484 602 G.
509 563 587 616 55].
634 563 840 603 Postremo
878 564 985 614 ipsos
1026 563 1187 602 colonos
1224 575 1295 614 per
1332 563 1510 602 miserias
1548 566 1586 601 et

56 629 205 672 incerta
235 632 395 671 humani
425 631 581 682 generis
610 643 737 670 orare.

168 710 269 743 Serv.
298 708 344 743 ad
367 711 477 753 Verg.
504 709 594 741 Aen.
622 710 655 741 X
679 709 722 742 45
754 711 947 751 postquam
981 708 1072 740 dixit
1097 709 1140 741 de
1165 719 1249 750 rogo
1274 713 1307 741 te
1330 720 1396 751 per
1419 710 1586 749 miserias,

55 755 223 798 adiungit
245 755 378 787 haece:
411 754 591 787 Sallustius
614 758 648 786 in
666 756 800 796 primo.-
824 756 1005 796 postremo
1037 754 1135 796 ipsos
1161 754 1306 786 colonos
1330 765 1396 797 per
1419 754 1586 786 miserias

55 803 92 834 et
116 800 258 833 incerta
281 800 431 832 humani
456 800 601 842 generis
626 810 743 832 orare.

166 845 246 878 Non
270 845 347 877 sine
373 855 509 887 magna
533 845 610 877 veri
636 845 759 887 specie
776 844 938 877 Kritzius
962 843 1056 876 haec
1072 844 1189 876 verba
1214 844 1259 876 ad
1286 845 1329 877 G.
1347 844 1442 876 Mari
1459 844 1586 886 fugam

53 892 242 932 spectasse
275 890 451 929 coniecit,
486 889 644 922 fortasse
678 889 722 921 de
754 889 827 921 filio
859 888 958 920 illius
991 889 1093 921 fuere
1128 888 1228 921 dicta
1261 900 1365 931 quem
1399 889 1444 922 ab
1477 889 1585 922 vilico

53 938 238 968 servatum
262 946 342 968 esse
368 935 534 968 narravit
557 935 652 966 Plut.
679 935 772 967 Mar.
799 945 830 966 c.
858 933 901 966 35
927 937 1016 966 extr.

169 1013 222 1053 20
253 1013 332 1066 [Kr.
358 1019 413 1052 2⁴2.
443 1016 482 1052 G.
505 1012 582 1066 30].
628 1013 730 1053 Nihil
762 1025 848 1052 esse
878 1013 926 1052 de
952 1024 996 1052 re
1018 1011 1174 1063 publica
1196 1025 1325 1064 neque
1353 1012 1440 1066 [de]
1467 1012 1585 1052 liber-

54 1086 131 1120 tate
156 1080 290 1132 populi
319 1086 490 1132 pactum.
1062 1073 1067 1077 ¹

166 1158 271 1191 Arus.
297 1170 332 1202 p.
359 1158 444 1191 251:
471 1159 637 1190 Pac-iscar
660 1159 703 1190 de
726 1159 786 1191 illa
809 1170 860 1191 re.
896 1160 1028 1192 VSalusc.
1044 1159 1138 1191 Hist.
1155 1159 1191 1191 I:
1217 1158 1308 1191 nihil
1332 1169 1413 1191 esse
1431 1159 1475 1191 de
1492 1160 1582 1202 Rep.

54 1214 172 1247 neque
196 1203 362 1236 libertati
385 1203 510 1246 populi
534 1203 635 1235 Rom.
663 1206 824 1245 pactum.

166 1249 283 1281 Acute
308 1249 372 1281 Kr.
399 1248 533 1287 docuit,
558 1248 674 1280 verba
699 1259 779 1291 esse
805 1249 848 1281 L.
876 1248 1037 1288 Cinnae,
1068 1249 1163 1290 quod
1186 1245 1442 1281 iusiurandum*
1463 1249 1584 1282 Sullae

55 1294 179 1326 datum
204 1293 314 1335 (Plut.
341 1293 430 1326 Snll.
458 1305 489 1325 c.
520 1293 571 1325 10.
601 1293 704 1325 Cass.
731 1294 802 1326 Dio
828 1294 873 1326 fr.
899 1292 979 1334 117)
1006 1293 1194 1333 violasset,
1219 1294 1273 1325 ita
1298 1294 1520 1334 excusantis,
1546 1298 1586 1326 ut

54 1338 144 1371 illud
168 1339 214 1372 ad
238 1349 314 1372 rem
337 1338 523 1382 publicam
549 1342 585 1371 et
609 1338 818 1371 libertatem
842 1338 967 1381 populi
992 1338 1148 1370 Romani
1172 1338 1393 1381 pertinuisse
1417 1342 1583 1382 negaret.

55 1384 233 1417 Libertate
258 1395 326 1417 em.
354 1384 519 1416 Lindem.
546 1385 589 1416 de
614 1383 851 1426 repetendum
877 1394 945 1426 ego
970 1383 1122 1416 conieci.

168 1461 213 1501 21
254 1463 334 1516 [Kr.
357 1467 414 1501 23.
445 1442 484 1502 G.
509 1461 607 1515 101].
638 1462 781 1502 Nexuit
809 1466 975 1510 catenae
995 1463 1125 1502 modo.

168 1542 283 1574 Prisc.
309 1542 341 1574 X
366 1553 401 1584 p.
427 1540 495 1574 536
518 1542 565 1573 H.
597 1542 752 1574 similiter
778 1541 892 1574 ‘necto
918 1541 1037 1574 πρῶ-κί’
1062 1546 1095 1574 et
1123 1539 1253 1574 ‘neoeL'
1279 1559 1322 1564 —
1347 1542 1527 1576 Sallustius
1551 1546 1585 1576 in

55 1587 272 1619 historiarum
295 1587 329 1619 1:
355 1587 481 1619 nexuit
506 1590 660 1619 catenae
686 1587 802 1619 modo.

147 1631 238 1664 Cum
261 1632 353 1674 App.
380 1632 416 1664 b.
445 1643 476 1664 c.
503 1633 520 1664 I
544 1630 587 1664 67
612 1642 647 1674 p.
674 1630 741 1664 498
765 1631 884 1664 Bekk.
912 1631 1111 1664 Sertorium
1136 1635 1173 1664 et
1196 1633 1350 1665 Marium
1376 1637 1501 1665 narret
1525 1634 1584 1665 Ti-

55 1677 172 1709 berim
196 1677 368 1719 pontibus
393 1677 566 1716 iunxisse,
593 1686 662 1718 quo
679 1677 806 1709 urbem
823 1680 1017 1709 conmeatu
1034 1677 1332 1718 intercluderent,
1359 1678 1585 1720 probabilius

54 1721 150 1753 haec
173 1722 288 1754 verba
320 1731 402 1754 cum
426 1722 490 1753 Kr.
527 1722 573 1754 ad
605 1732 687 1754 eam
718 1733 794 1754 rem
826 1722 958 1754 referri
988 1725 1076 1764 puto
1102 1733 1210 1765 quam
1235 1733 1317 1755 cum
1343 1724 1385 1756 G.
1414 1724 1461 1756 ad
1484 1724 1585 1766 igno-

56 1770 132 1798 tam
157 1767 340 1809 quandam
364 1777 440 1799 rem
455 1766 552 1799 bello
578 1766 791 1799 Sertoriano‘
811 1767 1028 1799 institutam.

172 1845 224 1884 22
258 1845 337 1898 [Kr.
359 1850 416 1882 26.
448 1847 487 1883 G.
513 1844 587 1897 15].
629 1845 726 1884 Cum
765 1857 856 1885 arae
895 1850 931 1885 et
962 1845 1034 1885 alia
1071 1846 1154 1886 deis
1182 1852 1334 1886 sacrata
1364 1847 1587 1901 subplicum

57 1913 247 1964 sanguine
276 1913 546 1967 foedarentur,

171 1991 272 2024 Serv.
301 1991 347 2023 ad
370 1991 483 2034 Verg.
507 1990 597 2023 Aen.
623 1991 658 2023 H
682 1989 749 2023 503
773 2001 847 2023 sec.
876 1991 955 2024 cod.
984 1991 1088 2024 Cass.
1117 1992 1255 2036 [Bergk
1278 1996 1372 2036 part.
1398 1994 1432 2026 V
1454 2004 1490 2036 p.
1508 1994 1586 2032 24J:

56 2037 286 2074 Foedantem;
317 2041 559 2069 cruentantem.
607 2036 788 2069 Sallustius
811 2038 846 2068 in
870 2037 905 2068 I:
940 2036 1030 2068 Cum
1063 2048 1150 2070 arae
1176 2041 1213 2070 et
1239 2038 1314 2071 alia
1338 2038 1407 2071 diis
1438 2042 1588 2071 sacrata

57 2082 261 2124 supplicum
286 2082 464 2124 sanguine
491 2081 738 2114 foedarentur.
789 2081 903 2114 Sacra
926 2084 1011 2124 voly.

171 2127 273 2159 Haut
302 2126 583 2169 inprobabiliter
613 2126 776 2159 Kritzius
810 2126 856 2158 ad
882 2126 1134 2160 crudelitatem
1160 2128 1320 2168 rettulit,
1354 2139 1425 2171 qua
1448 2129 1587 2161 Marius

58 2176 96 2205 et
120 2171 239 2205 Cinna.
262 2172 301 2203 in
324 2171 452 2204 urbem
476 2171 634 2214 ingressi
659 2172 881 2211 saevierunt,
908 2182 1127 2214 quamquam
1152 2173 1243 2204 nihil
1268 2173 1498 2216 obstat,'quo
1522 2174 1587 2206 mi-

46 2227 125 2250 .nus
149 2218 193 2250 de
219 2217 337 2250 foedis
362 2216 602 2256 facinoribus,
629 2227 724 2257 quae
750 2216 891 2250 Sullani
922 2217 960 2249 in
985 2217 1075 2250 urbe
1103 2219 1361 2259 conmiserunt,
1388 2219 1488 2252 dicta
1513 2223 1586 2252 sta-

57 2266 202 2295 tuamus
228 2261 310 2304 (cfr.
337 2261 462 2294 Drum.
489 2262 524 2293 11
547 2273 582 2304 p.
612 2261 704 2303 471).

172 2353 193 2376 ²⁸
208 2350 258 2391 23
292 2351 372 2405 [Kr.
395 2357 451 2390 27.
484 2354 523 2390 G.
540 2354 567 2389 V
585 2351 639 2404 9].
687 2351 781 2391 Inde
802 2356 912 2392 ortus
933 2365 1064 2392 sermo
1085 2354 1434 2404 percunctantibus
1451 2356 1588 2395 utrim-

59 2433 156 2472 que:
182 2419 292 2459 satin’
323 2419 453 2459 salve?
500 2432 617 2472 quam
656 2420 756 2471 grati
788 2420 958 2460 ducibus
994 2421 1097 2460 suis?
1138 2423 1294 2473 quantis
1334 2421 1590 2462 familiaribus

59 2488 180 2539 copiis
209 2487 395 2539 agerent?
1301 2485 1303 2487 ’

170 2566 305 2598 Donat.
333 2566 380 2598 ad
403 2566 551 2598 Terent.
578 2564 672 2598 Eun.
699 2567 731 2599 V
754 2565 794 2606 6,
820 2565 861 2599 8:
895 2566 1015 2600 Satine
1037 2564 1151 2609 salve]
1182 2568 1280 2600 Nunc
1304 2568 1494 2600 adverbium
1518 2573 1589 2600 est:

53 2612 227 2654 producta
250 2615 301 2643 est
326 2622 344 2644 e
369 2613 496 2644 littera.
538 2611 740 2643 Sallustius:
764 2612 852 2644 Inde
877 2615 987 2644 natus
1011 2623 1128 2645 sermo
1149 2613 1448 2655 percontantibus
1465 2614 1589 2645 utrim-

60 2667 140 2699 que,
167 2656 274 2688 satin'
300 2656 422 2695 salve,
449 2666 556 2698 quam
581 2657 679 2699 grati
712 2657 865 2689 ducibus
891 2657 986 2698 suis,
1020 2657 1166 2700 quantis
1198 2658 1442 2690 familiaribus
1475 2658 1589 2700 copiis

60 2704 268 2744 agerentur.
303 2719 343 2724 —
377 2705 520 2743 ayerent
543 2702 691 2741 Douza3
724 2706 931 2744 anyer-entur
961 2713 1042 2734 cum
1075 2702 1157 2735 aliis
1188 2702 1285 2735 Gerl.
1317 2720 1362 2724 -
1395 2703 1588 2745 Spectasse

58 2746 153 2778 haec
179 2746 225 2779 ad
250 2746 442 2788 conloquia
465 2746 562 2781 inter
593 2747 637 2778 L.
666 2746 789 2779 Sullae
822 2751 860 2779 et
883 2747 926 2779 L.
955 2747 1135 2790 Scipionis
1160 2748 1342 2778 exercitus
1375 2747 1471 2789 apud
1494 2748 1587 2780 Tea-

59 2801 144 2822 num
170 2791 315 2833 agitata
340 2791 422 2832 (cfr.
441 2791 566 2823 Drum.
586 2792 621 2823 H
637 2802 672 2833 p.
691 2791 759 2824 459
776 2791 896 2833 extr.)‚
922 2795 1021 2824 recte
1046 2795 1310 2834 perspexerunt
1334 2792 1397 2823 Kr.
1424 2795 1461 2825 et
1477 2792 1591 2830 Link.

61 2846 130 2868 em.
157 2836 245 2868 Sall.
271 2847 306 2878 p.
332 2836 377 2867 24
401 2846 454 2878 sq.
498 2836 578 2868 Vid.
605 2836 704 2869 infra
730 2837 776 2869 ad
801 2837 845 2869 fr.
863 2837 919 2869 54.

178 2914 231 2954 24
263 2914 344 2973 [Kr.
369 2919 425 2953 29.
453 2917 492 2953 G.
510 2913 613 2967 om.].
646 2915 776 2954 Schol.
804 2915 851 2953 ad
884 2914 977 2954 Luc.
1005 2914 1143 2954 Phars.
1170 2914 1205 2954 ΙΙ
1230 2914 1330 2955 134:
1358 2915 1503 2956 Marius
1530 2918 1588 2957 in-
