1826 3282
527 233 829 262 u1s’romARvn
855 235 936 261 mn.
962 235 1003 262 1v
1032 229 1211 264 30—33.
1570 221 1647 263 103

118 335 298 378 Hispanis
330 338 487 378 tropaea
517 335 556 368 in
587 335 790 377 Pyrenaeis
820 335 918 377 iugis
957 336 1160 368 constituit.
1217 335 1308 368 Cum
1341 335 1464 368 Guelf.
1495 336 1514 368 1
1544 339 1582 368 et
1613 337 1648 367 11

117 381 295 423 Pyrenaei
318 381 520 413 exhibeant
544 380 609 421 (al.
635 379 842 421 &renea-2),
867 380 905 412 id
929 381 1182 423 recipiundum
1208 390 1290 412 esse
1315 379 1439 413 docuit
1462 381 1647 413 Linkerus

117 426 198 458 Em.
223 437 258 468 p.
284 425 340 459 31.
397 426 462 458 Set
486 436 568 458 cum
600 436 644 458 ex
668 425 788 457 Plinio
820 428 964 457 constet
988 425 1054 466 (H.
1081 426 1125 458 N.
1158 426 1227 458 VII
1251 425 1314 466 27,
1337 424 1403 465 96)
1435 427 1647 469 Pompeium

117 474 272 514 tropaea
295 472 462 514 posuisse
488 481 570 503 cum
587 481 632 503 ex
647 470 833 512 Hispania
857 470 1006 510 rediret,
1032 474 1071 503 et
1094 471 1132 502 in
1158 480 1283 503 earum
1307 470 1423 503 titulis
1448 471 1646 504 Sertorium

116 516 297 555 tacuisse,
330 515 563 549 scribendum
588 525 670 547 esse
702 516 745 547 de
777 517 872 547 victis
905 515 1018 547 facile
1050 516 1217 558 adparet.
1274 516 1351 548 Cfr.
1377 515 1468 548 Tac.
1494 517 1540 548 ab
1567 527 1644 549 exc.

116 561 183 592 XV
212 560 344 594 18:21ae
368 561 494 594 Romae
518 565 666 602 tropaea
689 561 732 592 de
749 561 889 592 Parthis
906 571 1072 604 arcusque
1089 561 1196 593 medio
1217 561 1401 603 Capitolini
1414 563 1534 594 montis
1549 566 1646 594 siste

116 606 249 638 bantur.

230 684 284 725 30
317 684 397 738 [Kr.
422 689 479 723 55.
510 687 549 723 G.
567 684 644 737 34].
699 685 739 724 Si
759 684 853 724 nihil
874 689 964 724 ante
992 685 1201 724 adventum
1223 697 1336 725 suum
1364 687 1466 725 inter
1487 685 1645 737 plebem

117 757 154 792 et
180 758 314 804 patres
345 754 612 798 convenisset,
645 764 779 792 coram
809 765 851 792 se
881 753 1066 792 daturum
1097 765 1269 803 operam.

227 831 343 864 Prisc.
376 831 463 863 XIV
499 843 533 874 p.
566 831 609 863 52
647 831 691 863 de
730 841 845 864 coram
883 831 1010 863 dicens
1046 831 1140 863 haec
1178 831 1292 863 verba
1333 832 1464 863 adfert.
1520 833 1645 866 Verba

115 877 267 920 Pompei
291 877 406 909 fuisse
431 877 504 909 iam
529 877 567 908 in
598 877 731 908 itinere
758 876 984 909 voluntatem
1016 886 1120 909 suam
1151 877 1474 918 conponundarum
1505 878 1645 911 discor-

115 922 255 955 diarum
289 921 450 954 civilium
481 921 707 953 declarantis
739 922 777 953 in
809 921 1002 964 propatulo
1037 925 1103 954 est.
1154 921 1277 953 Verba
1307 932 1373 964 per
1398 932 1435 953 se
1469 922 1643 966 ambigua

114 971 210 1007 sunt,
229 977 311 999 cum
323 977 396 999 non
413 967 620 1006 ostendant,
637 967 730 999 utris
747 967 913 1009 partibus
932 966 1054 999 fautor
1068 970 1106 999 et
1123 966 1267 998 adiutor
1285 967 1428 998 futurus
1442 967 1489 998 sit
1504 986 1543 990 —
1558 978 1642 1000 nam

115 1013 229 1045 etiam
253 1015 459 1054 optumates
483 1012 521 1043 in
547 1012 626 1043 eius
651 1012 848 1044 adventum
873 1022 949 1043 rem
978 1009 1166 1044 distulisse
1191 1011 1416 1044 demonstrat
1439 1012 1567 1044 Macer
1588 1014 1643 1046 III

114 1056 170 1096 61,
188 1057 229 1089 21
258 1076 299 1080 —
325 1060 382 1089 set
397 1057 484 1089 talis
502 1057 724 1100 ambiguitas
749 1066 896 1099 prorsus
913 1058 1062 1099 ingenio
1079 1056 1230 1099 Pompei
1249 1057 1428 1088 convenit.
1471 1056 1642 1090 Ceterum

114 1103 186 1135 vid.
214 1102 261 1135 ad
284 1101 340 1135 32.

227 1180 273 1220 31
313 1180 392 1233 [Kr.
419 1185 475 1218 56.
507 1183 546 1219 G.
574 1180 652 1233 33].
708 1181 915 1232 Multisque
941 1181 1223 1232 suspitionibus
1251 1180 1417 1220 volentia
1450 1182 1554 1232 plebi
1587 1183 1641 1221 Γει-

115 1253 251 1288 cun-us
280 1247 512 1288 habebatur.

225 1316 318 1348 Non.
337 1327 372 1358 p.
394 1314 474 1348 126:
499 1317 657 1348 Volentia
672 1318 694 1347 i.
714 1327 744 1348 e.
763 1327 849 1359 quae
866 1318 997 1348 vellent.
1030 1316 1210 1348 Sallustius
1228 1311 1460 1349 Hister-tartha
1477 1317 1533 1348 lib.
1550 1317 1640 1349 1111:

114 1361 307 1403 multisque
331 1378 378 1384 —
401 1361 621 1393 habebatur.
668 1362 1000 1393 Nondum-certum
1024 1362 1138 1393 fuisse
1163 1361 1235 1393 utri
1259 1362 1358 1403 parti
1382 1372 1421 1393 se
1448 1362 1640 1394 adiunctu-

113 1417 174 1439 rus
197 1410 297 1438 esset
320 1406 534 1449 Pompeius,
569 1416 650 1438 cum
674 1406 742 1439 hoc
768 1407 1012 1449 fragmentum
1043 1406 1232 1447 ostendat,
1258 1410 1342 1449 post
1366 1406 1411 1439 30
1435 1407 1642 1449 ponendum

114 1461 195 1484 esse
222 1451 387 1494 adparet.
427 1451 556 1484 Talem
574 1451 814 1494 suspitionem
838 1452 923 1484 inde
949 1455 1075 1484 natam
1100 1462 1193 1491 esse,
1220 1452 1316 1493 quod
1340 1453 1542 1484 exercitum
1559 1463 1640 1484 sese

113 1500 195 1539 post
208 1496 428 1539 triumphum
441 1497 566 1529 statim
579 1497 809 1528 dimissurum
824 1496 1064 1537 adfirmasset,
1079 1497 1298 1529 Plutarchus
1312 1500 1439 1529 narrat
1447 1498 1572 1539 Pomp.
1583 1497 1639 1530 21.

226 1575 279 1615 32
311 1575 390 1628 [Kr.
413 1579 468 1614 58.
501 1578 540 1614 G.
562 1575 639 1628 29].
697 1575 932 1615 Multitudini
963 1576 1195 1620 ostendeus,
1236 1589 1353 1627 quam
1392 1575 1522 1616 colere
1554 1576 1639 1627 plu-

113 1639 291 1688 rumum,
323 1648 367 1682 ut
393 1655 485 1682 mox
516 1644 656 1694 cupitis
684 1644 901 1683 ministram
933 1642 1119 1688 haberet,
1152 1643 1394 1683 decreverat.

225 1722 330 1754 Arus.
357 1733 392 1764 p.
418 1720 487 1754 248
510 1732 539 1754 s.
564 1733 599 1754 v.
625 1723 778 1754 minister
802 1723 865 1754 Ιιίε.
908 1722 1132 1764 Conruptam
1156 1722 1242 1754 libri
1267 1722 1336 1755 Gru.
1362 1723 1582 1765 scripturam
1607 1727 1641 1754 ιιι

112 1779 192 1800 mox
214 1768 306 1809 cupit
332 1769 360 1800 is·
384 1767 536 1809 egregie
561 1767 770 1799 emendavit
791 1778 866 1799 van
889 1767 955 1799 der
978 1768 1134 1800 Hoeven
1158 1777 1258 1809 spec.
1283 1779 1319 1810 p.
1344 1767 1400 1799 48.
1451 1768 1515 1800 Set
1546 1778 1644 1809 quae*

113 1816 197 1844 sunt
220 1823 299 1845 moae
322 1814 463 1854 cupita?
515 1812 609 1844 Nam
641 1812 712 1844 etsi
734 1822 814 1845 moae
846 1813 892 1844 ad
921 1812 1064 1844 haberet
1093 1812 1278 1851 refertur,
1311 1816 1437 1845 tamen
1468 1824 1513 1845 ea
1546 1823 1639 1855 quae

113 1861 342 1900 cuperentur,
360 1868 442 1889 mox
461 1860 639 1890 eventura
651 1867 732 1888 esse
747 1860 934 1899 speratum
948 1867 1028 1889 esse
1044 1856 1210 1899 adparet.
1244 1857 1447 1899 Respondit
1463 1858 1638 1895 Kritzius‚

112 1903 228 1935 verba
252 1903 493 1945 apertissume
525 1905 694 1944 spectare
729 1903 776 1934 ad
801 1902 870 1935 Gn.
896 1902 1127 1944 Pompeium,
1162 1904 1199 1934 et
1228 1901 1276 1934 ad
1307 1913 1389 1934 eam
1421 1903 1638 1939 contionem.

113 1958 222 1990 quam
247 1947 374 1980 consul
397 1947 612 1989 designatus
636 1947 685 1979 M.
711 1946 834 1979 Lollio
859 1947 1036 1979 Palicano
1061 1946 1172 1979 dante
1197 1946 1330 1979 habuit
1355 1946 1448 1988 (Cic.
1475 1947 1514 1979 in
1535 1948 1639 1979 Verr-

113 1993 194 2025 Act.
219 1993 238 2025 1
265 1992 324 2032 15,
349 1992 394 2024 45
420 1992 466 2025 ad
491 2002 645 2034 eumque
669 1992 789 2024 locum
813 1992 946 2024 Ascon.
972 2003 1007 2035 p.
1038 1990 1140 2033 148),
1174 1992 1299 2034 cupita
1324 2003 1412 2035 ergo
1438 2003 1520 2024 esse
1544 2003 1639 2024 sum-

113 2049 208 2070 mam
234 2048 279 2070 ac
305 2037 415 2069 nullis
440 2036 572 2069 finibus
597 2037 911 2079 circumscriptam
936 2038 974 2069 in
994 2048 1033 2069 re
1050 2036 1201 2079 publica
1226 2037 1440 2079 potentiam.
1490 2037 1554 2069 Set
1577 2049 1639 2070 ve—

113 2094 193 2116 reor
217 2093 264 2115 ne
287 2083 380 2115 haec
406 2093 486 2115 cum
511 2082 662 2124 Pompei
684 2082 834 2125 ingenio
860 2093 903 2114 ac
929 2082 1114 2120 sententia
1138 2092 1210 2113 non
1235 2092 1381 2124 prorsus
1407 2082 1640 2121 conveniant,

114 2129 175 2171 qui
199 2128 344 2170 quidem
367 2130 450 2170 post
475 2127 704 2160 consulatum
728 2127 885 2159 minume
910 2127 1179 2162 multitudinem
1211 2127 1382 2166 coluerit,
1416 2130 1482 2160 set,
1504 2126 1640 2170 ubique

113 2184 245 2216 magno
271 2183 352 2206 cum
377 2173 552 2205 comitatu
575 2172 786 2215 ingrediens
813 2173 859 2204 ab
886 2172 987 2204 aditu
1012 2171 1239 2215 prohibuerit
1263 2171 1402 2214 (Drum.
1421 2171 1472 2204 IV
1491 2184 1526 2214 p.
1546 2171 1639 2214 392).

114 2218 272 2251 Omnino
289 2218 370 2260 quis
395 2220 461 2258 est,
489 2218 550 2260 qui
574 2218 720 2260 ignoret
737 2218 805 2250 Gn.
821 2218 1035 2260 Pompeium
1051 2218 1169 2249 minus
1189 2217 1235 2249 ad
1259 2227 1435 2249 summum
1453 2218 1640 2260 potentiae
1682 2216 1684 2218 ’

115 2263 305 2306 fastigium
329 2263 572 2306 properasse?
611 2262 664 2294 Ac
689 2263 825 2295 certius
843 2263 987 2305 quidem
1006 2263 1167 2295 iudicare
1193 2272 1392 2304 possemus,
1420 2263 1451 2294 si
1476 2263 1562 2305 quid
1579 2263 1640 2295 ob-

113 2308 203 2341 iecti
229 2308 275 2340 ad
299 2308 451 2341 verbum
474 2309 656 2340 ostendens
679 2307 836 2340 relatum
868 2308 1000 2340 fuisset
1032 2310 1243 2350 conpertum
1267 2307 1499 2340 haberemus.
1547 2309 1641 2340 Nam

115 2353 208 2396 quod
232 2364 305 2386 van
329 2353 394 2386 der
417 2353 572 2386 Hoeven
597 2353 756 2385 coniecit
780 2354 962 2385 ostendens
984 2363 1021 2385 se
1046 2353 1101 2384 uti
1125 2363 1197 2384 non
1221 2363 1368 2394 prorsus
1401 2353 1640 2391 reiciundum,

114 2399 169 2431 ita
193 2401 318 2431 tamen
343 2397 490 2430 dubium
517 2401 583 2430 est.
633 2398 723 2429 Cum
747 2409 833 2431 vero
858 2399 1038 2430 ostendere
1070 2400 1283 2440 usurpatum
1314 2398 1362 2430 sit
1393 2398 1440 2429 ab
1467 2397 1640 2429 Sallustio

115 2445 160 2476 de
186 2444 257 2483 eis,
285 2453 378 2485 quae
404 2443 528 2475 futura
551 2443 808 2485 promittuntur
833 2442 920 2484 (vid.
949 2453 1043 2485 quae
1068 2443 1154 2475 olim
1180 2442 1228 2475 ad
1251 2442 1332 2485 Iug.
1359 2441 1422 2482 23,
1453 2442 1466 2473 l
1495 2453 1528 2484 p.
1559 2441 1641 2481 1843

113 2487 170 2528 49,
195 2487 217 2521 5
241 2499 276 2531 p.
303 2487 369 2521 347
396 2487 443 2520 al.
469 2487 494 2519 1.
520 2486 732 2530 disputavi),
759 2489 846 2530 quid
868 2488 1022 2531 inpedit,
1049 2498 1118 2530 quo
1144 2487 1312 2520 minush.
1332 2487 1356 2518 l.
1385 2487 1512 2519 eodem
1536 2487 1641 2519 modo

115 2533 250 2566 dictum
274 2536 443 2576 putemus
469 2536 505 2565 et
529 2534 644 2574 cupita
659 2533 919 2576 intellegamus
935 2533 1157 2575 triumphum
1174 2535 1211 2565 et
1236 2531 1463 2564 consulatum
1481 2535 1519 2564 et
1537 2542 1641 2573 agro-

115 2589 194 2611 rum
225 2578 504 2621 adsignationes
536 2578 720 2618 (Momms.
748 2578 804 2610 111
828 2590 863 2620 p.
888 2577 980 2618 89)?
1034 2577 1171 2620 Similis
1203 2580 1278 2609 tum
1311 2577 1516 2618 argumenti
1547 2576 1641 2607 haec

115 2624 230 2656 verba
255 2627 338 2656 sunt
363 2634 407 2656 ac
433 2623 478 2656 fr.
503 2621 548 2656 30
571 2625 608 2654 et
632 2621 688 2656 31.
738 2623 879 2665 Quidq
884 2623 953 2655 uod
978 2623 1100 2655 fateor
1129 2622 1218 2654 mihi
1245 2632 1317 2654 non
1341 2621 1566 2652 inconditam
1588 2619 1641 2652 vi-

116 2669 195 2702 deri
211 2669 444 2707 sententiam,
471 2668 504 2700 si
528 2668 622 2700 haec
640 2667 753 2700 verba
779 2678 860 2700 cum
858 2635 928 2701 q30
953 2668 1238 2710 coniungantur:
1267 2666 1317 2697 ‘Si
1343 2683 1382 2687 —
1410 2675 1448 2696 se
1474 2665 1642 2696 daturum

116 2724 264 2756 operam
282 2693 507 2745 multitudini
523 2713 737 2754 ostendens,
759 2723 867 2755 quam
884 2732 927 2736 —
945 2713 1123 2745 decrever
1126 2714 1187 2743 at'.
1224 2711 1288 2742 Set
1303 2709 1386 2742 nolo
1405 2709 1443 2740 id
1458 2720 1522 2752 pro
1541 2713 1641 2742 certo

117 2758 320 2791 venditare.

128 2889 140 2892 ⁷.
230 2835 283 2876 33
311 2835 398 2889 [Kr.
422 2841 478 2875 54.
514 2838 553 2875 G.
577 2836 639 2889 9].
699 2836 910 2887 Conlegam
946 2836 1138 2874 minorem
1178 2837 1216 2872 et
1255 2834 1315 2872 sui
1346 2832 1538 2871 cultorem
1575 2846 1641 2872 cx-

119 2908 291 2954 pectans.
1083 2909 1086 2911 ’
