1826 3282
218 241 272 285 62
451 243 465 249 χ
557 288 561 291 γ
598 241 606 247 '
663 250 960 280 HISTORIARVM
986 251 1067 280 Lis.
1100 251 1149 280 111
1182 245 1308 283 2—4.
1338 278 1342 281 ,

219 358 277 396 sit,
303 355 462 388 dubitari
486 353 547 386 vix
571 353 702 395 possit,
731 352 824 394 quod
850 353 1026 385 audacius
1050 354 1194 387 videtur
1224 364 1411 386 numerum
1440 355 1525 387 libri
1557 366 1614 398 ap.
1647 355 1739 388 Non'.

218 402 386 434 vitiosum
412 399 591 437 iudicare,
626 400 739 429 certe
757 398 808 429 ibi
830 398 907 430 1100
939 399 1070 441 fragm.
1098 399 1233 431 dictum
1259 400 1371 431 fuisse
1398 399 1569 443 adparet,
1601 400 1663 432 ubi
1696 400 1740 432 de

181 477 187 482 ,
218 456 309 478 110νο
337 445 402 476 Gn.
430 443 579 485 Pompei
605 442 650 474 ad
675 442 809 474 bellum
835 443 1083 476 Sertorianum
1109 444 1178 486 adp
1184 447 1290 476 aratu
1323 448 1445 477 actum
1471 447 1537 477 est.
1585 445 1633 476 At
1656 445 1742 477 libri

221 490 316 532 apud
340 488 494 520 Nonium
518 488 646 519 vitiosis
670 488 920 529 mayistratibus
946 488 1128 529 exhibent,
1160 490 1252 531 quod
1276 489 1437 522 Kritzius
1463 490 1516 522 sic
1542 489 1740 522 defendere

219 534 373 572 studuit,
398 536 438 564 ut
462 543 527 575 per
551 532 832 574 magistratuum
855 532 999 565 Galliae
1024 534 1311 576 praesidentium
1342 535 1433 567 vitia
1460 535 1652 567 caritatem
1678 544 1741 566 an—

218 589 336 611 nonae
363 581 508 609 auctam
534 587 614 609 esse
647 577 796 609 diceret.
846 578 909 610 Set
941 588 1158 621 quamquam
1182 579 1219 612 h.
1244 579 1268 611 l.
1302 580 1346 611 de
1378 580 1467 613 vitio
1500 580 1635 612 creatis
1666 588 1741 611 rna-¹

219 623 433 666 gistratibus
446 622 729 664 nemocogitare
743 626 900 664 poterat,
910 626 1043 655 tamen
1052 624 1222 656 Sallustio
1236 625 1364 656 merito
1380 625 1611 667 obprobrium
1624 623 1742 664 fieret,

220 668 313 710 quod
338 667 503 700 sollemni
528 667 683 699 formula
709 667 842 699 abusus
869 671 976 700 esset.
1025 669 1074 700 Et
1100 679 1163 700 cur
1186 669 1301 701 noluit
1325 670 1407 712 ipsa
1432 670 1522 703 vitia
1547 670 1742 712 magistra--

219 717 319 744 tuum
350 713 489 752 dicere,
523 712 599 744 sive
627 712 840 752 avaritiam,
874 713 952 746 sive
981 713 1179 754 luxuriam,
1213 715 1290 747 sive
1321 715 1620 757 neglegentiam?
1655 713 1744 746 Veri

220 758 371 790 similius
401 758 514 800 igitur
545 758 689 790 videtur
719 757 842 790 verbis
873 758 947 801 illis
979 759 1023 790 de
1056 759 1215 791 locorum
1249 762 1312 791 aut
1338 760 1426 792 anni
1450 762 1582 792 natura
1607 759 1743 791 dictum

221 813 313 835 esse.
361 804 443 835 Iam
465 803 557 844 quod
582 803 873 845 Havercampius
900 803 1056 835 coniecit
1079 805 1208 836 vitiosis
1232 806 1336 846 mayis
1361 805 1563 842 aestatibus,
1592 804 1648 835 illi
1672 814 1745 836 non

220 849 356 888 minus,
384 858 490 890 quam
518 848 567 887 ei,
597 848 689 889 quod
713 847 838 889 Mahly
861 849 906 880 N.
933 849 975 880 A.
1003 849 1173 880 LXXVII
1197 860 1231 891 p.
1257 848 1302 881 80
1326 850 1556 882 scribendum
1581 849 1744 891 suspica-

220 897 277 926 tus
304 896 359 925 est
382 894 509 926 vitiosis
533 896 637 935 magis
661 893 840 931 tractibus,
873 893 1127 935 obponendum
1160 898 1215 926 est
1245 894 1336 926 haut
1361 895 1472 926 facile
1497 895 1657 937 perspici
1682 901 1746 925 0111·

222 938 416 970 Sallustius
440 939 567 970 vitiosis
591 939 713 979 magis,
747 948 853 979 quam
884 938 1110 970 vitiosioribus
1136 938 1258 970 dicere
1283 939 1464 971 maluerit.
1515 939 1619 979 Quod
1645 938 1744 971 Gerl.

221 984 305 1015 olim
331 983 558 1015 coniecerat:
589 983 718 1014 vitiosis
741 985 829 1014 mala
858 983 1040 1022 tractibus,
1075 987 1222 1025 praeter
1252 984 1526 1016 insolentiorem
1555 984 1746 1017 verborum

221 1029 383 1062 ordinem
409 1029 455 1060 ab
481 1027 653 1060 librorum
679 1028 858 1070 scriptura
888 1028 1031 1070 longius
1056 1029 1222 1061 discedit.
1273 1030 1377 1069 Quod
1402 1030 1480 1071 ipse
1506 1029 1647 1061 conieci
1671 1030 1749 1070 ayri

221 1074 385 1106 tractibus
409 1075 552 1105 tantum
579 1073 683 1105 abest
707 1076 747 1104 ut
771 1083 895 1105 verum
920 1074 1094 1114 iudicem,
1129 1077 1170 1105 ut
1205 1084 1251 1107 ne
1284 1075 1485 1117 periculum
1516 1074 1666 1116 ignavia
1692 1074 1746 1105 fu-

223 1120 320 1161 gisse
346 1118 491 1152 viderer
514 1118 773 1160 proposuerim.

338 1187 362 1226 2
395 1177 474 1239 [Kr.
497 1191 528 1223 2.
561 1184 699 1237 G.13].
751 1185 914 1225 Caveret
940 1187 1142 1237 inperator
1170 1199 1191 1226 a
1221 1187 1386 1238 perfuga
1417 1186 1623 1227 Celtibero.

335 1254 439 1286 Arus.
467 1264 501 1295 p.
528 1252 594 1286 243
619 1263 647 1284 s.
674 1264 707 1285 v.
734 1253 817 1285 leave
843 1253 884 1285 ab
909 1254 985 1286 illis.
1033 1254 1076 1286 In
1103 1254 1179 1286 cod.
1207 1254 1380 1297 scriptum
1407 1254 1622 1287 est:·kavete
1647 1255 1748 1295 impe-

223 1303 342 1332 ratore
370 1309 437 1341 per
461 1299 565 1340 Kaya
592 1298 770 1331 Celtibero.
817 1299 859 1330 In
889 1309 965 1340 per-0
984 1299 1074 1341 kaya
1103 1299 1219 1331 latere
1249 1300 1399 1342 per-fuya
1429 1302 1530 1332 recte
1560 1299 1748 1342 perspexit

224 1345 409 1384 Lindem.,
443 1347 500 1376 set
530 1353 672 1375 omnem
703 1343 780 1375 eius
814 1343 1104 1376 emendationem
1136 1349 1249 1376 cavete
1291 1345 1332 1376 ab
1363 1346 1569 1387 imperatore
1597 1344 1749 1386 per-fuya

228 1390 393 1422 Celtibero
419 1388 583 1431 cupidius
616 1387 703 1420 mihi
729 1388 871 1430 quidem
896 1389 1057 1421 Kritzius
1090 1389 1235 1421 videtur
1261 1390 1474 1432 adripuisse.
1523 1390 1747 1431 Interpreta-

225 1439 283 1467 tus
310 1438 365 1466 est
389 1434 433 1466 de
458 1434 659 1465 rumoribus
686 1433 972 1465 calumniatoriis
997 1435 1035 1465 in
1061 1434 1259 1468 Sertorium
1284 1435 1433 1477 sparsis,
1460 1435 1504 1466 de
1523 1434 1652 1476 quibus
1674 1434 1749 1476 iam

224 1480 317 1511 libro
343 1479 500 1519 secundo
526 1479 659 1510 dixisse
685 1478 895 1510 Sallustium
921 1479 1080 1511 ostendit
1104 1479 1148 1511 fr.
1176 1479 1231 1512 30.
1273 1480 1398 1521 Neque
1421 1490 1488 1522 ego
1507 1479 1650 1521 quidem
1667 1489 1748 1521 per-

227 1525 321 1567 cipio
347 1534 413 1566 quo
438 1523 541 1556 modo
568 1523 760 1563 Sertorius,
787 1524 971 1555 Romanus
996 1523 1149 1562 scilicet,
1177 1524 1394 1564 Celtiberus,
1422 1527 1458 1556 et
1477 1524 1569 1566 quod
1588 1523 1750 1566 corporis

228 1569 429 1602 custodiam
448 1568 642 1600 Celtiberis
659 1568 896 1611 permisisset,
922 1569 1004 1601 ideo
1022 1569 1100 1621 ipse
1117 1570 1266 1611 per-fuya
1285 1569 1470 1602 Celtiberus
1485 1569 1559 1601 dici
1575 1569 1751 1612 potuerit.

227 1616 319 1647 Nam
347 1614 543 1647 Celtiberum
564 1614 747 1655 perfuqam
777 1613 851 1645 dici
883 1624 955 1645 non
986 1614 1046 1655 qui
1079 1625 1159 1646 cum
1186 1614 1392 1647 Celtiberus
1423 1615 1572 1646 natione
1605 1614 1668 1654 sit,
1704 1613 1750 1645 ad

229 1660 339 1692 aliam
355 1659 606 1702 transfugerit,
625 1662 681 1690 set
699 1658 787 1700 qui
777 1658 822 1690 ad
840 1658 1044 1691 Celtiberos
1061 1659 1268 1702 confugerit
1281 1670 1386 1702 nego.
1427 1659 1471 1691 At
1488 1659 1670 1703 neminem
1685 1659 1749 1690 im-

227 1708 435 1757 peratorem
459 1704 638 1742 invenias,
665 1704 726 1745 qui
744 1706 843 1735 recte
856 1704 1007 1745 peifuqa
1027 1704 1210 1736 Celtiberus
1235 1704 1413 1747 adpellari
1429 1704 1599 1747 potuerit.
1641 1704 1751 1736 Prae-

228 1750 447 1793 positionem
472 1759 493 1781 a
518 1748 697 1780 excidisse
723 1748 974 1780 certissumum
1001 1752 1067 1789 est,
1094 1753 1133 1781 at
1158 1749 1243 1791 quid
1266 1749 1418 1792 inpedit,
1445 1759 1513 1802 quo
1530 1749 1647 1781 minus
1665 1751 1750 1781 ante

228 1795 384 1838 perfuga
411 1804 490 1826 eam
522 1794 636 1825 fuisse
662 1794 890 1825 statuamus?
938 1793 1041 1833 Quod
1072 1795 1103 1825 si
1126 1794 1179 1826 ita
1209 1794 1330 1826 iocum
1363 1794 1598 1837 conrigimus,
1630 1797 1670 1826 ut
1696 1793 1749 1825 in-

229 1834 389 1883 perat-ori
423 1850 444 1871 a
474 1839 629 1881 perfuga
663 1838 848 1870 Celtibero
881 1839 1083 1871 cavendum
1116 1850 1195 1871 esse
1230 1839 1461 1882 exprimatur,
1494 1839 1607 1874 facile
1632 1838 1752 1871 locum

229 1885 334 1917 nobis
351 1884 488 1927 fingere
506 1893 707 1926 possumus,
732 1883 796 1915 ubi
810 1883 876 1915 -illa
900 1884 1014 1916 verba
1031 1885 1170 1926 scripta
1189 1884 1335 1924 fuerint,
1353 1884 1527 1917 videlicet
1544 1885 1580 1916 in
1605 1883 1749 1924 litteris,

230 1941 323 1973 quae
350 1930 396 1962 ab
421 1929 524 1962 hoste
552 1932 615 1961 aut
639 1929 684 1961 ab
711 1928 828 1960 amico
855 1929 901 1960 ad
924 1929 1135 1971 Pompeium
1160 1930 1293 1962 missae
1324 1933 1438 1962 erant.

344 1996 398 2036 *3
431 1996 509 2049 [Kr.
531 2003 563 2034 4.
595 1999 634 2035 G.
658 1996 733 2049 20].
791 1996 905 2035 Η11110
934 1996 1052 2046 igitur
1081 1997 1282 2046 redarguit
1311 1996 1547 2048 Tarquitius.

343 2067 478 2098 Donat.
506 2065 552 2097 ad
576 2064 659 2095 Ter.
686 2064 752 2095 Ad.
778 2063 831 2095 111
856 2064 888 2103 2,
909 2062 967 2094 14:
994 2063 1089 2095 Iram
1113 2062 1219 2106 lianc]
1245 2065 1367 2096 ‘Hanc'
1394 2065 1559 2097 interdum
1580 2074 1646 2106 pro
1672 2075 1752 2107 qua-

231 2114 341 2148 litate,
374 2111 539 2142 interdum
561 2119 626 2150 pro
652 2109 839 2150 quantitate
865 2110 1060 2149 accipimus,
1092 2110 1257 2141 interdum
1277 2120 1345 2151 pro
1371 2114 1512 2152 utroque
1541 2113 1577 2140 ut
1609 2111 1752 2152 ‘tuaque

231 2160 371 2187 animam
395 2155 481 2187 hanc
505 2154 683 2196 effundere
716 2154 883 2185 deoetra?’
915 2157 949 2184 et
981 2154 1082 2186 ‘bunc
1112 2165 1173 2196 eyo
1199 2159 1249 2193 te,
1275 2155 1443 2196 Euryale,
1471 2155 1644 2196 aspicio'?
1690 2153 1753 2186 Set

231 2212 316 2232 nune
338 2210 403 2242 pro
427 2204 569 2241 utroque
596 2199 699 2230 ‘hane'
726 2199 824 2238 dimit,
852 2202 887 2229 ut
911 2198 1089 2230 Sallustius
1113 2200 1154 2231 de
1178 2202 1363 2242 scriptione
1391 2200 1550 2232 Celtiberi
1565 2202 1632 2231 ait:
1655 2199 1752 2231 hunc

232 2246 344 2288 igitur
374 2244 563 2286 redarguit
593 2243 810 2284 Tarquinus.
869 2243 957 2275 Cum
990 2243 1166 2276 Celtiberi
1203 2255 1335 2277 nomen
1367 2245 1536 2277 ostendat
1567 2244 1627 2276 illo
1661 2243 1750 2276 Sall.

231 2290 312 2322 loco
345 2299 547 2322 sermonem
580 2288 623 2320 de
654 2288 762 2320 rebus
794 2289 831 2320 in
860 2288 1043 2330 Hispania
1082 2289 1196 2331 gestis
1228 2290 1356 2330 fuisse,
1390 2300 1462 2322 non
1493 2290 1611 2321 minus
1643 2291 1752 2321 acute

233 2346 340 2377 quam
371 2345 456 2367 vere
483 2333 609 2365 Carrio
640 2333 832 2375 Tarquitius
857 2333 1119 2365 restituendum
1153 2334 1296 2366 censuit
1322 2334 1415 2375 (vid.
1443 2335 1486 2367 fr.
1513 2334 1568 2376 4).
1619 2330 1756 2374 Quam-

233 2390 341 2422 quam
365 2380 452 2411 illud
477 2380 655 2410 incertum
682 2382 748 2417 est,
773 2381 894 2410 utrum
917 2379 1017 2410 locus
1042 2379 1077 2410 11
1102 2390 1148 2411 an
1164 2379 1218 2411 III
1242 2380 1326 2411 libri
1351 2380 1474 2411 fuerit.
1523 2380 1586 2411 Set
1610 2389 1691 2411 cum
1709 2389 1763 2415 ex

232 2426 369 2457 Donati
393 2424 514 2457 verbis
542 2424 731 2465 adpareat,
757 2423 826 2455 hoc
852 2423 986 2455 dictum
1004 2423 1135 2456 fuisse:
1164 2425 1209 2456 ab
1227 2425 1416 2466 Tarquitio
1435 2435 1528 2467 quae
1547 2423 1753 2456 Celtiberus

233 2471 378 2512 quidem
403 2469 623 2511 scripsisset,
651 2468 783 2510 quippe
811 2469 856 2500 ab
881 2468 948 2500 tali
971 2469 1115 2500 homine
1142 2470 1290 2512 scripta,
1316 2470 1456 2501 reiecta
1474 2479 1566 2509 esse,
1593 2469 1752 2510 aliquam

232 2516 311 2548 veri
335 2515 495 2557 speciem
519 2523 607 2555 prae
633 2523 672 2544 se
698 2513 770 2544 fert
793 2513 886 2545 haec
912 2514 1089 2556 suspicio,
1122 2525 1197 2546 rem
1222 2515 1360 2546 factam
1386 2525 1466 2546 esse
1493 2517 1577 2546 ante
1603 2514 1753 2546 caedem

193 2562 204 2570 ²
234 2561 392 2592 Sertorio
416 2562 597 2602 paratam.
639 2557 809 2589 Diffisum
828 2568 907 2590 esse
933 2558 1132 2591 Sertorium
1148 2560 1322 2591 Romanis
1347 2570 1415 2590 nec
1439 2559 1510 2590 nisi
1527 2559 1587 2590 diu
1605 2561 1752 2590 cuncta-

233 2609 308 2637 tum
332 2605 479 2637 tandem
506 2604 551 2635 ad
576 2613 729 2635 coenam
753 2603 791 2634 in
808 2604 1021 2645 Perpennae
1047 2604 1189 2635 domum
1212 2605 1357 2637 venisse
1376 2607 1522 2636 constat
1547 2603 1691 2645 (Drum.
1703 2603 1754 2635 IV

233 2662 267 2693 p.
295 2649 387 2691 374).
435 2650 528 2681 Num
552 2648 666 2690 igitur
689 2648 767 2680 veri
792 2646 969 2680 dissimile
996 2651 1068 2688 est,
1102 2648 1300 2680 Sertorium
1327 2648 1372 2680 ab
1399 2648 1584 2680 Celtibero
1609 2648 1752 2680 litteras

236 2696 441 2737 accepisse,
475 2694 603 2747 quibus
635 2704 680 2725 118
714 2693 760 2725 ad
785 2703 937 2725 coenam
961 2693 1032 2725 iret
1060 2693 1325 2733 deterreretur,
1359 2693 1584 2735 Tarquitium
1617 2696 1753 2732 autem,

236 2741 367 2783 quippe
394 2740 453 2782 qui
479 2740 517 2770 in
542 2738 742 2770 coniuratis
761 2741 869 2778 esset,
897 2739 1061 2780 quamvis
1088 2741 1230 2770 ceteros
1248 2749 1319 2770 non
1342 2739 1520 2778 novisset,
1547 2749 1610 2771 eas
1635 2738 1755 2780 suspi-

228 2787 359 2825 ,ciones
384 2784 640 2835 redarguisse?

348 2852 499 2905 4[Kr.
522 2857 554 2889 3.
586 2854 624 2889 G.
653 2851 725 2904 17].
780 2851 901 2902 Igitur
924 2851 1170 2896 discubuere,
1200 2850 1397 2905 Sertorius
1423 2851 1583 2890 inferior
1604 2851 1644 2890 in
1671 2862 1752 2890 me-

237 2920 312 2963 dio,
345 2932 464 2970 super
493 2932 582 2959 eum
617 2921 658 2959 L.
692 2919 834 2958 Fabius
864 2919 1128 2970 Hispaniensis
1157 2909 1314 2957 senator
1346 2931 1390 2957 ex
1422 2919 1674 2972 proscriptis:
1714 2919 1753 2957 in
1797 2904 1803 2913 .
