<?xml version="1.0" encoding="UTF-8"?>
<!DOCTYPE html PUBLIC "-//W3C//DTD XHTML 1.0 Transitional//EN"
    "http://www.w3.org/TR/xhtml1/DTD/xhtml1-transitional.dtd">
<html xmlns="http://www.w3.org/1999/xhtml" xml:lang="en" lang="en">
 <head>
  <title>
</title>
<meta http-equiv="Content-Type" content="text/html;charset=utf-8" />
  <meta name='ocr-system' content='tesseract 3.04.00' />
  <meta name='ocr-capabilities' content='ocr_page ocr_carea ocr_par ocr_line ocrx_word'/>
</head>
<body>
  <div class='ocr_page' id='page_1' title='image "./quaesupersunt02salluoft_0212.png"; bbox 0 0 1838 3288; ppageno 0'>
   <div class='ocr_carea' id='block_1_1' title="bbox 218 224 1033 273">
    <p class='ocr_par' dir='ltr' id='par_1_1' title="bbox 218 224 1033 273">
     <span class='ocr_line' id='line_1_1' title="bbox 218 224 1033 273; baseline 0.001 -7"><span class='ocrx_word' id='word_1_1' title='bbox 218 224 298 269; x_wconf 84' lang='lat'>204</span> <span class='ocrx_word' id='word_1_2' title='bbox 738 266 745 273; x_wconf 87' lang='grc'>,</span> <span class='ocrx_word' id='word_1_3' title='bbox 904 239 1033 267; x_wconf 73' lang='lat' dir='ltr'>INDEX</span> 
     </span>
    </p>
   </div>
   <div class='ocr_carea' id='block_1_2' title="bbox 214 337 1743 1288">
    <p class='ocr_par' dir='ltr' id='par_1_2' title="bbox 214 337 1743 1288">
     <span class='ocr_line' id='line_1_2' title="bbox 218 337 1723 386; baseline 0.003 -15"><span class='ocrx_word' id='word_1_4' title='bbox 218 342 253 372; x_wconf 81' lang='lat' dir='ltr'><strong>ot</strong></span> <span class='ocrx_word' id='word_1_5' title='bbox 269 349 341 371; x_wconf 82' lang='lat' dir='ltr'><strong>cum</strong></span> <span class='ocrx_word' id='word_1_6' title='bbox 357 340 406 371; x_wconf 74' lang='lat' dir='ltr'><strong>eis</strong></span> <span class='ocrx_word' id='word_1_7' title='bbox 422 357 466 362; x_wconf 91' lang='lat'>—</span> <span class='ocrx_word' id='word_1_8' title='bbox 483 339 624 381; x_wconf 80' lang='lat' dir='ltr'><strong>pedites</strong></span> <span class='ocrx_word' id='word_1_9' title='bbox 640 338 663 370; x_wconf 94' lang='lat' dir='ltr'><strong>J</strong></span> <span class='ocrx_word' id='word_1_10' title='bbox 679 337 741 379; x_wconf 83' lang='lat'><strong>91,</strong></span> <span class='ocrx_word' id='word_1_11' title='bbox 760 338 780 370; x_wconf 99' lang='lat'><strong>5</strong></span> <span class='ocrx_word' id='word_1_12' title='bbox 804 341 889 371; x_wconf 81' lang='lat' dir='ltr'><strong>conl.</strong></span> <span class='ocrx_word' id='word_1_13' title='bbox 907 338 969 380; x_wconf 89' lang='lat'><strong>93,</strong></span> <span class='ocrx_word' id='word_1_14' title='bbox 987 338 1019 372; x_wconf 89' lang='grc'><strong>8.</strong></span> <span class='ocrx_word' id='word_1_15' title='bbox 1055 340 1196 373; x_wconf 83' lang='lat' dir='ltr'>abunde</span> <span class='ocrx_word' id='word_1_16' title='bbox 1215 340 1425 373; x_wconf 82' lang='lat' dir='ltr'><strong>facundiam</strong></span> <span class='ocrx_word' id='word_1_17' title='bbox 1443 344 1480 374; x_wconf 87' lang='lat' dir='ltr'><strong>et</strong></span> <span class='ocrx_word' id='word_1_18' title='bbox 1497 342 1723 386; x_wconf 76' lang='lat' dir='ltr'><strong>conpositam</strong></span> 
     </span>
     <span class='ocr_line' id='line_1_3' title="bbox 218 383 1722 430; baseline 0.003 -14"><span class='ocrx_word' id='word_1_19' title='bbox 218 383 576 424; x_wconf 87' lang='lat' dir='ltr'><strong>orationemJ85,26.</strong></span> <span class='ocrx_word' id='word_1_20' title='bbox 611 384 709 416; x_wconf 83' lang='lat' dir='ltr'><strong>fama</strong></span> <span class='ocrx_word' id='word_1_21' title='bbox 727 383 825 416; x_wconf 87' lang='lat' dir='ltr'><strong>mala</strong></span> <span class='ocrx_word' id='word_1_22' title='bbox 842 388 879 417; x_wconf 86' lang='lat' dir='ltr'><strong>ct</strong></span> <span class='ocrx_word' id='word_1_23' title='bbox 895 385 1003 417; x_wconf 90' lang='lat' dir='ltr'><strong>timor</strong></span> <span class='ocrx_word' id='word_1_24' title='bbox 1018 385 1103 426; x_wconf 89' lang='lat' dir='ltr'>J35,</span> <span class='ocrx_word' id='word_1_25' title='bbox 1115 387 1147 418; x_wconf 92' lang='lat'><strong>4.</strong></span> <span class='ocrx_word' id='word_1_26' title='bbox 1182 387 1281 419; x_wconf 88' lang='lat' dir='ltr'><strong>fama</strong></span> <span class='ocrx_word' id='word_1_27' title='bbox 1300 387 1506 422; x_wconf 76' lang='lat' dir='ltr'><strong>etfortunis</strong></span> <span class='ocrx_word' id='word_1_28' title='bbox 1522 388 1557 420; x_wconf 89' lang='lat' dir='ltr'>H</span> <span class='ocrx_word' id='word_1_29' title='bbox 1573 389 1609 420; x_wconf 93' lang='lat'><strong>11</strong></span> <span class='ocrx_word' id='word_1_30' title='bbox 1625 388 1722 430; x_wconf 85' lang='lat'>41,5.</span> 
     </span>
     <span class='ocr_line' id='line_1_4' title="bbox 219 428 1724 469; baseline 0.004 -9"><span class='ocrx_word' id='word_1_31' title='bbox 219 430 316 461; x_wconf 89' lang='lat' dir='ltr'><strong>fame</strong></span> <span class='ocrx_word' id='word_1_32' title='bbox 336 433 371 461; x_wconf 87' lang='lat' dir='ltr'><strong>et</strong></span> <span class='ocrx_word' id='word_1_33' title='bbox 389 429 482 460; x_wconf 87' lang='lat' dir='ltr'><strong>ferro</strong></span> <span class='ocrx_word' id='word_1_34' title='bbox 499 429 522 460; x_wconf 98' lang='lat' dir='ltr'><strong>J</strong></span> <span class='ocrx_word' id='word_1_35' title='bbox 539 428 599 469; x_wconf 87' lang='lat'><strong>38,</strong></span> <span class='ocrx_word' id='word_1_36' title='bbox 617 428 648 461; x_wconf 91' lang='lat'><strong>9.</strong></span> <span class='ocrx_word' id='word_1_37' title='bbox 691 429 879 462; x_wconf 81' lang='lat' dir='ltr'><strong>festinatio</strong></span> <span class='ocrx_word' id='word_1_38' title='bbox 905 433 940 462; x_wconf 89' lang='lat' dir='ltr'><strong>et</strong></span> <span class='ocrx_word' id='word_1_39' title='bbox 962 435 1078 463; x_wconf 85' lang='lat' dir='ltr'><strong>terror</strong></span> <span class='ocrx_word' id='word_1_40' title='bbox 1099 432 1134 463; x_wconf 93' lang='lat' dir='ltr'>H</span> <span class='ocrx_word' id='word_1_41' title='bbox 1150 432 1203 464; x_wconf 93' lang='lat' dir='ltr'><strong>III</strong></span> <span class='ocrx_word' id='word_1_42' title='bbox 1220 430 1273 463; x_wconf 91' lang='lat'><strong>26.</strong></span> <span class='ocrx_word' id='word_1_43' title='bbox 1315 432 1442 464; x_wconf 86' lang='lat' dir='ltr'><strong>foedus</strong></span> <span class='ocrx_word' id='word_1_44' title='bbox 1467 436 1503 465; x_wconf 89' lang='lat' dir='ltr'><strong>et</strong></span> <span class='ocrx_word' id='word_1_45' title='bbox 1520 433 1684 466; x_wconf 84' lang='lat' dir='ltr'><strong>amicitia</strong></span> <span class='ocrx_word' id='word_1_46' title='bbox 1700 433 1724 466; x_wconf 94' lang='lat' dir='ltr'><strong>J</strong></span> 
     </span>
     <span class='ocr_line' id='line_1_5' title="bbox 217 474 1723 520; baseline 0.004 -16"><span class='ocrx_word' id='word_1_47' title='bbox 217 474 271 514; x_wconf 90' lang='lat'><strong>80,</strong></span> <span class='ocrx_word' id='word_1_48' title='bbox 290 475 320 505; x_wconf 89' lang='lat'><strong>4.</strong></span> <span class='ocrx_word' id='word_1_49' title='bbox 350 474 430 513; x_wconf 79' lang='grc'>104,</span> <span class='ocrx_word' id='word_1_50' title='bbox 449 474 480 505; x_wconf 76' lang='grc'><strong>4.</strong></span> <span class='ocrx_word' id='word_1_51' title='bbox 499 474 529 506; x_wconf 92' lang='lat'><strong>5.</strong></span> <span class='ocrx_word' id='word_1_52' title='bbox 570 476 685 516; x_wconf 80' lang='lat' dir='ltr'><strong>raptis</strong></span> <span class='ocrx_word' id='word_1_53' title='bbox 703 475 817 507; x_wconf 86' lang='lat' dir='ltr'><strong>forum</strong></span> <span class='ocrx_word' id='word_1_54' title='bbox 836 477 873 507; x_wconf 87' lang='lat' dir='ltr'><strong>et</strong></span> <span class='ocrx_word' id='word_1_55' title='bbox 890 478 1012 508; x_wconf 85' lang='lat' dir='ltr'><strong>castra</strong></span> <span class='ocrx_word' id='word_1_56' title='bbox 1029 477 1178 509; x_wconf 86' lang='lat' dir='ltr'><strong>nautica</strong></span> <span class='ocrx_word' id='word_1_57' title='bbox 1195 478 1229 508; x_wconf 88' lang='lat' dir='ltr'>H</span> <span class='ocrx_word' id='word_1_58' title='bbox 1246 478 1262 509; x_wconf 97' lang='lat' dir='ltr'>I</span> <span class='ocrx_word' id='word_1_59' title='bbox 1280 477 1332 508; x_wconf 89' lang='lat'><strong>77.</strong></span> <span class='ocrx_word' id='word_1_60' title='bbox 1375 478 1464 520; x_wconf 87' lang='lat' dir='ltr'><strong>fuga</strong></span> <span class='ocrx_word' id='word_1_61' title='bbox 1489 480 1525 510; x_wconf 87' lang='lat' dir='ltr'><strong>et</strong></span> <span class='ocrx_word' id='word_1_62' title='bbox 1548 478 1723 511; x_wconf 83' lang='lat' dir='ltr'><strong>caedibus</strong></span> 
     </span>
     <span class='ocr_line' id='line_1_6' title="bbox 216 518 1724 565; baseline 0.004 -14"><span class='ocrx_word' id='word_1_63' title='bbox 216 520 251 551; x_wconf 90' lang='lat' dir='ltr'>H</span> <span class='ocrx_word' id='word_1_64' title='bbox 268 520 284 550; x_wconf 87' lang='lat'><strong>1</strong></span> <span class='ocrx_word' id='word_1_65' title='bbox 301 519 356 557; x_wconf 92' lang='lat'><strong>41,</strong></span> <span class='ocrx_word' id='word_1_66' title='bbox 379 518 428 550; x_wconf 89' lang='lat'><strong>17.</strong></span> <span class='ocrx_word' id='word_1_67' title='bbox 472 519 671 552; x_wconf 86' lang='lat' dir='ltr'><strong>funditores</strong></span> <span class='ocrx_word' id='word_1_68' title='bbox 690 522 726 551; x_wconf 88' lang='lat' dir='ltr'><strong>et</strong></span> <span class='ocrx_word' id='word_1_69' title='bbox 749 520 933 563; x_wconf 86' lang='lat' dir='ltr'><strong>sagittarii</strong></span> <span class='ocrx_word' id='word_1_70' title='bbox 955 521 979 553; x_wconf 88' lang='lat' dir='ltr'><strong>J</strong></span> <span class='ocrx_word' id='word_1_71' title='bbox 994 519 1056 562; x_wconf 89' lang='lat'><strong>46,</strong></span> <span class='ocrx_word' id='word_1_72' title='bbox 1073 522 1106 554; x_wconf 91' lang='lat'><strong>7.</strong></span> <span class='ocrx_word' id='word_1_73' title='bbox 1131 521 1186 563; x_wconf 89' lang='lat'><strong>49,</strong></span> <span class='ocrx_word' id='word_1_74' title='bbox 1205 521 1237 554; x_wconf 91' lang='lat'><strong>6.</strong></span> <span class='ocrx_word' id='word_1_75' title='bbox 1265 521 1340 562; x_wconf 89' lang='grc'>100,</span> <span class='ocrx_word' id='word_1_76' title='bbox 1359 522 1390 555; x_wconf 88' lang='grc'><strong>2.</strong></span> <span class='ocrx_word' id='word_1_77' title='bbox 1431 522 1548 565; x_wconf 85' lang='lat' dir='ltr'><strong>gladii</strong></span> <span class='ocrx_word' id='word_1_78' title='bbox 1566 525 1602 556; x_wconf 91' lang='lat' dir='ltr'><strong>et</strong></span> <span class='ocrx_word' id='word_1_79' title='bbox 1617 526 1724 557; x_wconf 86' lang='lat' dir='ltr'><strong>scuta</strong></span> 
     </span>
     <span class='ocr_line' id='line_1_7' title="bbox 216 563 1726 610; baseline 0.003 -14"><span class='ocrx_word' id='word_1_80' title='bbox 216 565 239 596; x_wconf 94' lang='lat' dir='ltr'><strong>J</strong></span> <span class='ocrx_word' id='word_1_81' title='bbox 263 563 322 603; x_wconf 76' lang='lat'><strong>94,</strong></span> <span class='ocrx_word' id='word_1_82' title='bbox 347 563 372 595; x_wconf 95' lang='lat'><strong>1.</strong></span> <span class='ocrx_word' id='word_1_83' title='bbox 415 574 589 596; x_wconf 87' lang='lat' dir='ltr'><strong>summum</strong></span> <span class='ocrx_word' id='word_1_84' title='bbox 612 565 786 597; x_wconf 81' lang='lat' dir='ltr'><strong>honorem</strong></span> <span class='ocrx_word' id='word_1_85' title='bbox 817 569 853 598; x_wconf 90' lang='lat' dir='ltr'><strong>et</strong></span> <span class='ocrx_word' id='word_1_86' title='bbox 876 576 1080 599; x_wconf 86' lang='lat' dir='ltr'><strong>maxumum</strong></span> <span class='ocrx_word' id='word_1_87' title='bbox 1103 567 1290 610; x_wconf 73' lang='lat' dir='ltr'><strong>negotium</strong></span> <span class='ocrx_word' id='word_1_88' title='bbox 1311 567 1335 599; x_wconf 88' lang='lat' dir='ltr'>J</span> <span class='ocrx_word' id='word_1_89' title='bbox 1356 566 1415 608; x_wconf 83' lang='grc'><strong>85,</strong></span> <span class='ocrx_word' id='word_1_90' title='bbox 1436 567 1490 601; x_wconf 86' lang='grc'><strong>28.</strong></span> <span class='ocrx_word' id='word_1_91' title='bbox 1529 569 1664 601; x_wconf 88' lang='lat' dir='ltr'><strong>inertia</strong></span> <span class='ocrx_word' id='word_1_92' title='bbox 1688 572 1726 601; x_wconf 87' lang='lat' dir='ltr'><strong>et</strong></span> 
     </span>
     <span class='ocr_line' id='line_1_8' title="bbox 217 609 1724 651; baseline 0.003 -10"><span class='ocrx_word' id='word_1_93' title='bbox 217 609 370 641; x_wconf 86' lang='lat' dir='ltr'><strong>mollitia</strong></span> <span class='ocrx_word' id='word_1_94' title='bbox 389 610 500 641; x_wconf 86' lang='lat' dir='ltr'><strong>animi</strong></span> <span class='ocrx_word' id='word_1_95' title='bbox 519 609 545 641; x_wconf 89' lang='lat' dir='ltr'>C</span> <span class='ocrx_word' id='word_1_96' title='bbox 563 610 617 651; x_wconf 94' lang='lat'><strong>52,</strong></span> <span class='ocrx_word' id='word_1_97' title='bbox 637 610 691 642; x_wconf 86' lang='lat'><strong>28.</strong></span> <span class='ocrx_word' id='word_1_98' title='bbox 725 611 880 643; x_wconf 84' lang='lat' dir='ltr'><strong>iniuriae</strong></span> <span class='ocrx_word' id='word_1_99' title='bbox 897 611 1112 644; x_wconf 81' lang='lat' dir='ltr'><strong>validiorum</strong></span> <span class='ocrx_word' id='word_1_100' title='bbox 1129 615 1164 644; x_wconf 80' lang='lat' dir='ltr'><strong>et</strong></span> <span class='ocrx_word' id='word_1_101' title='bbox 1185 613 1227 645; x_wconf 89' lang='lat' dir='ltr'><strong>ob</strong></span> <span class='ocrx_word' id='word_1_102' title='bbox 1251 621 1307 644; x_wconf 78' lang='lat' dir='ltr'><strong>sas</strong></span> <span class='ocrx_word' id='word_1_103' title='bbox 1325 613 1499 645; x_wconf 80' lang='lat' dir='ltr'><strong>discessio</strong></span> <span class='ocrx_word' id='word_1_104' title='bbox 1516 613 1552 645; x_wconf 91' lang='lat' dir='ltr'>H</span> <span class='ocrx_word' id='word_1_105' title='bbox 1566 614 1583 646; x_wconf 93' lang='lat'><strong>1</strong></span> <span class='ocrx_word' id='word_1_106' title='bbox 1599 612 1632 646; x_wconf 88' lang='grc'><strong>9.</strong></span> <span class='ocrx_word' id='word_1_107' title='bbox 1670 613 1724 646; x_wconf 62' lang='lat' dir='ltr'><strong>in»</strong></span> 
     </span>
     <span class='ocr_line' id='line_1_9' title="bbox 218 654 1724 696; baseline 0.004 -11"><span class='ocrx_word' id='word_1_108' title='bbox 218 654 302 696; x_wconf 87' lang='lat' dir='ltr'><strong>cpia</strong></span> <span class='ocrx_word' id='word_1_109' title='bbox 321 657 357 686; x_wconf 87' lang='lat' dir='ltr'><strong>et</strong></span> <span class='ocrx_word' id='word_1_110' title='bbox 375 654 605 696; x_wconf 83' lang='lat' dir='ltr'><strong>cupidinibus</strong></span> <span class='ocrx_word' id='word_1_111' title='bbox 619 656 654 687; x_wconf 89' lang='lat' dir='ltr'><strong>H</strong></span> <span class='ocrx_word' id='word_1_112' title='bbox 670 656 687 687; x_wconf 93' lang='lat' dir='ltr'>I</span> <span class='ocrx_word' id='word_1_113' title='bbox 704 655 766 695; x_wconf 97' lang='lat'><strong>48,</strong></span> <span class='ocrx_word' id='word_1_114' title='bbox 784 656 816 687; x_wconf 90' lang='grc'><strong>7.</strong></span> <span class='ocrx_word' id='word_1_115' title='bbox 858 673 900 679; x_wconf 79' lang='lat'><strong>—-</strong></span> <span class='ocrx_word' id='word_1_116' title='bbox 924 657 977 689; x_wconf 89' lang='lat' dir='ltr'><strong>rei</strong></span> <span class='ocrx_word' id='word_1_117' title='bbox 994 657 1188 690; x_wconf 83' lang='lat' dir='ltr'><strong>familiaris</strong></span> <span class='ocrx_word' id='word_1_118' title='bbox 1208 661 1244 690; x_wconf 89' lang='lat' dir='ltr'><strong>et</strong></span> <span class='ocrx_word' id='word_1_119' title='bbox 1262 658 1486 690; x_wconf 83' lang='lat' dir='ltr'><strong>conscientia</strong></span> <span class='ocrx_word' id='word_1_120' title='bbox 1503 658 1680 691; x_wconf 84' lang='lat' dir='ltr'><strong>scelerum</strong></span> <span class='ocrx_word' id='word_1_121' title='bbox 1697 658 1724 691; x_wconf 86' lang='lat' dir='ltr'>C</span> 
     </span>
     <span class='ocr_line' id='line_1_10' title="bbox 216 699 1726 746; baseline 0.004 -16"><span class='ocrx_word' id='word_1_122' title='bbox 216 699 248 739; x_wconf 91' lang='lat'><strong>5,</strong></span> <span class='ocrx_word' id='word_1_123' title='bbox 268 699 300 730; x_wconf 87' lang='lat'><strong>7.</strong></span> <span class='ocrx_word' id='word_1_124' title='bbox 341 699 459 742; x_wconf 89' lang='lat' dir='ltr'><strong>inperi</strong></span> <span class='ocrx_word' id='word_1_125' title='bbox 478 703 515 732; x_wconf 88' lang='lat' dir='ltr'><strong>et</strong></span> <span class='ocrx_word' id='word_1_126' title='bbox 532 700 739 732; x_wconf 88' lang='lat' dir='ltr'><strong>divitiarum</strong></span> <span class='ocrx_word' id='word_1_127' title='bbox 758 702 792 732; x_wconf 90' lang='lat' dir='ltr'>H</span> <span class='ocrx_word' id='word_1_128' title='bbox 808 702 858 734; x_wconf 92' lang='lat' dir='ltr'><strong>IV</strong></span> <span class='ocrx_word' id='word_1_129' title='bbox 874 700 934 742; x_wconf 88' lang='lat'><strong>61,</strong></span> <span class='ocrx_word' id='word_1_130' title='bbox 955 702 987 734; x_wconf 90' lang='lat'><strong>5.</strong></span> <span class='ocrx_word' id='word_1_131' title='bbox 1028 703 1166 735; x_wconf 89' lang='lat' dir='ltr'><strong>inimici</strong></span> <span class='ocrx_word' id='word_1_132' title='bbox 1189 704 1367 746; x_wconf 88' lang='lat' dir='ltr'><strong>inperium</strong></span> <span class='ocrx_word' id='word_1_133' title='bbox 1392 707 1429 735; x_wconf 86' lang='lat' dir='ltr'><strong>et</strong></span> <span class='ocrx_word' id='word_1_134' title='bbox 1447 704 1632 736; x_wconf 85' lang='lat' dir='ltr'><strong>cruciatus</strong></span> <span class='ocrx_word' id='word_1_135' title='bbox 1650 714 1726 737; x_wconf 89' lang='lat' dir='ltr'><strong>cor-</strong></span> 
     </span>
     <span class='ocr_line' id='line_1_11' title="bbox 216 745 1728 792; baseline 0.003 -16"><span class='ocrx_word' id='word_1_136' title='bbox 216 745 314 786; x_wconf 85' lang='lat' dir='ltr'><strong>poris</strong></span> <span class='ocrx_word' id='word_1_137' title='bbox 329 745 353 777; x_wconf 92' lang='lat' dir='ltr'><strong>J</strong></span> <span class='ocrx_word' id='word_1_138' title='bbox 369 745 424 786; x_wconf 90' lang='lat'><strong>24,</strong></span> <span class='ocrx_word' id='word_1_139' title='bbox 445 745 497 777; x_wconf 90' lang='lat'><strong>10.</strong></span> <span class='ocrx_word' id='word_1_140' title='bbox 538 746 681 788; x_wconf 87' lang='lat' dir='ltr'><strong>inperia</strong></span> <span class='ocrx_word' id='word_1_141' title='bbox 700 746 884 779; x_wconf 87' lang='lat' dir='ltr'><strong>consulum</strong></span> <span class='ocrx_word' id='word_1_142' title='bbox 910 750 946 779; x_wconf 85' lang='lat' dir='ltr'><strong>et</strong></span> <span class='ocrx_word' id='word_1_143' title='bbox 969 750 1111 790; x_wconf 90' lang='lat' dir='ltr'><strong>patrum</strong></span> <span class='ocrx_word' id='word_1_144' title='bbox 1136 749 1286 781; x_wconf 87' lang='lat' dir='ltr'><strong>decreta</strong></span> <span class='ocrx_word' id='word_1_145' title='bbox 1302 749 1338 780; x_wconf 91' lang='lat' dir='ltr'>H</span> <span class='ocrx_word' id='word_1_146' title='bbox 1355 749 1408 780; x_wconf 95' lang='lat' dir='ltr'><strong>III</strong></span> <span class='ocrx_word' id='word_1_147' title='bbox 1424 747 1484 790; x_wconf 89' lang='lat'><strong>61,</strong></span> <span class='ocrx_word' id='word_1_148' title='bbox 1507 749 1558 781; x_wconf 93' lang='grc'><strong>17.</strong></span> <span class='ocrx_word' id='word_1_149' title='bbox 1599 750 1728 792; x_wconf 85' lang='lat' dir='ltr'><strong>inpetu</strong></span> 
     </span>
     <span class='ocr_line' id='line_1_12' title="bbox 218 790 1725 836; baseline 0.004 -15"><span class='ocrx_word' id='word_1_150' title='bbox 218 790 344 822; x_wconf 91' lang='lat' dir='ltr'><strong>crebro</strong></span> <span class='ocrx_word' id='word_1_151' title='bbox 364 793 400 822; x_wconf 90' lang='lat' dir='ltr'><strong>et</strong></span> <span class='ocrx_word' id='word_1_152' title='bbox 417 791 634 823; x_wconf 78' lang='lat' dir='ltr'><strong>transvorsis</strong></span> <span class='ocrx_word' id='word_1_153' title='bbox 652 792 798 834; x_wconf 86' lang='lat' dir='ltr'><strong>proeliis</strong></span> <span class='ocrx_word' id='word_1_154' title='bbox 814 792 838 824; x_wconf 98' lang='lat' dir='ltr'><strong>J</strong></span> <span class='ocrx_word' id='word_1_155' title='bbox 854 791 909 833; x_wconf 92' lang='lat'><strong>50,</strong></span> <span class='ocrx_word' id='word_1_156' title='bbox 928 791 956 824; x_wconf 93' lang='lat' dir='ltr'><strong>l.</strong></span> <span class='ocrx_word' id='word_1_157' title='bbox 989 794 1231 835; x_wconf 86' lang='lat' dir='ltr'><strong>inpunitatem</strong></span> <span class='ocrx_word' id='word_1_158' title='bbox 1251 797 1286 826; x_wconf 86' lang='lat' dir='ltr'><strong>et</strong></span> <span class='ocrx_word' id='word_1_159' title='bbox 1303 794 1473 826; x_wconf 84' lang='lat' dir='ltr'><strong>sestertia</strong></span> <span class='ocrx_word' id='word_1_160' title='bbox 1492 793 1565 827; x_wconf 82' lang='lat' dir='ltr'><strong>CO.</strong></span> <span class='ocrx_word' id='word_1_161' title='bbox 1583 794 1610 826; x_wconf 85' lang='lat' dir='ltr'>C</span> <span class='ocrx_word' id='word_1_162' title='bbox 1629 793 1684 836; x_wconf 83' lang='lat'><strong>30,</strong></span> <span class='ocrx_word' id='word_1_163' title='bbox 1693 793 1725 827; x_wconf 85' lang='lat'><strong>6.</strong></span> 
     </span>
     <span class='ocr_line' id='line_1_13' title="bbox 219 835 1724 880; baseline 0.004 -14"><span class='ocrx_word' id='word_1_164' title='bbox 219 852 256 857; x_wconf 76' lang='lat'><em>-</em></span> <span class='ocrx_word' id='word_1_165' title='bbox 278 838 315 867; x_wconf 89' lang='lat' dir='ltr'><strong>et</strong></span> <span class='ocrx_word' id='word_1_166' title='bbox 332 840 398 872; x_wconf 82' lang='lat' dir='ltr'><strong>sua</strong></span> <span class='ocrx_word' id='word_1_167' title='bbox 417 836 537 868; x_wconf 88' lang='lat' dir='ltr'><strong>omnia</strong></span> <span class='ocrx_word' id='word_1_168' title='bbox 553 836 576 868; x_wconf 90' lang='lat' dir='ltr'>J</span> <span class='ocrx_word' id='word_1_169' title='bbox 593 835 654 876; x_wconf 89' lang='lat'><strong>61,</strong></span> <span class='ocrx_word' id='word_1_170' title='bbox 674 837 706 868; x_wconf 88' lang='grc'><strong>4.</strong></span> <span class='ocrx_word' id='word_1_171' title='bbox 747 837 803 869; x_wconf 85' lang='lat' dir='ltr'><strong>ira</strong></span> <span class='ocrx_word' id='word_1_172' title='bbox 828 840 865 869; x_wconf 91' lang='lat' dir='ltr'><strong>et</strong></span> <span class='ocrx_word' id='word_1_173' title='bbox 883 838 1075 880; x_wconf 84' lang='lat' dir='ltr'><strong>aegritudo</strong></span> <span class='ocrx_word' id='word_1_174' title='bbox 1088 838 1112 871; x_wconf 92' lang='lat' dir='ltr'>J</span> <span class='ocrx_word' id='word_1_175' title='bbox 1128 837 1183 879; x_wconf 90' lang='lat'><strong>68,</strong></span> <span class='ocrx_word' id='word_1_176' title='bbox 1204 838 1233 871; x_wconf 93' lang='lat'><strong>1.</strong></span> <span class='ocrx_word' id='word_1_177' title='bbox 1273 855 1318 862; x_wconf 81' lang='lat'><strong>·—</strong></span> <span class='ocrx_word' id='word_1_178' title='bbox 1334 842 1371 871; x_wconf 88' lang='lat' dir='ltr'><strong>et</strong></span> <span class='ocrx_word' id='word_1_179' title='bbox 1387 843 1485 871; x_wconf 90' lang='lat' dir='ltr'><strong>metu</strong></span> <span class='ocrx_word' id='word_1_180' title='bbox 1501 839 1526 871; x_wconf 91' lang='lat' dir='ltr'>J</span> <span class='ocrx_word' id='word_1_181' title='bbox 1544 839 1596 880; x_wconf 89' lang='lat'><strong>11,</strong></span> <span class='ocrx_word' id='word_1_182' title='bbox 1614 838 1647 872; x_wconf 91' lang='lat'><strong>8.</strong></span> <span class='ocrx_word' id='word_1_183' title='bbox 1681 856 1724 863; x_wconf 86' lang='lat'><strong>-—</strong></span> 
     </span>
     <span class='ocr_line' id='line_1_14' title="bbox 215 881 1727 927; baseline 0.003 -15"><span class='ocrx_word' id='word_1_184' title='bbox 215 881 253 912; x_wconf 88' lang='lat' dir='ltr'><strong>in</strong></span> <span class='ocrx_word' id='word_1_185' title='bbox 270 881 468 923; x_wconf 82' lang='lat' dir='ltr'><strong>Tigranem</strong></span> <span class='ocrx_word' id='word_1_186' title='bbox 486 884 522 913; x_wconf 86' lang='lat' dir='ltr'><strong>et</strong></span> <span class='ocrx_word' id='word_1_187' title='bbox 539 892 597 914; x_wconf 87' lang='lat' dir='ltr'><strong>res</strong></span> <span class='ocrx_word' id='word_1_188' title='bbox 615 892 719 914; x_wconf 89' lang='lat' dir='ltr'><strong>meae</strong></span> <span class='ocrx_word' id='word_1_189' title='bbox 736 882 772 914; x_wconf 92' lang='lat' dir='ltr'>H</span> <span class='ocrx_word' id='word_1_190' title='bbox 787 883 837 915; x_wconf 93' lang='lat' dir='ltr'><strong>IV</strong></span> <span class='ocrx_word' id='word_1_191' title='bbox 853 881 909 923; x_wconf 88' lang='grc'><strong>61,</strong></span> <span class='ocrx_word' id='word_1_192' title='bbox 928 882 973 915; x_wconf 85' lang='grc'><strong>3.’</strong></span> <span class='ocrx_word' id='word_1_193' title='bbox 1000 884 1079 915; x_wconf 91' lang='lat' dir='ltr'><strong>irae</strong></span> <span class='ocrx_word' id='word_1_194' title='bbox 1104 884 1342 917; x_wconf 86' lang='lat' dir='ltr'><strong>barbarorum</strong></span> <span class='ocrx_word' id='word_1_195' title='bbox 1368 887 1404 916; x_wconf 88' lang='lat' dir='ltr'><strong>et</strong></span> <span class='ocrx_word' id='word_1_196' title='bbox 1429 884 1555 917; x_wconf 84' lang='lat' dir='ltr'><strong>servili</strong></span> <span class='ocrx_word' id='word_1_197' title='bbox 1580 884 1727 927; x_wconf 85' lang='lat' dir='ltr'><strong>ingenio</strong></span> 
     </span>
     <span class='ocr_line' id='line_1_15' title="bbox 215 926 1725 970; baseline 0.003 -13"><span class='ocrx_word' id='word_1_198' title='bbox 215 926 250 957; x_wconf 91' lang='lat' dir='ltr'>H</span> <span class='ocrx_word' id='word_1_199' title='bbox 266 926 318 958; x_wconf 92' lang='grc' dir='ltr'><strong>ΙΙΙ</strong></span> <span class='ocrx_word' id='word_1_200' title='bbox 335 926 395 967; x_wconf 82' lang='grc'><strong>67,</strong></span> <span class='ocrx_word' id='word_1_201' title='bbox 418 926 469 958; x_wconf 93' lang='lat'><strong>17.</strong></span> <span class='ocrx_word' id='word_1_202' title='bbox 511 927 644 959; x_wconf 85' lang='lat' dir='ltr'><strong>Italiae</strong></span> <span class='ocrx_word' id='word_1_203' title='bbox 671 931 708 959; x_wconf 86' lang='lat' dir='ltr'><strong>et</strong></span> <span class='ocrx_word' id='word_1_204' title='bbox 729 928 997 970; x_wconf 87' lang='lat' dir='ltr'><strong>provinciarum</strong></span> <span class='ocrx_word' id='word_1_205' title='bbox 1020 929 1055 960; x_wconf 90' lang='lat' dir='ltr'>H</span> <span class='ocrx_word' id='word_1_206' title='bbox 1071 929 1108 961; x_wconf 94' lang='lat' dir='ltr'><strong>II</strong></span> <span class='ocrx_word' id='word_1_207' title='bbox 1122 928 1164 960; x_wconf 95' lang='lat'><strong>41</strong></span> <span class='ocrx_word' id='word_1_208' title='bbox 1177 954 1185 970; x_wconf 95' lang='lat'><strong>,</strong></span> <span class='ocrx_word' id='word_1_209' title='bbox 1206 930 1237 962; x_wconf 89' lang='grc'><strong>7.</strong></span> <span class='ocrx_word' id='word_1_210' title='bbox 1277 930 1358 960; x_wconf 90' lang='lat' dir='ltr'><strong>iura</strong></span> <span class='ocrx_word' id='word_1_211' title='bbox 1376 931 1413 962; x_wconf 87' lang='lat' dir='ltr'><strong>et</strong></span> <span class='ocrx_word' id='word_1_212' title='bbox 1429 929 1568 962; x_wconf 81' lang='lat' dir='ltr'><strong>iudicia</strong></span> <span class='ocrx_word' id='word_1_213' title='bbox 1584 930 1620 962; x_wconf 88' lang='lat' dir='ltr'>H</span> <span class='ocrx_word' id='word_1_214' title='bbox 1635 930 1654 962; x_wconf 94' lang='lat' dir='ltr'>I</span> <span class='ocrx_word' id='word_1_215' title='bbox 1668 929 1725 970; x_wconf 88' lang='lat'>41,</span> 
     </span>
     <span class='ocr_line' id='line_1_16' title="bbox 215 970 1728 1015; baseline 0.003 -13"><span class='ocrx_word' id='word_1_216' title='bbox 215 970 269 1003; x_wconf 87' lang='lat'><strong>23.</strong></span> <span class='ocrx_word' id='word_1_217' title='bbox 310 971 365 1003; x_wconf 90' lang='lat' dir='ltr'><strong>ius</strong></span> <span class='ocrx_word' id='word_1_218' title='bbox 385 975 421 1004; x_wconf 91' lang='lat' dir='ltr'><strong>et</strong></span> <span class='ocrx_word' id='word_1_219' title='bbox 438 972 614 1014; x_wconf 86' lang='lat' dir='ltr'><strong>inperium</strong></span> <span class='ocrx_word' id='word_1_220' title='bbox 633 973 710 1005; x_wconf 89' lang='lat' dir='ltr'><strong>eius</strong></span> <span class='ocrx_word' id='word_1_221' title='bbox 726 973 749 1005; x_wconf 92' lang='lat' dir='ltr'>J</span> <span class='ocrx_word' id='word_1_222' title='bbox 769 973 819 1013; x_wconf 89' lang='grc'><strong>14,</strong></span> <span class='ocrx_word' id='word_1_223' title='bbox 842 972 870 1005; x_wconf 92' lang='lat'><strong>1.</strong></span> <span class='ocrx_word' id='word_1_224' title='bbox 911 973 966 1005; x_wconf 91' lang='lat' dir='ltr'><strong>ius</strong></span> <span class='ocrx_word' id='word_1_225' title='bbox 985 976 1021 1006; x_wconf 90' lang='lat' dir='ltr'><strong>et</strong></span> <span class='ocrx_word' id='word_1_226' title='bbox 1037 974 1193 1006; x_wconf 87' lang='lat' dir='ltr'><strong>iniuriae</strong></span> <span class='ocrx_word' id='word_1_227' title='bbox 1210 975 1234 1007; x_wconf 89' lang='lat' dir='ltr'>J</span> <span class='ocrx_word' id='word_1_228' title='bbox 1253 974 1304 1015; x_wconf 92' lang='lat'><strong>14,</strong></span> <span class='ocrx_word' id='word_1_229' title='bbox 1326 973 1377 1006; x_wconf 85' lang='lat'><strong>16.</strong></span> <span class='ocrx_word' id='word_1_230' title='bbox 1402 973 1456 1015; x_wconf 86' lang='lat'><strong>33,</strong></span> <span class='ocrx_word' id='word_1_231' title='bbox 1475 974 1507 1007; x_wconf 84' lang='lat'><strong>2.</strong></span> <span class='ocrx_word' id='word_1_232' title='bbox 1546 974 1671 1007; x_wconf 84' lang='lat' dir='ltr'><strong>labore</strong></span> <span class='ocrx_word' id='word_1_233' title='bbox 1692 977 1728 1006; x_wconf 83' lang='lat' dir='ltr'><strong>et</strong></span> 
     </span>
     <span class='ocr_line' id='line_1_17' title="bbox 217 1017 1724 1062; baseline 0.003 -14"><span class='ocrx_word' id='word_1_234' title='bbox 217 1019 322 1048; x_wconf 82' lang='lat' dir='ltr'><strong>aestu</strong></span> <span class='ocrx_word' id='word_1_235' title='bbox 344 1017 368 1049; x_wconf 93' lang='lat' dir='ltr'>J</span> <span class='ocrx_word' id='word_1_236' title='bbox 390 1017 451 1057; x_wconf 91' lang='lat'><strong>51,</strong></span> <span class='ocrx_word' id='word_1_237' title='bbox 470 1017 501 1049; x_wconf 93' lang='lat'><strong>3.</strong></span> <span class='ocrx_word' id='word_1_238' title='bbox 543 1018 689 1050; x_wconf 87' lang='lat' dir='ltr'><strong>labores</strong></span> <span class='ocrx_word' id='word_1_239' title='bbox 715 1021 751 1050; x_wconf 91' lang='lat' dir='ltr'><strong>et</strong></span> <span class='ocrx_word' id='word_1_240' title='bbox 772 1018 947 1051; x_wconf 88' lang='lat' dir='ltr'><strong>victorias</strong></span> <span class='ocrx_word' id='word_1_241' title='bbox 970 1019 995 1051; x_wconf 94' lang='lat' dir='ltr'>J</span> <span class='ocrx_word' id='word_1_242' title='bbox 1016 1018 1078 1060; x_wconf 89' lang='lat'><strong>49,</strong></span> <span class='ocrx_word' id='word_1_243' title='bbox 1097 1018 1128 1052; x_wconf 87' lang='grc'><strong>3.</strong></span> <span class='ocrx_word' id='word_1_244' title='bbox 1170 1037 1211 1043; x_wconf 80' lang='lat'>—</span> <span class='ocrx_word' id='word_1_245' title='bbox 1237 1022 1273 1051; x_wconf 89' lang='lat' dir='ltr'><strong>et</strong></span> <span class='ocrx_word' id='word_1_246' title='bbox 1296 1019 1461 1062; x_wconf 82' lang='lat' dir='ltr'><strong>pericula</strong></span> <span class='ocrx_word' id='word_1_247' title='bbox 1483 1020 1508 1052; x_wconf 92' lang='lat' dir='ltr'>J</span> <span class='ocrx_word' id='word_1_248' title='bbox 1529 1019 1591 1060; x_wconf 89' lang='grc'><strong>85,</strong></span> <span class='ocrx_word' id='word_1_249' title='bbox 1617 1020 1649 1052; x_wconf 90' lang='grc'><strong>7.</strong></span> <span class='ocrx_word' id='word_1_250' title='bbox 1669 1019 1724 1053; x_wconf 89' lang='lat'><strong>30.</strong></span> 
     </span>
     <span class='ocr_line' id='line_1_18' title="bbox 215 1061 1729 1108; baseline 0.003 -15"><span class='ocrx_word' id='word_1_251' title='bbox 215 1061 313 1094; x_wconf 87' lang='lat' dir='ltr'><strong>lacte</strong></span> <span class='ocrx_word' id='word_1_252' title='bbox 339 1065 375 1094; x_wconf 90' lang='lat' dir='ltr'><strong>et</strong></span> <span class='ocrx_word' id='word_1_253' title='bbox 399 1062 519 1094; x_wconf 84' lang='lat' dir='ltr'><strong>ferina</strong></span> <span class='ocrx_word' id='word_1_254' title='bbox 544 1074 654 1096; x_wconf 86' lang='lat' dir='ltr'><strong>carne</strong></span> <span class='ocrx_word' id='word_1_255' title='bbox 678 1064 701 1096; x_wconf 93' lang='lat' dir='ltr'>J</span> <span class='ocrx_word' id='word_1_256' title='bbox 725 1062 787 1104; x_wconf 87' lang='lat'><strong>89,</strong></span> <span class='ocrx_word' id='word_1_257' title='bbox 807 1063 838 1095; x_wconf 89' lang='lat'><strong>7.</strong></span> <span class='ocrx_word' id='word_1_258' title='bbox 879 1063 1134 1097; x_wconf 84' lang='lat' dir='ltr'><strong>lassitudinem</strong></span> <span class='ocrx_word' id='word_1_259' title='bbox 1159 1067 1195 1097; x_wconf 90' lang='lat' dir='ltr'><strong>et</strong></span> <span class='ocrx_word' id='word_1_260' title='bbox 1217 1065 1314 1097; x_wconf 90' lang='lat' dir='ltr'><strong>sitim</strong></span> <span class='ocrx_word' id='word_1_261' title='bbox 1337 1065 1361 1097; x_wconf 89' lang='lat' dir='ltr'>J</span> <span class='ocrx_word' id='word_1_262' title='bbox 1383 1064 1438 1104; x_wconf 89' lang='lat'><strong>50,</strong></span> <span class='ocrx_word' id='word_1_263' title='bbox 1460 1064 1489 1097; x_wconf 92' lang='lat' dir='ltr'><strong>l.</strong></span> <span class='ocrx_word' id='word_1_264' title='bbox 1529 1065 1672 1108; x_wconf 78' lang='lat' dir='ltr'><strong>legatos</strong></span> <span class='ocrx_word' id='word_1_265' title='bbox 1691 1067 1729 1097; x_wconf 87' lang='lat' dir='ltr'><strong>et</strong></span> 
     </span>
     <span class='ocr_line' id='line_1_19' title="bbox 216 1107 1725 1152; baseline 0.002 -13"><span class='ocrx_word' id='word_1_266' title='bbox 216 1107 365 1140; x_wconf 82' lang='lat' dir='ltr'><strong>decreta</strong></span> <span class='ocrx_word' id='word_1_267' title='bbox 382 1109 523 1150; x_wconf 83' lang='lat' dir='ltr'><strong>paratis</strong></span> <span class='ocrx_word' id='word_1_268' title='bbox 539 1109 575 1140; x_wconf 89' lang='lat' dir='ltr'>H</span> <span class='ocrx_word' id='word_1_269' title='bbox 590 1109 607 1140; x_wconf 92' lang='grc' dir='ltr'>Ι</span> <span class='ocrx_word' id='word_1_270' title='bbox 623 1108 678 1149; x_wconf 87' lang='lat'><strong>48,</strong></span> <span class='ocrx_word' id='word_1_271' title='bbox 700 1108 752 1140; x_wconf 93' lang='lat'><strong>17.</strong></span> <span class='ocrx_word' id='word_1_272' title='bbox 784 1109 966 1151; x_wconf 82' lang='lat' dir='ltr'><strong>legionem</strong></span> <span class='ocrx_word' id='word_1_273' title='bbox 983 1127 1026 1132; x_wconf 91' lang='lat'><strong>—</strong></span> <span class='ocrx_word' id='word_1_274' title='bbox 1044 1113 1080 1142; x_wconf 90' lang='lat' dir='ltr'><strong>et</strong></span> <span class='ocrx_word' id='word_1_275' title='bbox 1096 1127 1139 1132; x_wconf 87' lang='lat'>—</span> <span class='ocrx_word' id='word_1_276' title='bbox 1154 1110 1328 1143; x_wconf 85' lang='lat' dir='ltr'><strong>Numidas</strong></span> <span class='ocrx_word' id='word_1_277' title='bbox 1347 1110 1487 1152; x_wconf 82' lang='lat' dir='ltr'><strong>equites</strong></span> <span class='ocrx_word' id='word_1_278' title='bbox 1502 1111 1526 1142; x_wconf 90' lang='lat' dir='ltr'>J</span> <span class='ocrx_word' id='word_1_279' title='bbox 1542 1109 1596 1151; x_wconf 89' lang='lat'><strong>68,</strong></span> <span class='ocrx_word' id='word_1_280' title='bbox 1616 1109 1648 1142; x_wconf 85' lang='lat'><strong>2.</strong></span> <span class='ocrx_word' id='word_1_281' title='bbox 1683 1109 1725 1142; x_wconf 87' lang='lat' dir='ltr'><strong>li·-</strong></span> 
     </span>
     <span class='ocr_line' id='line_1_20' title="bbox 215 1153 1727 1197; baseline 0.003 -13"><span class='ocrx_word' id='word_1_282' title='bbox 215 1153 340 1185; x_wconf 84' lang='lat' dir='ltr'><strong>bertas</strong></span> <span class='ocrx_word' id='word_1_283' title='bbox 360 1156 395 1185; x_wconf 89' lang='lat' dir='ltr'><strong>et</strong></span> <span class='ocrx_word' id='word_1_284' title='bbox 414 1154 535 1186; x_wconf 90' lang='lat' dir='ltr'><strong>anima</strong></span> <span class='ocrx_word' id='word_1_285' title='bbox 551 1157 676 1186; x_wconf 87' lang='lat' dir='ltr'><strong>nostra</strong></span> <span class='ocrx_word' id='word_1_286' title='bbox 695 1154 721 1186; x_wconf 84' lang='lat' dir='ltr'>C</span> <span class='ocrx_word' id='word_1_287' title='bbox 740 1154 795 1195; x_wconf 89' lang='lat'><strong>52,</strong></span> <span class='ocrx_word' id='word_1_288' title='bbox 813 1153 846 1186; x_wconf 90' lang='grc'><strong>6.</strong></span> <span class='ocrx_word' id='word_1_289' title='bbox 889 1173 928 1177; x_wconf 93' lang='grc'><strong>-</strong></span> <span class='ocrx_word' id='word_1_290' title='bbox 958 1158 994 1187; x_wconf 90' lang='lat' dir='ltr'><strong>et</strong></span> <span class='ocrx_word' id='word_1_291' title='bbox 1011 1166 1098 1187; x_wconf 83' lang='lat' dir='ltr'><strong>suae</strong></span> <span class='ocrx_word' id='word_1_292' title='bbox 1117 1155 1246 1197; x_wconf 87' lang='lat' dir='ltr'><strong>cuique</strong></span> <span class='ocrx_word' id='word_1_293' title='bbox 1264 1155 1369 1188; x_wconf 87' lang='lat' dir='ltr'><strong>sedes</strong></span> <span class='ocrx_word' id='word_1_294' title='bbox 1386 1156 1421 1187; x_wconf 94' lang='lat' dir='ltr'>H</span> <span class='ocrx_word' id='word_1_295' title='bbox 1438 1156 1455 1187; x_wconf 98' lang='grc' dir='ltr'>Ι</span> <span class='ocrx_word' id='word_1_296' title='bbox 1470 1155 1524 1196; x_wconf 92' lang='lat'><strong>41,</strong></span> <span class='ocrx_word' id='word_1_297' title='bbox 1544 1156 1576 1188; x_wconf 90' lang='lat'><strong>4.</strong></span> <span class='ocrx_word' id='word_1_298' title='bbox 1610 1173 1652 1178; x_wconf 89' lang='lat'>—</span> <span class='ocrx_word' id='word_1_299' title='bbox 1668 1158 1727 1188; x_wconf 78' lang='lat' dir='ltr'><strong>ta·-</strong></span> 
     </span>
     <span class='ocr_line' id='line_1_21' title="bbox 215 1198 1727 1243; baseline 0.002 -13"><span class='ocrx_word' id='word_1_300' title='bbox 215 1201 288 1230; x_wconf 80' lang='lat' dir='ltr'><strong>tem</strong></span> <span class='ocrx_word' id='word_1_301' title='bbox 307 1201 343 1230; x_wconf 91' lang='lat' dir='ltr'><strong>et</strong></span> <span class='ocrx_word' id='word_1_302' title='bbox 360 1199 532 1231; x_wconf 87' lang='lat' dir='ltr'><strong>sestertia</strong></span> <span class='ocrx_word' id='word_1_303' title='bbox 550 1199 588 1231; x_wconf 82' lang='lat' dir='ltr'><strong>O.</strong></span> <span class='ocrx_word' id='word_1_304' title='bbox 608 1199 635 1231; x_wconf 82' lang='lat' dir='ltr'>C</span> <span class='ocrx_word' id='word_1_305' title='bbox 654 1199 708 1240; x_wconf 92' lang='lat'><strong>30,</strong></span> <span class='ocrx_word' id='word_1_306' title='bbox 728 1198 760 1231; x_wconf 88' lang='lat'><strong>6.</strong></span> <span class='ocrx_word' id='word_1_307' title='bbox 802 1199 925 1231; x_wconf 84' lang='lat' dir='ltr'><strong>liberti</strong></span> <span class='ocrx_word' id='word_1_308' title='bbox 945 1204 980 1232; x_wconf 90' lang='lat' dir='ltr'><strong>et</strong></span> <span class='ocrx_word' id='word_1_309' title='bbox 998 1200 1107 1243; x_wconf 89' lang='lat' dir='ltr'><strong>pauci</strong></span> <span class='ocrx_word' id='word_1_310' title='bbox 1126 1211 1169 1233; x_wconf 83' lang='lat' dir='ltr'><strong>ex</strong></span> <span class='ocrx_word' id='word_1_311' title='bbox 1186 1200 1380 1233; x_wconf 87' lang='lat' dir='ltr'><strong>clientibus</strong></span> <span class='ocrx_word' id='word_1_312' title='bbox 1399 1199 1426 1232; x_wconf 84' lang='lat' dir='ltr'>C</span> <span class='ocrx_word' id='word_1_313' title='bbox 1445 1200 1498 1241; x_wconf 90' lang='lat'><strong>50,</strong></span> <span class='ocrx_word' id='word_1_314' title='bbox 1521 1200 1549 1233; x_wconf 88' lang='lat'><strong>1.</strong></span> <span class='ocrx_word' id='word_1_315' title='bbox 1589 1200 1672 1233; x_wconf 82' lang='lat' dir='ltr'><strong>loca</strong></span> <span class='ocrx_word' id='word_1_316' title='bbox 1688 1200 1727 1233; x_wconf 82' lang='lat' dir='ltr'><strong>&#39;et</strong></span> 
     </span>
     <span class='ocr_line' id='line_1_22' title="bbox 214 1244 1743 1288; baseline 0.002 -13"><span class='ocrx_word' id='word_1_317' title='bbox 214 1244 384 1276; x_wconf 86' lang='lat' dir='ltr'><strong>nationes</strong></span> <span class='ocrx_word' id='word_1_318' title='bbox 400 1244 423 1276; x_wconf 90' lang='lat' dir='ltr'>J</span> <span class='ocrx_word' id='word_1_319' title='bbox 444 1244 493 1285; x_wconf 89' lang='grc'><strong>17,</strong></span> <span class='ocrx_word' id='word_1_320' title='bbox 513 1244 545 1276; x_wconf 89' lang='grc'><strong>2.</strong></span> <span class='ocrx_word' id='word_1_321' title='bbox 586 1244 747 1277; x_wconf 89' lang='lat' dir='ltr'><strong>locorum</strong></span> <span class='ocrx_word' id='word_1_322' title='bbox 766 1248 802 1277; x_wconf 88' lang='lat' dir='ltr'><strong>et</strong></span> <span class='ocrx_word' id='word_1_323' title='bbox 825 1244 977 1277; x_wconf 88' lang='lat' dir='ltr'><strong>militiae</strong></span> <span class='ocrx_word' id='word_1_324' title='bbox 997 1246 1128 1288; x_wconf 86' lang='lat' dir='ltr'><strong>peritia</strong></span> <span class='ocrx_word' id='word_1_325' title='bbox 1145 1246 1169 1277; x_wconf 93' lang='lat' dir='ltr'>J</span> <span class='ocrx_word' id='word_1_326' title='bbox 1191 1245 1247 1287; x_wconf 89' lang='lat'><strong>46,</strong></span> <span class='ocrx_word' id='word_1_327' title='bbox 1264 1244 1296 1278; x_wconf 87' lang='lat'><strong>8.</strong></span> <span class='ocrx_word' id='word_1_328' title='bbox 1336 1245 1511 1278; x_wconf 84' lang='lat' dir='ltr'><strong>lubidinis</strong></span> <span class='ocrx_word' id='word_1_329' title='bbox 1529 1249 1565 1278; x_wconf 88' lang='lat' dir='ltr'><strong>et</strong></span> <span class='ocrx_word' id='word_1_330' title='bbox 1581 1246 1743 1279; x_wconf 57' lang='lat' dir='ltr'><strong>divitia:</strong></span> 
     </span>
    </p>
   </div>
   <div class='ocr_carea' id='block_1_3' title="bbox 137 1289 1726 1333">
    <p class='ocr_par' dir='ltr' id='par_1_3' title="bbox 137 1289 1726 1333">
     <span class='ocr_line' id='line_1_23' title="bbox 137 1289 1726 1333; baseline 0.003 -13"><span class='ocrx_word' id='word_1_331' title='bbox 137 1291 143 1298; x_wconf 90' lang='lat'>&#39;</span> <span class='ocrx_word' id='word_1_332' title='bbox 182 1329 185 1333; x_wconf 33' lang='grc' dir='ltr'><strong><em>Ι</em></strong></span> <span class='ocrx_word' id='word_1_333' title='bbox 214 1299 292 1320; x_wconf 89' lang='lat' dir='ltr'><strong>rum</strong></span> <span class='ocrx_word' id='word_1_334' title='bbox 315 1289 338 1321; x_wconf 90' lang='lat' dir='ltr'>J</span> <span class='ocrx_word' id='word_1_335' title='bbox 361 1289 422 1330; x_wconf 84' lang='lat'><strong>63,</strong></span> <span class='ocrx_word' id='word_1_336' title='bbox 440 1290 471 1321; x_wconf 93' lang='lat'><strong>2.</strong></span> <span class='ocrx_word' id='word_1_337' title='bbox 514 1289 635 1322; x_wconf 90' lang='lat' dir='ltr'><strong>ludum</strong></span> <span class='ocrx_word' id='word_1_338' title='bbox 659 1293 695 1322; x_wconf 86' lang='lat' dir='ltr'><strong>et</strong></span> <span class='ocrx_word' id='word_1_339' title='bbox 719 1290 910 1322; x_wconf 86' lang='lat' dir='ltr'><strong>lasciviam</strong></span> <span class='ocrx_word' id='word_1_340' title='bbox 931 1291 956 1323; x_wconf 90' lang='lat' dir='ltr'>J</span> <span class='ocrx_word' id='word_1_341' title='bbox 979 1289 1037 1331; x_wconf 90' lang='lat'><strong>66,</strong></span> <span class='ocrx_word' id='word_1_342' title='bbox 1059 1291 1091 1323; x_wconf 90' lang='lat'><strong>2.</strong></span> <span class='ocrx_word' id='word_1_343' title='bbox 1139 1290 1283 1323; x_wconf 80' lang='lat' dir='ltr'><strong>luxuria</strong></span> <span class='ocrx_word' id='word_1_344' title='bbox 1307 1297 1343 1323; x_wconf 87' lang='lat' dir='ltr'><strong>et</strong></span> <span class='ocrx_word' id='word_1_345' title='bbox 1365 1291 1518 1333; x_wconf 84' lang='lat' dir='ltr'><strong>ignavia</strong></span> <span class='ocrx_word' id='word_1_346' title='bbox 1539 1291 1563 1323; x_wconf 94' lang='lat' dir='ltr'>J</span> <span class='ocrx_word' id='word_1_347' title='bbox 1589 1290 1651 1331; x_wconf 89' lang='lat'><strong>85,</strong></span> <span class='ocrx_word' id='word_1_348' title='bbox 1669 1290 1726 1324; x_wconf 88' lang='lat'><strong>43.</strong></span> 
     </span>
    </p>
   </div>
   <div class='ocr_carea' id='block_1_4' title="bbox 210 1334 1727 2285">
    <p class='ocr_par' dir='ltr' id='par_1_4' title="bbox 210 1334 1727 2285">
     <span class='ocr_line' id='line_1_24' title="bbox 214 1334 1726 1377; baseline 0.002 -11"><span class='ocrx_word' id='word_1_349' title='bbox 214 1334 466 1367; x_wconf 86' lang='lat' dir='ltr'><strong>malivolentia</strong></span> <span class='ocrx_word' id='word_1_350' title='bbox 484 1340 520 1367; x_wconf 85' lang='lat' dir='ltr'><strong>et</strong></span> <span class='ocrx_word' id='word_1_351' title='bbox 536 1335 676 1368; x_wconf 88' lang='lat' dir='ltr'><strong>invidia</strong></span> <span class='ocrx_word' id='word_1_352' title='bbox 694 1335 721 1367; x_wconf 83' lang='lat' dir='ltr'>C</span> <span class='ocrx_word' id='word_1_353' title='bbox 739 1335 777 1376; x_wconf 89' lang='lat'><strong>3,</strong></span> <span class='ocrx_word' id='word_1_354' title='bbox 797 1336 829 1367; x_wconf 91' lang='lat'><strong>2.</strong></span> <span class='ocrx_word' id='word_1_355' title='bbox 869 1337 1106 1368; x_wconf 89' lang='lat' dir='ltr'><strong>mansuetudo</strong></span> <span class='ocrx_word' id='word_1_356' title='bbox 1132 1339 1168 1368; x_wconf 87' lang='lat' dir='ltr'><strong>et</strong></span> <span class='ocrx_word' id='word_1_357' title='bbox 1192 1336 1444 1369; x_wconf 89' lang='lat' dir='ltr'><strong>misericordia</strong></span> <span class='ocrx_word' id='word_1_358' title='bbox 1468 1336 1495 1368; x_wconf 84' lang='lat' dir='ltr'>C</span> <span class='ocrx_word' id='word_1_359' title='bbox 1519 1336 1578 1377; x_wconf 89' lang='lat'><strong>52,</strong></span> <span class='ocrx_word' id='word_1_360' title='bbox 1600 1335 1653 1368; x_wconf 94' lang='grc'><strong>11.</strong></span> <span class='ocrx_word' id='word_1_361' title='bbox 1670 1335 1726 1369; x_wconf 84' lang='grc'><strong>27.</strong></span> 
     </span>
     <span class='ocr_line' id='line_1_25' title="bbox 213 1380 1727 1424; baseline 0.002 -13"><span class='ocrx_word' id='word_1_362' title='bbox 213 1380 274 1420; x_wconf 87' lang='grc'><strong>54,</strong></span> <span class='ocrx_word' id='word_1_363' title='bbox 293 1381 324 1412; x_wconf 89' lang='grc'><strong>2.</strong></span> <span class='ocrx_word' id='word_1_364' title='bbox 367 1381 477 1412; x_wconf 87' lang='lat' dir='ltr'><strong>maris</strong></span> <span class='ocrx_word' id='word_1_365' title='bbox 501 1381 617 1412; x_wconf 88' lang='lat' dir='ltr'><strong>nostri</strong></span> <span class='ocrx_word' id='word_1_366' title='bbox 642 1384 678 1413; x_wconf 91' lang='lat' dir='ltr'><strong>et</strong></span> <span class='ocrx_word' id='word_1_367' title='bbox 702 1380 843 1413; x_wconf 87' lang='lat' dir='ltr'><strong>Oceani</strong></span> <span class='ocrx_word' id='word_1_368' title='bbox 867 1381 998 1413; x_wconf 86' lang='lat' dir='ltr'><strong>fretum</strong></span> <span class='ocrx_word' id='word_1_369' title='bbox 1021 1382 1043 1413; x_wconf 92' lang='lat' dir='ltr'>J</span> <span class='ocrx_word' id='word_1_370' title='bbox 1071 1381 1128 1420; x_wconf 91' lang='lat'><strong>17,</strong></span> <span class='ocrx_word' id='word_1_371' title='bbox 1146 1382 1177 1414; x_wconf 89' lang='lat'><strong>4.</strong></span> <span class='ocrx_word' id='word_1_372' title='bbox 1219 1392 1319 1414; x_wconf 87' lang='lat' dir='ltr'><strong>mare</strong></span> <span class='ocrx_word' id='word_1_373' title='bbox 1342 1391 1512 1424; x_wconf 85' lang='lat' dir='ltr'><strong>magnum</strong></span> <span class='ocrx_word' id='word_1_374' title='bbox 1536 1381 1727 1424; x_wconf 82' lang='lat' dir='ltr'><strong>etignara</strong></span> 
     </span>
     <span class='ocr_line' id='line_1_26' title="bbox 214 1424 1726 1469; baseline 0.001 -12"><span class='ocrx_word' id='word_1_375' title='bbox 214 1425 340 1468; x_wconf 88' lang='lat' dir='ltr'><strong>lingua</strong></span> <span class='ocrx_word' id='word_1_376' title='bbox 357 1425 601 1468; x_wconf 87' lang='lat' dir='ltr'><strong>prohibebant</strong></span> <span class='ocrx_word' id='word_1_377' title='bbox 616 1426 639 1458; x_wconf 98' lang='lat' dir='ltr'><strong>J</strong></span> <span class='ocrx_word' id='word_1_378' title='bbox 660 1425 716 1466; x_wconf 89' lang='lat'><strong>18,</strong></span> <span class='ocrx_word' id='word_1_379' title='bbox 736 1424 768 1458; x_wconf 91' lang='lat'><strong>6.</strong></span> <span class='ocrx_word' id='word_1_380' title='bbox 810 1429 927 1459; x_wconf 86' lang='lat' dir='ltr'><strong>metus</strong></span> <span class='ocrx_word' id='word_1_381' title='bbox 952 1437 973 1459; x_wconf 90' lang='lat' dir='ltr'><strong>a</strong></span> <span class='ocrx_word' id='word_1_382' title='bbox 991 1427 1189 1469; x_wconf 90' lang='lat' dir='ltr'><strong>Tarquinio</strong></span> <span class='ocrx_word' id='word_1_383' title='bbox 1208 1430 1243 1459; x_wconf 87' lang='lat' dir='ltr'><strong>et</strong></span> <span class='ocrx_word' id='word_1_384' title='bbox 1259 1426 1394 1459; x_wconf 89' lang='lat' dir='ltr'><strong>bellum</strong></span> <span class='ocrx_word' id='word_1_385' title='bbox 1413 1437 1493 1459; x_wconf 90' lang='lat' dir='ltr'><strong>cum</strong></span> <span class='ocrx_word' id='word_1_386' title='bbox 1510 1426 1674 1459; x_wconf 84' lang='lat' dir='ltr'><strong>Etruscis</strong></span> <span class='ocrx_word' id='word_1_387' title='bbox 1690 1427 1726 1459; x_wconf 91' lang='lat' dir='ltr'>H</span> 
     </span>
     <span class='ocr_line' id='line_1_27' title="bbox 213 1469 1726 1514; baseline 0.001 -12"><span class='ocrx_word' id='word_1_388' title='bbox 213 1471 230 1502; x_wconf 92' lang='lat'><strong>1</strong></span> <span class='ocrx_word' id='word_1_389' title='bbox 246 1469 278 1502; x_wconf 92' lang='lat'><strong>9.</strong></span> <span class='ocrx_word' id='word_1_390' title='bbox 320 1471 454 1503; x_wconf 86' lang='lat' dir='ltr'><strong>milites</strong></span> <span class='ocrx_word' id='word_1_391' title='bbox 480 1473 516 1502; x_wconf 86' lang='lat' dir='ltr'><strong>et</strong></span> <span class='ocrx_word' id='word_1_392' title='bbox 539 1472 791 1514; x_wconf 86' lang='lat' dir='ltr'><strong>negotiatores</strong></span> <span class='ocrx_word' id='word_1_393' title='bbox 809 1472 965 1514; x_wconf 90' lang='lat' dir='ltr'><strong>(equites</strong></span> <span class='ocrx_word' id='word_1_394' title='bbox 983 1471 1101 1514; x_wconf 86' lang='lat' dir='ltr'><strong>Rom.)</strong></span> <span class='ocrx_word' id='word_1_395' title='bbox 1124 1472 1148 1504; x_wconf 91' lang='lat' dir='ltr'>J</span> <span class='ocrx_word' id='word_1_396' title='bbox 1163 1471 1222 1512; x_wconf 88' lang='lat'><strong>65,</strong></span> <span class='ocrx_word' id='word_1_397' title='bbox 1243 1473 1276 1504; x_wconf 88' lang='lat'><strong>4.</strong></span> <span class='ocrx_word' id='word_1_398' title='bbox 1309 1472 1462 1504; x_wconf 91' lang='lat' dir='ltr'><strong>militum</strong></span> <span class='ocrx_word' id='word_1_399' title='bbox 1487 1475 1523 1504; x_wconf 88' lang='lat' dir='ltr'><strong>et</strong></span> <span class='ocrx_word' id='word_1_400' title='bbox 1547 1482 1726 1505; x_wconf 88' lang='lat' dir='ltr'><strong>armorum</strong></span> 
     </span>
     <span class='ocr_line' id='line_1_28' title="bbox 213 1516 1726 1558; baseline 0.001 -10"><span class='ocrx_word' id='word_1_401' title='bbox 213 1516 248 1548; x_wconf 87' lang='lat' dir='ltr'><strong>H</strong></span> <span class='ocrx_word' id='word_1_402' title='bbox 271 1516 289 1548; x_wconf 94' lang='lat' dir='ltr'>I</span> <span class='ocrx_word' id='word_1_403' title='bbox 313 1516 366 1549; x_wconf 90' lang='lat'><strong>55.</strong></span> <span class='ocrx_word' id='word_1_404' title='bbox 407 1516 561 1558; x_wconf 90' lang='lat' dir='ltr'><strong>optumis</strong></span> <span class='ocrx_word' id='word_1_405' title='bbox 584 1517 743 1549; x_wconf 88' lang='lat' dir='ltr'><strong>moribus</strong></span> <span class='ocrx_word' id='word_1_406' title='bbox 767 1519 803 1548; x_wconf 89' lang='lat' dir='ltr'><strong>et</strong></span> <span class='ocrx_word' id='word_1_407' title='bbox 824 1527 994 1550; x_wconf 87' lang='lat' dir='ltr'><strong>maxuma</strong></span> <span class='ocrx_word' id='word_1_408' title='bbox 1018 1518 1213 1550; x_wconf 88' lang='lat' dir='ltr'><strong>concordia</strong></span> <span class='ocrx_word' id='word_1_409' title='bbox 1235 1518 1271 1549; x_wconf 92' lang='lat' dir='ltr'>H</span> <span class='ocrx_word' id='word_1_410' title='bbox 1293 1518 1310 1550; x_wconf 97' lang='lat' dir='ltr'>I</span> <span class='ocrx_word' id='word_1_411' title='bbox 1334 1516 1366 1549; x_wconf 91' lang='lat'><strong>8.</strong></span> <span class='ocrx_word' id='word_1_412' title='bbox 1408 1516 1538 1550; x_wconf 87' lang='lat' dir='ltr'><strong>multos</strong></span> <span class='ocrx_word' id='word_1_413' title='bbox 1562 1517 1726 1550; x_wconf 83' lang='lat' dir='ltr'><strong>mortalis</strong></span> 
     </span>
     <span class='ocr_line' id='line_1_29' title="bbox 214 1561 1724 1605; baseline 0 -11"><span class='ocrx_word' id='word_1_414' title='bbox 214 1564 251 1594; x_wconf 89' lang='lat' dir='ltr'><strong>et</strong></span> <span class='ocrx_word' id='word_1_415' title='bbox 268 1561 524 1604; x_wconf 78' lang='lat' dir='ltr'><strong>urbisaliquot</strong></span> <span class='ocrx_word' id='word_1_416' title='bbox 541 1562 640 1604; x_wconf 90' lang='lat' dir='ltr'><strong>cepit</strong></span> <span class='ocrx_word' id='word_1_417' title='bbox 655 1562 679 1594; x_wconf 94' lang='lat' dir='ltr'>J</span> <span class='ocrx_word' id='word_1_418' title='bbox 695 1561 749 1602; x_wconf 87' lang='lat'><strong>28,</strong></span> <span class='ocrx_word' id='word_1_419' title='bbox 759 1562 790 1595; x_wconf 92' lang='lat'><strong>7.</strong></span> <span class='ocrx_word' id='word_1_420' title='bbox 825 1562 994 1595; x_wconf 86' lang='lat' dir='ltr'><strong>mulieres</strong></span> <span class='ocrx_word' id='word_1_421' title='bbox 1013 1565 1049 1595; x_wconf 89' lang='lat' dir='ltr'><strong>et</strong></span> <span class='ocrx_word' id='word_1_422' title='bbox 1065 1563 1170 1605; x_wconf 91' lang='lat' dir='ltr'><strong>pueri</strong></span> <span class='ocrx_word' id='word_1_423' title='bbox 1184 1563 1208 1595; x_wconf 94' lang='lat' dir='ltr'>J</span> <span class='ocrx_word' id='word_1_424' title='bbox 1223 1562 1278 1603; x_wconf 88' lang='lat'><strong>94,</strong></span> <span class='ocrx_word' id='word_1_425' title='bbox 1297 1562 1328 1595; x_wconf 88' lang='lat'><strong>5.</strong></span> <span class='ocrx_word' id='word_1_426' title='bbox 1359 1563 1492 1604; x_wconf 74' lang='lat' dir='ltr'><strong>magnis</strong></span> <span class='ocrx_word' id='word_1_427' title='bbox 1515 1562 1724 1595; x_wconf 80' lang='lat' dir='ltr'><strong>muneribus</strong></span> 
     </span>
     <span class='ocr_line' id='line_1_30' title="bbox 212 1606 1724 1651; baseline 0.001 -13"><span class='ocrx_word' id='word_1_428' title='bbox 212 1610 247 1639; x_wconf 78' lang='lat' dir='ltr'><strong>et</strong></span> <span class='ocrx_word' id='word_1_429' title='bbox 263 1608 444 1639; x_wconf 80' lang='lat' dir='ltr'><strong>maioribus</strong></span> <span class='ocrx_word' id='word_1_430' title='bbox 461 1607 646 1649; x_wconf 83' lang='lat' dir='ltr'><strong>promissis</strong></span> <span class='ocrx_word' id='word_1_431' title='bbox 662 1608 686 1639; x_wconf 93' lang='lat' dir='ltr'>J</span> <span class='ocrx_word' id='word_1_432' title='bbox 702 1606 756 1647; x_wconf 90' lang='lat'><strong>80,</strong></span> <span class='ocrx_word' id='word_1_433' title='bbox 772 1607 803 1640; x_wconf 88' lang='lat'><strong>3.</strong></span> <span class='ocrx_word' id='word_1_434' title='bbox 837 1607 1086 1640; x_wconf 86' lang='lat' dir='ltr'><strong>munificentia</strong></span> <span class='ocrx_word' id='word_1_435' title='bbox 1105 1608 1215 1640; x_wconf 87' lang='lat' dir='ltr'><strong>animi</strong></span> <span class='ocrx_word' id='word_1_436' title='bbox 1234 1611 1270 1640; x_wconf 85' lang='lat' dir='ltr'><strong>et</strong></span> <span class='ocrx_word' id='word_1_437' title='bbox 1285 1609 1411 1651; x_wconf 84' lang='lat' dir='ltr'><strong>ingeni</strong></span> <span class='ocrx_word' id='word_1_438' title='bbox 1428 1607 1593 1640; x_wconf 87' lang='lat' dir='ltr'><strong>sollertia</strong></span> <span class='ocrx_word' id='word_1_439' title='bbox 1607 1608 1632 1639; x_wconf 91' lang='lat' dir='ltr'>J</span> <span class='ocrx_word' id='word_1_440' title='bbox 1648 1607 1679 1648; x_wconf 93' lang='lat'><strong>7,</strong></span> <span class='ocrx_word' id='word_1_441' title='bbox 1691 1607 1724 1640; x_wconf 90' lang='grc'><strong>7.</strong></span> 
     </span>
     <span class='ocr_line' id='line_1_31' title="bbox 212 1651 1723 1696; baseline 0.001 -12"><span class='ocrx_word' id='word_1_442' title='bbox 212 1653 381 1684; x_wconf 88' lang='lat' dir='ltr'><strong>nationes</strong></span> <span class='ocrx_word' id='word_1_443' title='bbox 407 1653 509 1684; x_wconf 87' lang='lat' dir='ltr'><strong>ferae</strong></span> <span class='ocrx_word' id='word_1_444' title='bbox 536 1655 572 1684; x_wconf 89' lang='lat' dir='ltr'><strong>et</strong></span> <span class='ocrx_word' id='word_1_445' title='bbox 595 1653 718 1695; x_wconf 93' lang='lat' dir='ltr'><strong>populi</strong></span> <span class='ocrx_word' id='word_1_446' title='bbox 741 1653 911 1696; x_wconf 85' lang='lat' dir='ltr'><strong>ingentes</strong></span> <span class='ocrx_word' id='word_1_447' title='bbox 937 1653 963 1685; x_wconf 90' lang='lat' dir='ltr'>C</span> <span class='ocrx_word' id='word_1_448' title='bbox 992 1653 1051 1694; x_wconf 92' lang='lat'><strong>10,</strong></span> <span class='ocrx_word' id='word_1_449' title='bbox 1072 1653 1100 1686; x_wconf 93' lang='lat'><strong>1.</strong></span> <span class='ocrx_word' id='word_1_450' title='bbox 1142 1656 1309 1685; x_wconf 88' lang='lat' dir='ltr'><strong>naturam</strong></span> <span class='ocrx_word' id='word_1_451' title='bbox 1336 1656 1372 1685; x_wconf 90' lang='lat' dir='ltr'><strong>et</strong></span> <span class='ocrx_word' id='word_1_452' title='bbox 1389 1663 1507 1685; x_wconf 86' lang='lat' dir='ltr'><strong>mores</strong></span> <span class='ocrx_word' id='word_1_453' title='bbox 1525 1653 1675 1695; x_wconf 84' lang='lat' dir='ltr'><strong>utriusq.</strong></span> <span class='ocrx_word' id='word_1_454' title='bbox 1695 1651 1723 1686; x_wconf 84' lang='lat' dir='ltr'>C</span> 
     </span>
     <span class='ocr_line' id='line_1_32' title="bbox 211 1697 1725 1740; baseline 0 -10"><span class='ocrx_word' id='word_1_455' title='bbox 211 1697 266 1738; x_wconf 91' lang='lat'><strong>53,</strong></span> <span class='ocrx_word' id='word_1_456' title='bbox 282 1697 313 1730; x_wconf 88' lang='lat'>6.</span> <span class='ocrx_word' id='word_1_457' title='bbox 348 1716 391 1719; x_wconf 85' lang='lat'>—</span> <span class='ocrx_word' id='word_1_458' title='bbox 407 1698 447 1729; x_wconf 84' lang='lat' dir='ltr'><strong>P.</strong></span> <span class='ocrx_word' id='word_1_459' title='bbox 467 1698 649 1740; x_wconf 83' lang='lat' dir='ltr'><strong>Scipionis</strong></span> <span class='ocrx_word' id='word_1_460' title='bbox 668 1701 705 1730; x_wconf 88' lang='lat' dir='ltr'><strong>et</strong></span> <span class='ocrx_word' id='word_1_461' title='bbox 723 1709 857 1730; x_wconf 84' lang='lat' dir='ltr'><strong>morem</strong></span> <span class='ocrx_word' id='word_1_462' title='bbox 873 1698 1030 1731; x_wconf 87' lang='lat' dir='ltr'><strong>hostium</strong></span> <span class='ocrx_word' id='word_1_463' title='bbox 1047 1699 1070 1730; x_wconf 92' lang='lat' dir='ltr'>J</span> <span class='ocrx_word' id='word_1_464' title='bbox 1086 1699 1123 1738; x_wconf 93' lang='lat'><strong>7,</strong></span> <span class='ocrx_word' id='word_1_465' title='bbox 1143 1699 1176 1730; x_wconf 91' lang='lat'>4.</span> <span class='ocrx_word' id='word_1_466' title='bbox 1217 1702 1350 1731; x_wconf 86' lang='lat' dir='ltr'><strong>natura</strong></span> <span class='ocrx_word' id='word_1_467' title='bbox 1375 1702 1410 1730; x_wconf 87' lang='lat' dir='ltr'><strong>et</strong></span> <span class='ocrx_word' id='word_1_468' title='bbox 1433 1699 1522 1730; x_wconf 87' lang='lat' dir='ltr'><strong>viris</strong></span> <span class='ocrx_word' id='word_1_469' title='bbox 1545 1698 1685 1732; x_wconf 77' lang='lat' dir='ltr'><strong>munita</strong></span> <span class='ocrx_word' id='word_1_470' title='bbox 1701 1698 1725 1730; x_wconf 91' lang='lat' dir='ltr'>J</span> 
     </span>
     <span class='ocr_line' id='line_1_33' title="bbox 212 1742 1724 1786; baseline 0.001 -12"><span class='ocrx_word' id='word_1_471' title='bbox 212 1742 266 1783; x_wconf 91' lang='lat'><strong>87,</strong></span> <span class='ocrx_word' id='word_1_472' title='bbox 291 1743 318 1775; x_wconf 93' lang='lat' dir='ltr'><strong>l.</strong></span> <span class='ocrx_word' id='word_1_473' title='bbox 360 1743 592 1775; x_wconf 87' lang='lat' dir='ltr'><strong>necessitudo</strong></span> <span class='ocrx_word' id='word_1_474' title='bbox 610 1754 778 1776; x_wconf 88' lang='lat' dir='ltr'><strong>maxuma</strong></span> <span class='ocrx_word' id='word_1_475' title='bbox 797 1747 833 1776; x_wconf 91' lang='lat' dir='ltr'><strong>et</strong></span> <span class='ocrx_word' id='word_1_476' title='bbox 849 1744 1050 1786; x_wconf 87' lang='lat' dir='ltr'><strong>plurumum</strong></span> <span class='ocrx_word' id='word_1_477' title='bbox 1068 1744 1246 1776; x_wconf 86' lang='lat' dir='ltr'><strong>audaciae</strong></span> <span class='ocrx_word' id='word_1_478' title='bbox 1266 1743 1292 1776; x_wconf 82' lang='lat' dir='ltr'>C</span> <span class='ocrx_word' id='word_1_479' title='bbox 1314 1743 1366 1785; x_wconf 90' lang='lat'><strong>17,</strong></span> <span class='ocrx_word' id='word_1_480' title='bbox 1383 1745 1416 1775; x_wconf 86' lang='lat'><strong>2.</strong></span> <span class='ocrx_word' id='word_1_481' title='bbox 1451 1743 1553 1776; x_wconf 89' lang='lat' dir='ltr'><strong>necis</strong></span> <span class='ocrx_word' id='word_1_482' title='bbox 1571 1746 1609 1776; x_wconf 87' lang='lat' dir='ltr'><strong>et</strong></span> <span class='ocrx_word' id='word_1_483' title='bbox 1625 1743 1724 1776; x_wconf 84' lang='lat' dir='ltr'><strong>vitae</strong></span> 
     </span>
     <span class='ocr_line' id='line_1_34' title="bbox 211 1787 1726 1831; baseline 0.001 -11"><span class='ocrx_word' id='word_1_484' title='bbox 211 1789 247 1820; x_wconf 90' lang='lat' dir='ltr'>H</span> <span class='ocrx_word' id='word_1_485' title='bbox 263 1789 280 1820; x_wconf 97' lang='lat' dir='ltr'>I</span> <span class='ocrx_word' id='word_1_486' title='bbox 297 1788 357 1828; x_wconf 92' lang='lat'><strong>41,</strong></span> <span class='ocrx_word' id='word_1_487' title='bbox 379 1787 431 1820; x_wconf 91' lang='lat'><strong>13.</strong></span> <span class='ocrx_word' id='word_1_488' title='bbox 473 1788 740 1830; x_wconf 81' lang='lat' dir='ltr'><strong>negotiatorum</strong></span> <span class='ocrx_word' id='word_1_489' title='bbox 764 1794 800 1821; x_wconf 86' lang='lat' dir='ltr'><strong>et</strong></span> <span class='ocrx_word' id='word_1_490' title='bbox 824 1792 1078 1823; x_wconf 87' lang='lat' dir='ltr'><strong>conmeatuum</strong></span> <span class='ocrx_word' id='word_1_491' title='bbox 1100 1789 1124 1821; x_wconf 89' lang='lat' dir='ltr'>J</span> <span class='ocrx_word' id='word_1_492' title='bbox 1146 1789 1208 1828; x_wconf 90' lang='lat'><strong>47,</strong></span> <span class='ocrx_word' id='word_1_493' title='bbox 1226 1789 1258 1822; x_wconf 90' lang='lat'><strong>2.</strong></span> <span class='ocrx_word' id='word_1_494' title='bbox 1298 1800 1354 1821; x_wconf 91' lang='lat' dir='ltr'><strong>me</strong></span> <span class='ocrx_word' id='word_1_495' title='bbox 1379 1791 1549 1831; x_wconf 91' lang='lat' dir='ltr'><strong>nepotem</strong></span> <span class='ocrx_word' id='word_1_496' title='bbox 1569 1788 1663 1821; x_wconf 85' lang='lat' dir='ltr'><strong>Mas.</strong></span> <span class='ocrx_word' id='word_1_497' title='bbox 1689 1790 1726 1821; x_wconf 88' lang='lat' dir='ltr'><strong>et</strong></span> 
     </span>
     <span class='ocr_line' id='line_1_35' title="bbox 211 1832 1724 1876; baseline 0.001 -10"><span class='ocrx_word' id='word_1_498' title='bbox 211 1834 284 1866; x_wconf 85' lang='lat' dir='ltr'><strong>iam</strong></span> <span class='ocrx_word' id='word_1_499' title='bbox 303 1844 324 1866; x_wconf 89' lang='lat' dir='ltr'><strong>a</strong></span> <span class='ocrx_word' id='word_1_500' title='bbox 341 1834 454 1876; x_wconf 83' lang='lat' dir='ltr'><strong>stirpe</strong></span> <span class='ocrx_word' id='word_1_501' title='bbox 472 1835 609 1866; x_wconf 89' lang='lat' dir='ltr'><strong>socium</strong></span> <span class='ocrx_word' id='word_1_502' title='bbox 625 1834 649 1865; x_wconf 92' lang='lat' dir='ltr'>J</span> <span class='ocrx_word' id='word_1_503' title='bbox 667 1833 718 1874; x_wconf 92' lang='lat'><strong>14,</strong></span> <span class='ocrx_word' id='word_1_504' title='bbox 738 1835 770 1866; x_wconf 87' lang='lat'><strong>2.</strong></span> <span class='ocrx_word' id='word_1_505' title='bbox 804 1833 926 1867; x_wconf 88' lang='lat' dir='ltr'><strong>officio</strong></span> <span class='ocrx_word' id='word_1_506' title='bbox 945 1838 981 1866; x_wconf 89' lang='lat' dir='ltr'><strong>et</strong></span> <span class='ocrx_word' id='word_1_507' title='bbox 998 1834 1067 1866; x_wconf 91' lang='lat' dir='ltr'><strong>fide</strong></span> <span class='ocrx_word' id='word_1_508' title='bbox 1083 1835 1107 1866; x_wconf 91' lang='lat' dir='ltr'>J</span> <span class='ocrx_word' id='word_1_509' title='bbox 1126 1833 1178 1874; x_wconf 92' lang='lat'><strong>10,</strong></span> <span class='ocrx_word' id='word_1_510' title='bbox 1197 1835 1229 1866; x_wconf 89' lang='lat'>4.</span> <span class='ocrx_word' id='word_1_511' title='bbox 1264 1845 1351 1876; x_wconf 85' lang='lat' dir='ltr'><strong>opes</strong></span> <span class='ocrx_word' id='word_1_512' title='bbox 1369 1837 1406 1866; x_wconf 90' lang='lat' dir='ltr'><strong>et</strong></span> <span class='ocrx_word' id='word_1_513' title='bbox 1422 1844 1506 1876; x_wconf 85' lang='lat' dir='ltr'><strong>spes</strong></span> <span class='ocrx_word' id='word_1_514' title='bbox 1522 1834 1558 1866; x_wconf 90' lang='lat' dir='ltr'>H</span> <span class='ocrx_word' id='word_1_515' title='bbox 1573 1832 1676 1874; x_wconf 81' lang='lat'>1196,</span> <span class='ocrx_word' id='word_1_516' title='bbox 1692 1833 1724 1867; x_wconf 86' lang='lat'><strong>2.</strong></span> 
     </span>
     <span class='ocr_line' id='line_1_36' title="bbox 213 1878 1726 1922; baseline -0.001 -10"><span class='ocrx_word' id='word_1_517' title='bbox 213 1890 301 1922; x_wconf 88' lang='lat' dir='ltr'><strong>opus</strong></span> <span class='ocrx_word' id='word_1_518' title='bbox 321 1882 357 1912; x_wconf 89' lang='lat' dir='ltr'><strong>et</strong></span> <span class='ocrx_word' id='word_1_519' title='bbox 376 1879 606 1911; x_wconf 86' lang='lat' dir='ltr'><strong>administros</strong></span> <span class='ocrx_word' id='word_1_520' title='bbox 622 1879 646 1911; x_wconf 96' lang='lat' dir='ltr'><strong>J</strong></span> <span class='ocrx_word' id='word_1_521' title='bbox 663 1878 717 1919; x_wconf 90' lang='lat'><strong>76,</strong></span> <span class='ocrx_word' id='word_1_522' title='bbox 736 1879 767 1912; x_wconf 91' lang='lat'><strong>3.</strong></span> <span class='ocrx_word' id='word_1_523' title='bbox 808 1879 980 1922; x_wconf 85' lang='lat' dir='ltr'><strong>pabulum</strong></span> <span class='ocrx_word' id='word_1_524' title='bbox 1000 1883 1037 1912; x_wconf 90' lang='lat' dir='ltr'><strong>et</strong></span> <span class='ocrx_word' id='word_1_525' title='bbox 1054 1887 1228 1922; x_wconf 86' lang='lat' dir='ltr'><strong>aquarum</strong></span> <span class='ocrx_word' id='word_1_526' title='bbox 1246 1880 1357 1912; x_wconf 86' lang='lat' dir='ltr'><strong>fontis</strong></span> <span class='ocrx_word' id='word_1_527' title='bbox 1373 1880 1397 1911; x_wconf 91' lang='lat' dir='ltr'><strong>J</strong></span> <span class='ocrx_word' id='word_1_528' title='bbox 1413 1879 1473 1919; x_wconf 86' lang='lat'><strong>55,</strong></span> <span class='ocrx_word' id='word_1_529' title='bbox 1492 1878 1523 1912; x_wconf 86' lang='lat'><strong>8.</strong></span> <span class='ocrx_word' id='word_1_530' title='bbox 1563 1881 1671 1922; x_wconf 82' lang='lat' dir='ltr'><strong>pater</strong></span> <span class='ocrx_word' id='word_1_531' title='bbox 1687 1882 1726 1911; x_wconf 85' lang='lat' dir='ltr'><strong>et</strong></span> 
     </span>
     <span class='ocr_line' id='line_1_37' title="bbox 214 1923 1725 1968; baseline -0.001 -10"><span class='ocrx_word' id='word_1_532' title='bbox 214 1935 300 1958; x_wconf 89' lang='lat' dir='ltr'><strong>avos</strong></span> <span class='ocrx_word' id='word_1_533' title='bbox 318 1935 418 1958; x_wconf 89' lang='lat' dir='ltr'><strong>meus</strong></span> <span class='ocrx_word' id='word_1_534' title='bbox 435 1924 459 1956; x_wconf 94' lang='lat' dir='ltr'><strong>J</strong></span> <span class='ocrx_word' id='word_1_535' title='bbox 479 1924 529 1964; x_wconf 89' lang='lat'><strong>14,</strong></span> <span class='ocrx_word' id='word_1_536' title='bbox 548 1923 579 1956; x_wconf 92' lang='lat'><strong>8.</strong></span> <span class='ocrx_word' id='word_1_537' title='bbox 620 1926 764 1968; x_wconf 86' lang='lat' dir='ltr'><strong>pecoris</strong></span> <span class='ocrx_word' id='word_1_538' title='bbox 783 1928 819 1957; x_wconf 91' lang='lat' dir='ltr'><strong>et</strong></span> <span class='ocrx_word' id='word_1_539' title='bbox 835 1925 1096 1968; x_wconf 87' lang='lat' dir='ltr'><strong>mancipiorum</strong></span> <span class='ocrx_word' id='word_1_540' title='bbox 1114 1925 1270 1968; x_wconf 85' lang='lat' dir='ltr'><strong>praedas</strong></span> <span class='ocrx_word' id='word_1_541' title='bbox 1286 1925 1310 1957; x_wconf 92' lang='lat' dir='ltr'><strong>J</strong></span> <span class='ocrx_word' id='word_1_542' title='bbox 1326 1925 1379 1965; x_wconf 91' lang='lat'><strong>44,</strong></span> <span class='ocrx_word' id='word_1_543' title='bbox 1398 1924 1431 1957; x_wconf 91' lang='lat'><strong>5.</strong></span> <span class='ocrx_word' id='word_1_544' title='bbox 1472 1924 1670 1967; x_wconf 89' lang='lat' dir='ltr'><strong>periculum</strong></span> <span class='ocrx_word' id='word_1_545' title='bbox 1688 1926 1725 1956; x_wconf 89' lang='lat' dir='ltr'><strong>et</strong></span> 
     </span>
     <span class='ocr_line' id='line_1_38' title="bbox 211 1968 1724 2013; baseline -0.001 -11"><span class='ocrx_word' id='word_1_546' title='bbox 211 1971 315 2003; x_wconf 85' lang='lat' dir='ltr'><strong>labos</strong></span> <span class='ocrx_word' id='word_1_547' title='bbox 332 1971 367 2002; x_wconf 92' lang='lat' dir='ltr'>H</span> <span class='ocrx_word' id='word_1_548' title='bbox 383 1971 437 2002; x_wconf 92' lang='lat' dir='ltr'><strong>III</strong></span> <span class='ocrx_word' id='word_1_549' title='bbox 453 1968 507 2010; x_wconf 89' lang='lat'><strong>61,</strong></span> <span class='ocrx_word' id='word_1_550' title='bbox 531 1968 582 2005; x_wconf 88' lang='lat'><strong>18.</strong></span> <span class='ocrx_word' id='word_1_551' title='bbox 623 1971 756 2013; x_wconf 87' lang='lat' dir='ltr'><strong>peritia</strong></span> <span class='ocrx_word' id='word_1_552' title='bbox 782 1974 818 2004; x_wconf 89' lang='lat' dir='ltr'><strong>et</strong></span> <span class='ocrx_word' id='word_1_553' title='bbox 842 1981 967 2003; x_wconf 88' lang='lat' dir='ltr'><strong>verum</strong></span> <span class='ocrx_word' id='word_1_554' title='bbox 983 1971 1170 2013; x_wconf 86' lang='lat' dir='ltr'><strong>ingenium</strong></span> <span class='ocrx_word' id='word_1_555' title='bbox 1186 1971 1222 2002; x_wconf 91' lang='lat' dir='ltr'>H</span> <span class='ocrx_word' id='word_1_556' title='bbox 1237 1971 1255 2002; x_wconf 95' lang='lat' dir='ltr'>I</span> <span class='ocrx_word' id='word_1_557' title='bbox 1274 1969 1348 2002; x_wconf 90' lang='lat'>111.</span> <span class='ocrx_word' id='word_1_558' title='bbox 1390 1970 1542 2012; x_wconf 80' lang='lat' dir='ltr'><strong>populus</strong></span> <span class='ocrx_word' id='word_1_559' title='bbox 1564 1972 1601 2002; x_wconf 89' lang='lat' dir='ltr'><strong>et</strong></span> <span class='ocrx_word' id='word_1_560' title='bbox 1618 1979 1724 2002; x_wconf 86' lang='lat' dir='ltr'><strong>seua·</strong></span> 
     </span>
     <span class='ocr_line' id='line_1_39' title="bbox 213 2014 1723 2059; baseline -0.001 -12"><span class='ocrx_word' id='word_1_561' title='bbox 213 2019 270 2048; x_wconf 89' lang='lat' dir='ltr'><strong>tus</strong></span> <span class='ocrx_word' id='word_1_562' title='bbox 287 2016 352 2048; x_wconf 88' lang='lat' dir='ltr'><strong>Ro.</strong></span> <span class='ocrx_word' id='word_1_563' title='bbox 370 2015 393 2048; x_wconf 93' lang='lat' dir='ltr'><strong>J</strong></span> <span class='ocrx_word' id='word_1_564' title='bbox 409 2015 470 2055; x_wconf 91' lang='lat'><strong>41,</strong></span> <span class='ocrx_word' id='word_1_565' title='bbox 489 2015 510 2046; x_wconf 93' lang='lat'>2</span> <span class='ocrx_word' id='word_1_566' title='bbox 535 2018 618 2048; x_wconf 80' lang='lat' dir='ltr'><strong>conl.</strong></span> <span class='ocrx_word' id='word_1_567' title='bbox 642 2015 719 2056; x_wconf 90' lang='lat'>104,</span> <span class='ocrx_word' id='word_1_568' title='bbox 738 2016 770 2047; x_wconf 90' lang='lat'><strong>4.</strong></span> <span class='ocrx_word' id='word_1_569' title='bbox 799 2015 874 2054; x_wconf 91' lang='lat'>111,</span> <span class='ocrx_word' id='word_1_570' title='bbox 899 2015 925 2048; x_wconf 94' lang='lat'><strong>1.</strong></span> <span class='ocrx_word' id='word_1_571' title='bbox 965 2019 1089 2059; x_wconf 88' lang='lat' dir='ltr'><strong>portas</strong></span> <span class='ocrx_word' id='word_1_572' title='bbox 1108 2019 1144 2047; x_wconf 92' lang='lat' dir='ltr'><strong>et</strong></span> <span class='ocrx_word' id='word_1_573' title='bbox 1161 2026 1334 2057; x_wconf 85' lang='lat' dir='ltr'><strong>proxuma</strong></span> <span class='ocrx_word' id='word_1_574' title='bbox 1345 2014 1428 2047; x_wconf 90' lang='lat' dir='ltr'><strong>loca</strong></span> <span class='ocrx_word' id='word_1_575' title='bbox 1444 2015 1467 2047; x_wconf 87' lang='lat' dir='ltr'><strong>J</strong></span> <span class='ocrx_word' id='word_1_576' title='bbox 1483 2014 1536 2053; x_wconf 88' lang='lat'><strong>59,</strong></span> <span class='ocrx_word' id='word_1_577' title='bbox 1557 2014 1586 2048; x_wconf 91' lang='lat' dir='ltr'><strong>l.</strong></span> <span class='ocrx_word' id='word_1_578' title='bbox 1618 2025 1723 2057; x_wconf 87' lang='lat' dir='ltr'><strong>prae-</strong></span> 
     </span>
     <span class='ocr_line' id='line_1_40' title="bbox 211 2060 1724 2103; baseline -0.001 -9"><span class='ocrx_word' id='word_1_579' title='bbox 211 2062 317 2094; x_wconf 84' lang='lat' dir='ltr'><strong>dator</strong></span> <span class='ocrx_word' id='word_1_580' title='bbox 342 2071 386 2093; x_wconf 82' lang='lat' dir='ltr'><strong>ex</strong></span> <span class='ocrx_word' id='word_1_581' title='bbox 411 2061 522 2093; x_wconf 85' lang='lat' dir='ltr'><strong>sociis</strong></span> <span class='ocrx_word' id='word_1_582' title='bbox 545 2062 580 2091; x_wconf 77' lang='lat' dir='ltr'><strong>et</strong></span> <span class='ocrx_word' id='word_1_583' title='bbox 602 2061 675 2101; x_wconf 80' lang='lat' dir='ltr'><strong>ipse</strong></span> <span class='ocrx_word' id='word_1_584' title='bbox 707 2061 844 2103; x_wconf 89' lang='lat' dir='ltr'><strong>praeda</strong></span> <span class='ocrx_word' id='word_1_585' title='bbox 867 2061 1025 2093; x_wconf 85' lang='lat' dir='ltr'><strong>hostium</strong></span> <span class='ocrx_word' id='word_1_586' title='bbox 1043 2062 1067 2093; x_wconf 89' lang='lat' dir='ltr'><strong>J</strong></span> <span class='ocrx_word' id='word_1_587' title='bbox 1083 2061 1143 2098; x_wconf 87' lang='lat'><strong>44,</strong></span> <span class='ocrx_word' id='word_1_588' title='bbox 1166 2060 1194 2093; x_wconf 93' lang='lat'><strong>1.</strong></span> <span class='ocrx_word' id='word_1_589' title='bbox 1236 2060 1510 2103; x_wconf 85' lang='lat' dir='ltr'><strong>quaestionibus</strong></span> <span class='ocrx_word' id='word_1_590' title='bbox 1529 2063 1566 2092; x_wconf 90' lang='lat' dir='ltr'><strong>et</strong></span> <span class='ocrx_word' id='word_1_591' title='bbox 1588 2060 1724 2092; x_wconf 89' lang='lat' dir='ltr'><strong>indicio</strong></span> 
     </span>
     <span class='ocr_line' id='line_1_41' title="bbox 211 2104 1725 2149; baseline 0 -11"><span class='ocrx_word' id='word_1_592' title='bbox 211 2107 326 2149; x_wconf 85' lang='lat' dir='ltr'><strong>ipsius</strong></span> <span class='ocrx_word' id='word_1_593' title='bbox 343 2107 420 2148; x_wconf 85' lang='lat' dir='ltr'><strong>Iug.</strong></span> <span class='ocrx_word' id='word_1_594' title='bbox 438 2106 462 2138; x_wconf 92' lang='lat' dir='ltr'><strong>J</strong></span> <span class='ocrx_word' id='word_1_595' title='bbox 478 2104 531 2145; x_wconf 88' lang='lat'><strong>31,</strong></span> <span class='ocrx_word' id='word_1_596' title='bbox 555 2105 605 2139; x_wconf 87' lang='lat'><strong>18.</strong></span> <span class='ocrx_word' id='word_1_597' title='bbox 647 2106 749 2147; x_wconf 83' lang='lat' dir='ltr'><strong>quies</strong></span> <span class='ocrx_word' id='word_1_598' title='bbox 767 2109 803 2138; x_wconf 81' lang='lat' dir='ltr'><strong>et</strong></span> <span class='ocrx_word' id='word_1_599' title='bbox 821 2107 931 2138; x_wconf 88' lang='lat' dir='ltr'><strong>otium</strong></span> <span class='ocrx_word' id='word_1_600' title='bbox 947 2107 971 2138; x_wconf 94' lang='lat' dir='ltr'><strong>J</strong></span> <span class='ocrx_word' id='word_1_601' title='bbox 987 2105 1040 2146; x_wconf 86' lang='lat'><strong>66,</strong></span> <span class='ocrx_word' id='word_1_602' title='bbox 1060 2106 1091 2138; x_wconf 90' lang='lat'><strong>2.</strong></span> <span class='ocrx_word' id='word_1_603' title='bbox 1117 2107 1152 2137; x_wconf 92' lang='lat' dir='ltr'>H</span> <span class='ocrx_word' id='word_1_604' title='bbox 1168 2107 1185 2138; x_wconf 89' lang='grc' dir='ltr'>Ι</span> <span class='ocrx_word' id='word_1_605' title='bbox 1201 2106 1255 2146; x_wconf 87' lang='grc'><strong>41,</strong></span> <span class='ocrx_word' id='word_1_606' title='bbox 1274 2104 1305 2137; x_wconf 90' lang='lat'><strong>9.</strong></span> <span class='ocrx_word' id='word_1_607' title='bbox 1331 2106 1539 2148; x_wconf 89' lang='lat' dir='ltr'><strong>rapinarum</strong></span> <span class='ocrx_word' id='word_1_608' title='bbox 1558 2108 1594 2137; x_wconf 86' lang='lat' dir='ltr'><strong>et</strong></span> <span class='ocrx_word' id='word_1_609' title='bbox 1610 2106 1725 2138; x_wconf 35' lang='lat' dir='ltr'><strong>victo-r</strong></span> 
     </span>
     <span class='ocr_line' id='line_1_42' title="bbox 211 2149 1725 2193; baseline -0.001 -9"><span class='ocrx_word' id='word_1_610' title='bbox 211 2153 291 2184; x_wconf 90' lang='lat' dir='ltr'><strong>riae</strong></span> <span class='ocrx_word' id='word_1_611' title='bbox 308 2151 445 2184; x_wconf 86' lang='lat' dir='ltr'><strong>veteris</strong></span> <span class='ocrx_word' id='word_1_612' title='bbox 465 2150 491 2182; x_wconf 89' lang='lat' dir='ltr'>C</span> <span class='ocrx_word' id='word_1_613' title='bbox 513 2149 564 2191; x_wconf 90' lang='lat'><strong>16,</strong></span> <span class='ocrx_word' id='word_1_614' title='bbox 584 2151 616 2183; x_wconf 89' lang='lat'><strong>4.</strong></span> <span class='ocrx_word' id='word_1_615' title='bbox 650 2161 736 2183; x_wconf 82' lang='lat' dir='ltr'><strong>—as</strong></span> <span class='ocrx_word' id='word_1_616' title='bbox 755 2154 791 2183; x_wconf 87' lang='lat' dir='ltr'><strong>et</strong></span> <span class='ocrx_word' id='word_1_617' title='bbox 808 2151 981 2183; x_wconf 86' lang='lat' dir='ltr'><strong>incendia</strong></span> <span class='ocrx_word' id='word_1_618' title='bbox 997 2152 1033 2183; x_wconf 92' lang='lat' dir='ltr'>H</span> <span class='ocrx_word' id='word_1_619' title='bbox 1049 2152 1066 2183; x_wconf 93' lang='grc' dir='ltr'>Ι</span> <span class='ocrx_word' id='word_1_620' title='bbox 1083 2150 1142 2191; x_wconf 88' lang='lat'><strong>48,</strong></span> <span class='ocrx_word' id='word_1_621' title='bbox 1166 2150 1216 2184; x_wconf 91' lang='grc'>10.</span> <span class='ocrx_word' id='word_1_622' title='bbox 1259 2151 1386 2193; x_wconf 85' lang='lat' dir='ltr'><strong>quibus</strong></span> <span class='ocrx_word' id='word_1_623' title='bbox 1404 2151 1512 2183; x_wconf 87' lang='lat' dir='ltr'><strong>rebus</strong></span> <span class='ocrx_word' id='word_1_624' title='bbox 1531 2153 1568 2183; x_wconf 86' lang='lat' dir='ltr'><strong>et</strong></span> <span class='ocrx_word' id='word_1_625' title='bbox 1586 2151 1725 2183; x_wconf 84' lang='lat' dir='ltr'><strong>artibus</strong></span> 
     </span>
     <span class='ocr_line' id='line_1_43' title="bbox 210 2194 1724 2239; baseline -0.001 -10"><span class='ocrx_word' id='word_1_626' title='bbox 210 2198 234 2229; x_wconf 92' lang='lat' dir='ltr'><strong>J</strong></span> <span class='ocrx_word' id='word_1_627' title='bbox 249 2196 304 2236; x_wconf 89' lang='lat'><strong>96,</strong></span> <span class='ocrx_word' id='word_1_628' title='bbox 324 2197 355 2228; x_wconf 91' lang='lat'><strong>4.</strong></span> <span class='ocrx_word' id='word_1_629' title='bbox 397 2206 504 2239; x_wconf 87' lang='lat' dir='ltr'><strong>reges</strong></span> <span class='ocrx_word' id='word_1_630' title='bbox 524 2199 560 2228; x_wconf 91' lang='lat' dir='ltr'><strong>et</strong></span> <span class='ocrx_word' id='word_1_631' title='bbox 577 2196 729 2238; x_wconf 89' lang='lat' dir='ltr'><strong>populos</strong></span> <span class='ocrx_word' id='word_1_632' title='bbox 745 2196 880 2229; x_wconf 88' lang='lat' dir='ltr'><strong>liberos</strong></span> <span class='ocrx_word' id='word_1_633' title='bbox 897 2197 921 2228; x_wconf 89' lang='lat' dir='ltr'><strong>J</strong></span> <span class='ocrx_word' id='word_1_634' title='bbox 938 2195 991 2238; x_wconf 91' lang='lat'><strong>39,</strong></span> <span class='ocrx_word' id='word_1_635' title='bbox 1007 2196 1034 2229; x_wconf 92' lang='lat'><strong>1.</strong></span> <span class='ocrx_word' id='word_1_636' title='bbox 1069 2197 1192 2239; x_wconf 86' lang='lat' dir='ltr'><strong>regnis</strong></span> <span class='ocrx_word' id='word_1_637' title='bbox 1211 2200 1247 2228; x_wconf 89' lang='lat' dir='ltr'><strong>et</strong></span> <span class='ocrx_word' id='word_1_638' title='bbox 1264 2196 1526 2228; x_wconf 83' lang='lat' dir='ltr'><strong>tetrarchiisH</strong></span> <span class='ocrx_word' id='word_1_639' title='bbox 1541 2196 1592 2228; x_wconf 93' lang='lat' dir='ltr'><strong>IV</strong></span> <span class='ocrx_word' id='word_1_640' title='bbox 1602 2194 1658 2236; x_wconf 88' lang='lat'><strong>61,</strong></span> <span class='ocrx_word' id='word_1_641' title='bbox 1671 2194 1724 2228; x_wconf 86' lang='lat'><strong>10.</strong></span> 
     </span>
     <span class='ocr_line' id='line_1_44' title="bbox 212 2240 1726 2285; baseline -0.001 -11"><span class='ocrx_word' id='word_1_642' title='bbox 212 2242 394 2285; x_wconf 86' lang='lat' dir='ltr'><strong>sagittarii</strong></span> <span class='ocrx_word' id='word_1_643' title='bbox 413 2245 449 2273; x_wconf 94' lang='lat' dir='ltr'><strong>et</strong></span> <span class='ocrx_word' id='word_1_644' title='bbox 467 2241 593 2273; x_wconf 90' lang='lat' dir='ltr'><strong>cohors</strong></span> <span class='ocrx_word' id='word_1_645' title='bbox 611 2241 791 2284; x_wconf 85' lang='lat' dir='ltr'><strong>Paeligna</strong></span> <span class='ocrx_word' id='word_1_646' title='bbox 807 2242 830 2273; x_wconf 88' lang='lat' dir='ltr'><strong>J</strong></span> <span class='ocrx_word' id='word_1_647' title='bbox 850 2241 922 2281; x_wconf 91' lang='lat'>105,</span> <span class='ocrx_word' id='word_1_648' title='bbox 942 2242 973 2274; x_wconf 91' lang='lat'><strong>2.</strong></span> <span class='ocrx_word' id='word_1_649' title='bbox 1007 2242 1098 2274; x_wconf 54' lang='lat' dir='ltr'><strong>saxa</strong></span> <span class='ocrx_word' id='word_1_650' title='bbox 1115 2245 1151 2273; x_wconf 87' lang='lat' dir='ltr'><strong>et</strong></span> <span class='ocrx_word' id='word_1_651' title='bbox 1167 2242 1310 2274; x_wconf 87' lang='lat' dir='ltr'><strong>radices</strong></span> <span class='ocrx_word' id='word_1_652' title='bbox 1327 2242 1351 2273; x_wconf 94' lang='lat' dir='ltr'><strong>J</strong></span> <span class='ocrx_word' id='word_1_653' title='bbox 1366 2240 1421 2283; x_wconf 91' lang='lat'><strong>94,</strong></span> <span class='ocrx_word' id='word_1_654' title='bbox 1440 2242 1472 2273; x_wconf 93' lang='lat'><strong>2.</strong></span> <span class='ocrx_word' id='word_1_655' title='bbox 1504 2259 1550 2264; x_wconf 89' lang='lat'><strong>—</strong></span> <span class='ocrx_word' id='word_1_656' title='bbox 1566 2243 1604 2273; x_wconf 84' lang='lat' dir='ltr'><strong>et</strong></span> <span class='ocrx_word' id='word_1_657' title='bbox 1620 2240 1726 2274; x_wconf 80' lang='lat' dir='ltr'><strong>orbes</strong></span> 
     </span>
    </p>
   </div>
   <div class='ocr_carea' id='block_1_5' title="bbox 210 2286 1726 2418">
    <p class='ocr_par' dir='ltr' id='par_1_5' title="bbox 210 2286 1726 2418">
     <span class='ocr_line' id='line_1_45' title="bbox 212 2286 1725 2329; baseline -0.001 -10"><span class='ocrx_word' id='word_1_658' title='bbox 212 2298 279 2320; x_wconf 87' lang='lat' dir='ltr'><strong>axe</strong></span> <span class='ocrx_word' id='word_1_659' title='bbox 299 2287 416 2319; x_wconf 90' lang='lat' dir='ltr'><strong>iuncti</strong></span> <span class='ocrx_word' id='word_1_660' title='bbox 432 2287 467 2318; x_wconf 92' lang='lat' dir='ltr'>H</span> <span class='ocrx_word' id='word_1_661' title='bbox 483 2287 537 2318; x_wconf 86' lang='grc' dir='ltr'><strong>ΙΙΙ</strong></span> <span class='ocrx_word' id='word_1_662' title='bbox 554 2286 607 2318; x_wconf 92' lang='lat'><strong>22.</strong></span> <span class='ocrx_word' id='word_1_663' title='bbox 650 2287 770 2319; x_wconf 85' lang='lat' dir='ltr'><strong>scelus</strong></span> <span class='ocrx_word' id='word_1_664' title='bbox 789 2290 825 2319; x_wconf 91' lang='lat' dir='ltr'><strong>et</strong></span> <span class='ocrx_word' id='word_1_665' title='bbox 841 2287 1019 2329; x_wconf 89' lang='lat' dir='ltr'><strong>flagitium</strong></span> <span class='ocrx_word' id='word_1_666' title='bbox 1036 2287 1059 2319; x_wconf 93' lang='lat' dir='ltr'><strong>J</strong></span> <span class='ocrx_word' id='word_1_667' title='bbox 1080 2286 1129 2327; x_wconf 89' lang='grc'><strong>12,</strong></span> <span class='ocrx_word' id='word_1_668' title='bbox 1149 2288 1180 2319; x_wconf 87' lang='grc'><strong>2.</strong></span> <span class='ocrx_word' id='word_1_669' title='bbox 1213 2305 1257 2310; x_wconf 86' lang='grc'><strong>--</strong></span> <span class='ocrx_word' id='word_1_670' title='bbox 1277 2287 1330 2319; x_wconf 88' lang='lat' dir='ltr'><strong>eri</strong></span> <span class='ocrx_word' id='word_1_671' title='bbox 1355 2290 1391 2319; x_wconf 90' lang='lat' dir='ltr'><strong>et</strong></span> <span class='ocrx_word' id='word_1_672' title='bbox 1412 2286 1590 2329; x_wconf 81' lang='lat' dir='ltr'><strong>paricidio</strong></span> <span class='ocrx_word' id='word_1_673' title='bbox 1609 2296 1672 2323; x_wconf 83' lang='lat' dir='ltr'><strong>suo</strong></span> <span class='ocrx_word' id='word_1_674' title='bbox 1689 2286 1725 2318; x_wconf 89' lang='lat' dir='ltr'>H</span> 
     </span>
     <span class='ocr_line' id='line_1_46' title="bbox 211 2330 1726 2375; baseline -0.001 -10"><span class='ocrx_word' id='word_1_675' title='bbox 211 2334 228 2365; x_wconf 94' lang='lat' dir='ltr'>I</span> <span class='ocrx_word' id='word_1_676' title='bbox 244 2332 298 2372; x_wconf 94' lang='lat'><strong>41,</strong></span> <span class='ocrx_word' id='word_1_677' title='bbox 317 2332 371 2364; x_wconf 90' lang='lat'><strong>24.</strong></span> <span class='ocrx_word' id='word_1_678' title='bbox 405 2342 527 2363; x_wconf 89' lang='lat' dir='ltr'><strong>—rum</strong></span> <span class='ocrx_word' id='word_1_679' title='bbox 546 2335 582 2363; x_wconf 88' lang='lat' dir='ltr'><strong>et</strong></span> <span class='ocrx_word' id='word_1_680' title='bbox 600 2331 897 2364; x_wconf 88' lang='lat' dir='ltr'><strong>contumeliarum</strong></span> <span class='ocrx_word' id='word_1_681' title='bbox 914 2333 950 2363; x_wconf 87' lang='lat' dir='ltr'>H</span> <span class='ocrx_word' id='word_1_682' title='bbox 965 2333 982 2364; x_wconf 92' lang='grc' dir='ltr'>Ι</span> <span class='ocrx_word' id='word_1_683' title='bbox 999 2332 1055 2373; x_wconf 85' lang='grc'><strong>41,</strong></span> <span class='ocrx_word' id='word_1_684' title='bbox 1076 2331 1128 2364; x_wconf 91' lang='lat'><strong>19.</strong></span> <span class='ocrx_word' id='word_1_685' title='bbox 1167 2333 1272 2375; x_wconf 80' lang='lat' dir='ltr'><strong>signa</strong></span> <span class='ocrx_word' id='word_1_686' title='bbox 1287 2335 1324 2364; x_wconf 90' lang='lat' dir='ltr'><strong>et</strong></span> <span class='ocrx_word' id='word_1_687' title='bbox 1341 2342 1442 2364; x_wconf 88' lang='lat' dir='ltr'><strong>arma</strong></span> <span class='ocrx_word' id='word_1_688' title='bbox 1458 2332 1481 2364; x_wconf 93' lang='lat' dir='ltr'><strong>J</strong></span> <span class='ocrx_word' id='word_1_689' title='bbox 1497 2331 1553 2372; x_wconf 90' lang='lat'><strong>74,</strong></span> <span class='ocrx_word' id='word_1_690' title='bbox 1572 2330 1604 2364; x_wconf 88' lang='grc'><strong>3.</strong></span> <span class='ocrx_word' id='word_1_691' title='bbox 1628 2330 1683 2372; x_wconf 81' lang='lat'><strong>99,</strong></span> <span class='ocrx_word' id='word_1_692' title='bbox 1693 2330 1726 2364; x_wconf 85' lang='lat'><strong>3.</strong></span> 
     </span>
     <span class='ocr_line' id='line_1_47' title="bbox 210 2372 1725 2418; baseline 0 -9"><span class='ocrx_word' id='word_1_693' title='bbox 210 2395 256 2401; x_wconf 91' lang='lat'><strong>-—</strong></span> <span class='ocrx_word' id='word_1_694' title='bbox 280 2380 316 2410; x_wconf 92' lang='lat' dir='ltr'><strong>et</strong></span> <span class='ocrx_word' id='word_1_695' title='bbox 334 2380 439 2409; x_wconf 82' lang='lat' dir='ltr'><strong>scuta</strong></span> <span class='ocrx_word' id='word_1_696' title='bbox 454 2377 479 2409; x_wconf 94' lang='lat' dir='ltr'><strong>J</strong></span> <span class='ocrx_word' id='word_1_697' title='bbox 495 2376 555 2416; x_wconf 89' lang='lat'><strong>67,</strong></span> <span class='ocrx_word' id='word_1_698' title='bbox 579 2377 607 2408; x_wconf 96' lang='lat' dir='ltr'><strong>l.</strong></span> <span class='ocrx_word' id='word_1_699' title='bbox 650 2377 769 2409; x_wconf 88' lang='lat' dir='ltr'><strong>socius</strong></span> <span class='ocrx_word' id='word_1_700' title='bbox 795 2380 831 2409; x_wconf 90' lang='lat' dir='ltr'><strong>et</strong></span> <span class='ocrx_word' id='word_1_701' title='bbox 855 2372 1067 2409; x_wconf 78' lang='lat' dir='ltr'><strong>administer</strong></span> <span class='ocrx_word' id='word_1_702' title='bbox 1081 2378 1105 2409; x_wconf 96' lang='lat' dir='ltr'><strong>J</strong></span> <span class='ocrx_word' id='word_1_703' title='bbox 1121 2378 1183 2418; x_wconf 89' lang='lat'><strong>24,</strong></span> <span class='ocrx_word' id='word_1_704' title='bbox 1202 2377 1233 2411; x_wconf 86' lang='lat'><strong>3.</strong></span> <span class='ocrx_word' id='word_1_705' title='bbox 1275 2395 1319 2400; x_wconf 97' lang='lat'><strong>—</strong></span> <span class='ocrx_word' id='word_1_706' title='bbox 1345 2380 1380 2409; x_wconf 91' lang='lat' dir='ltr'><strong>et</strong></span> <span class='ocrx_word' id='word_1_707' title='bbox 1404 2377 1543 2409; x_wconf 83' lang='lat' dir='ltr'><strong>amicus</strong></span> <span class='ocrx_word' id='word_1_708' title='bbox 1565 2376 1590 2409; x_wconf 95' lang='lat' dir='ltr'><strong>J</strong></span> <span class='ocrx_word' id='word_1_709' title='bbox 1611 2376 1674 2416; x_wconf 85' lang='lat'><strong>24,</strong></span> <span class='ocrx_word' id='word_1_710' title='bbox 1692 2375 1725 2409; x_wconf 89' lang='lat'><strong>3.</strong></span> 
     </span>
    </p>
   </div>
   <div class='ocr_carea' id='block_1_6' title="bbox 210 2421 1727 2962">
    <p class='ocr_par' dir='ltr' id='par_1_6' title="bbox 210 2421 1727 2962">
     <span class='ocr_line' id='line_1_48' title="bbox 212 2421 1727 2462; baseline -0.001 -7"><span class='ocrx_word' id='word_1_711' title='bbox 212 2424 269 2455; x_wconf 94' lang='lat' dir='ltr'><strong>—i</strong></span> <span class='ocrx_word' id='word_1_712' title='bbox 286 2426 323 2455; x_wconf 91' lang='lat' dir='ltr'><strong>et</strong></span> <span class='ocrx_word' id='word_1_713' title='bbox 340 2423 530 2455; x_wconf 83' lang='lat' dir='ltr'><strong>LatiumH</strong></span> <span class='ocrx_word' id='word_1_714' title='bbox 547 2422 564 2454; x_wconf 94' lang='lat' dir='ltr'>I</span> <span class='ocrx_word' id='word_1_715' title='bbox 581 2422 636 2462; x_wconf 92' lang='lat'><strong>41,</strong></span> <span class='ocrx_word' id='word_1_716' title='bbox 649 2421 699 2454; x_wconf 93' lang='lat'><strong>12.</strong></span> <span class='ocrx_word' id='word_1_717' title='bbox 725 2423 741 2454; x_wconf 96' lang='lat' dir='ltr'>I</span> <span class='ocrx_word' id='word_1_718' title='bbox 760 2421 811 2455; x_wconf 92' lang='lat'><strong>17.</strong></span> <span class='ocrx_word' id='word_1_719' title='bbox 845 2432 969 2454; x_wconf 89' lang='lat' dir='ltr'><strong>somno</strong></span> <span class='ocrx_word' id='word_1_720' title='bbox 989 2426 1026 2454; x_wconf 89' lang='lat' dir='ltr'><strong>et</strong></span> <span class='ocrx_word' id='word_1_721' title='bbox 1042 2425 1141 2455; x_wconf 87' lang='lat' dir='ltr'><strong>metu</strong></span> <span class='ocrx_word' id='word_1_722' title='bbox 1158 2423 1306 2455; x_wconf 87' lang='lat' dir='ltr'><strong>insolito</strong></span> <span class='ocrx_word' id='word_1_723' title='bbox 1322 2423 1346 2454; x_wconf 91' lang='lat' dir='ltr'><strong>J</strong></span> <span class='ocrx_word' id='word_1_724' title='bbox 1361 2421 1416 2462; x_wconf 87' lang='lat'><strong>99,</strong></span> <span class='ocrx_word' id='word_1_725' title='bbox 1427 2421 1458 2454; x_wconf 92' lang='lat'><strong>3.</strong></span> <span class='ocrx_word' id='word_1_726' title='bbox 1493 2422 1672 2454; x_wconf 84' lang='lat' dir='ltr'><strong>stationes</strong></span> <span class='ocrx_word' id='word_1_727' title='bbox 1687 2424 1727 2454; x_wconf 80' lang='lat' dir='ltr'><strong>et</strong></span> 
     </span>
     <span class='ocr_line' id='line_1_49' title="bbox 211 2466 1727 2512; baseline -0.001 -11"><span class='ocrx_word' id='word_1_728' title='bbox 211 2468 358 2512; x_wconf 85' lang='lat' dir='ltr'><strong>vigilias</strong></span> <span class='ocrx_word' id='word_1_729' title='bbox 375 2468 411 2500; x_wconf 90' lang='lat' dir='ltr'><strong>H</strong></span> <span class='ocrx_word' id='word_1_730' title='bbox 427 2467 464 2500; x_wconf 92' lang='lat'><strong>11</strong></span> <span class='ocrx_word' id='word_1_731' title='bbox 480 2467 535 2500; x_wconf 91' lang='lat'><strong>54.</strong></span> <span class='ocrx_word' id='word_1_732' title='bbox 577 2467 797 2510; x_wconf 85' lang='lat' dir='ltr'><strong>stipendium</strong></span> <span class='ocrx_word' id='word_1_733' title='bbox 815 2471 851 2500; x_wconf 90' lang='lat' dir='ltr'><strong>et</strong></span> <span class='ocrx_word' id='word_1_734' title='bbox 869 2471 1081 2500; x_wconf 83' lang='lat' dir='ltr'><strong>conmeatus</strong></span> <span class='ocrx_word' id='word_1_735' title='bbox 1097 2468 1121 2499; x_wconf 93' lang='lat' dir='ltr'><strong>J</strong></span> <span class='ocrx_word' id='word_1_736' title='bbox 1136 2467 1197 2508; x_wconf 84' lang='grc'><strong>90,</strong></span> <span class='ocrx_word' id='word_1_737' title='bbox 1217 2468 1250 2500; x_wconf 92' lang='grc'><strong>2.</strong></span> <span class='ocrx_word' id='word_1_738' title='bbox 1293 2468 1448 2510; x_wconf 85' lang='lat' dir='ltr'><strong>strepitu</strong></span> <span class='ocrx_word' id='word_1_739' title='bbox 1472 2469 1508 2500; x_wconf 88' lang='lat' dir='ltr'><strong>et</strong></span> <span class='ocrx_word' id='word_1_740' title='bbox 1532 2466 1688 2500; x_wconf 84' lang='lat' dir='ltr'><strong>tumultu</strong></span> <span class='ocrx_word' id='word_1_741' title='bbox 1702 2466 1727 2499; x_wconf 93' lang='lat' dir='ltr'><strong>J</strong></span> 
     </span>
     <span class='ocr_line' id='line_1_50' title="bbox 214 2510 1723 2556; baseline -0.001 -10"><span class='ocrx_word' id='word_1_742' title='bbox 214 2514 267 2555; x_wconf 93' lang='lat'><strong>12,</strong></span> <span class='ocrx_word' id='word_1_743' title='bbox 286 2513 318 2546; x_wconf 88' lang='lat'><strong>5.</strong></span> <span class='ocrx_word' id='word_1_744' title='bbox 360 2513 531 2556; x_wconf 86' lang='lat' dir='ltr'><strong>sulphure</strong></span> <span class='ocrx_word' id='word_1_745' title='bbox 557 2515 594 2545; x_wconf 89' lang='lat' dir='ltr'><strong>et</strong></span> <span class='ocrx_word' id='word_1_746' title='bbox 616 2512 728 2545; x_wconf 88' lang='lat' dir='ltr'><strong>taeda</strong></span> <span class='ocrx_word' id='word_1_747' title='bbox 750 2513 774 2545; x_wconf 93' lang='lat' dir='ltr'><strong>J</strong></span> <span class='ocrx_word' id='word_1_748' title='bbox 795 2512 855 2552; x_wconf 88' lang='lat'><strong>57,</strong></span> <span class='ocrx_word' id='word_1_749' title='bbox 875 2512 907 2544; x_wconf 90' lang='lat'><strong>5.</strong></span> <span class='ocrx_word' id='word_1_750' title='bbox 950 2513 1152 2555; x_wconf 84' lang='lat' dir='ltr'><strong>sumptibus</strong></span> <span class='ocrx_word' id='word_1_751' title='bbox 1178 2516 1214 2545; x_wconf 78' lang='lat' dir='ltr'><strong>et</strong></span> <span class='ocrx_word' id='word_1_752' title='bbox 1238 2512 1467 2545; x_wconf 85' lang='lat' dir='ltr'><strong>contumeliis</strong></span> <span class='ocrx_word' id='word_1_753' title='bbox 1491 2512 1526 2544; x_wconf 90' lang='lat' dir='ltr'><strong>H</strong></span> <span class='ocrx_word' id='word_1_754' title='bbox 1545 2512 1594 2544; x_wconf 92' lang='lat' dir='ltr'><strong>IV</strong></span> <span class='ocrx_word' id='word_1_755' title='bbox 1610 2510 1672 2550; x_wconf 82' lang='lat'><strong>61,</strong></span> <span class='ocrx_word' id='word_1_756' title='bbox 1690 2510 1723 2544; x_wconf 87' lang='lat'><strong>8.</strong></span> 
     </span>
     <span class='ocr_line' id='line_1_51' title="bbox 212 2555 1724 2602; baseline -0.001 -10"><span class='ocrx_word' id='word_1_757' title='bbox 212 2562 374 2602; x_wconf 87' lang='lat' dir='ltr'><strong>tempore</strong></span> <span class='ocrx_word' id='word_1_758' title='bbox 394 2562 430 2590; x_wconf 91' lang='lat' dir='ltr'><strong>et</strong></span> <span class='ocrx_word' id='word_1_759' title='bbox 447 2558 562 2591; x_wconf 89' lang='lat' dir='ltr'><strong>locoJ</strong></span> <span class='ocrx_word' id='word_1_760' title='bbox 574 2557 646 2598; x_wconf 89' lang='lat'>113,</span> <span class='ocrx_word' id='word_1_761' title='bbox 657 2558 689 2590; x_wconf 93' lang='lat'><strong>2.</strong></span> <span class='ocrx_word' id='word_1_762' title='bbox 723 2558 878 2590; x_wconf 86' lang='lat' dir='ltr'><strong>tribunis</strong></span> <span class='ocrx_word' id='word_1_763' title='bbox 895 2557 1079 2600; x_wconf 86' lang='lat' dir='ltr'><strong>legionum</strong></span> <span class='ocrx_word' id='word_1_764' title='bbox 1098 2561 1134 2590; x_wconf 88' lang='lat' dir='ltr'><strong>et</strong></span> <span class='ocrx_word' id='word_1_765' title='bbox 1151 2559 1352 2601; x_wconf 84' lang='lat' dir='ltr'><strong>praefectis</strong></span> <span class='ocrx_word' id='word_1_766' title='bbox 1371 2557 1572 2590; x_wconf 87' lang='lat' dir='ltr'><strong>cohortium</strong></span> <span class='ocrx_word' id='word_1_767' title='bbox 1586 2557 1612 2589; x_wconf 93' lang='lat' dir='ltr'><strong>J</strong></span> <span class='ocrx_word' id='word_1_768' title='bbox 1626 2555 1724 2597; x_wconf 87' lang='lat'>48,7.</span> 
     </span>
     <span class='ocr_line' id='line_1_52' title="bbox 211 2601 1727 2643; baseline -0.002 -6"><span class='ocrx_word' id='word_1_769' title='bbox 211 2605 393 2638; x_wconf 88' lang='lat' dir='ltr'><strong>tubicines</strong></span> <span class='ocrx_word' id='word_1_770' title='bbox 412 2607 448 2636; x_wconf 90' lang='lat' dir='ltr'><strong>et</strong></span> <span class='ocrx_word' id='word_1_771' title='bbox 466 2603 670 2636; x_wconf 87' lang='lat' dir='ltr'><strong>cornicines</strong></span> <span class='ocrx_word' id='word_1_772' title='bbox 691 2603 715 2635; x_wconf 92' lang='lat' dir='ltr'><strong>J</strong></span> <span class='ocrx_word' id='word_1_773' title='bbox 730 2602 791 2643; x_wconf 88' lang='lat'><strong>93,</strong></span> <span class='ocrx_word' id='word_1_774' title='bbox 811 2601 843 2636; x_wconf 88' lang='lat'><strong>8.</strong></span> <span class='ocrx_word' id='word_1_775' title='bbox 883 2604 1057 2635; x_wconf 86' lang='lat' dir='ltr'><strong>tumultus</strong></span> <span class='ocrx_word' id='word_1_776' title='bbox 1084 2606 1120 2635; x_wconf 89' lang='lat' dir='ltr'><strong>et</strong></span> <span class='ocrx_word' id='word_1_777' title='bbox 1145 2614 1203 2636; x_wconf 89' lang='lat' dir='ltr'><strong>res</strong></span> <span class='ocrx_word' id='word_1_778' title='bbox 1226 2614 1344 2636; x_wconf 84' lang='lat' dir='ltr'><strong>novae</strong></span> <span class='ocrx_word' id='word_1_779' title='bbox 1360 2603 1384 2635; x_wconf 94' lang='lat' dir='ltr'><strong>J</strong></span> <span class='ocrx_word' id='word_1_780' title='bbox 1400 2601 1454 2642; x_wconf 90' lang='lat'><strong>66,</strong></span> <span class='ocrx_word' id='word_1_781' title='bbox 1474 2603 1506 2634; x_wconf 89' lang='lat'><strong>4.</strong></span> <span class='ocrx_word' id='word_1_782' title='bbox 1546 2602 1671 2634; x_wconf 86' lang='lat' dir='ltr'><strong>turbas</strong></span> <span class='ocrx_word' id='word_1_783' title='bbox 1690 2604 1727 2634; x_wconf 86' lang='lat' dir='ltr'><strong>et</strong></span> 
     </span>
     <span class='ocr_line' id='line_1_53' title="bbox 213 2646 1726 2690; baseline -0.003 -7"><span class='ocrx_word' id='word_1_784' title='bbox 213 2650 364 2683; x_wconf 87' lang='lat' dir='ltr'><strong>caedem</strong></span> <span class='ocrx_word' id='word_1_785' title='bbox 382 2649 515 2682; x_wconf 89' lang='lat' dir='ltr'><strong>civium</strong></span> <span class='ocrx_word' id='word_1_786' title='bbox 530 2649 566 2681; x_wconf 89' lang='lat' dir='ltr'><strong>H</strong></span> <span class='ocrx_word' id='word_1_787' title='bbox 581 2649 599 2681; x_wconf 95' lang='lat' dir='ltr'>I</span> <span class='ocrx_word' id='word_1_788' title='bbox 615 2647 669 2687; x_wconf 85' lang='lat'><strong>48,</strong></span> <span class='ocrx_word' id='word_1_789' title='bbox 691 2647 742 2681; x_wconf 90' lang='lat'><strong>18.</strong></span> <span class='ocrx_word' id='word_1_790' title='bbox 776 2651 914 2681; x_wconf 86' lang='lat' dir='ltr'><strong>turmas</strong></span> <span class='ocrx_word' id='word_1_791' title='bbox 933 2652 969 2681; x_wconf 85' lang='lat' dir='ltr'><strong>et</strong></span> <span class='ocrx_word' id='word_1_792' title='bbox 986 2649 1189 2690; x_wconf 84' lang='lat' dir='ltr'><strong>manipulos</strong></span> <span class='ocrx_word' id='word_1_793' title='bbox 1205 2649 1229 2680; x_wconf 93' lang='lat' dir='ltr'><strong>J</strong></span> <span class='ocrx_word' id='word_1_794' title='bbox 1245 2647 1298 2688; x_wconf 89' lang='lat'><strong>49,</strong></span> <span class='ocrx_word' id='word_1_795' title='bbox 1310 2648 1342 2680; x_wconf 92' lang='lat'><strong>2.</strong></span> <span class='ocrx_word' id='word_1_796' title='bbox 1373 2650 1566 2688; x_wconf 84' lang='lat' dir='ltr'><strong>tyrannum</strong></span> <span class='ocrx_word' id='word_1_797' title='bbox 1588 2649 1625 2679; x_wconf 86' lang='lat' dir='ltr'><strong>et</strong></span> <span class='ocrx_word' id='word_1_798' title='bbox 1642 2646 1726 2679; x_wconf 88' lang='lat' dir='ltr'><strong>Cin-</strong></span> 
     </span>
     <span class='ocr_line' id='line_1_54' title="bbox 212 2691 1725 2737; baseline -0.003 -9"><span class='ocrx_word' id='word_1_799' title='bbox 212 2705 295 2728; x_wconf 92' lang='lat' dir='ltr'><strong>nam</strong></span> <span class='ocrx_word' id='word_1_800' title='bbox 314 2694 542 2737; x_wconf 87' lang='lat' dir='ltr'><strong>adpellantes</strong></span> <span class='ocrx_word' id='word_1_801' title='bbox 558 2694 594 2726; x_wconf 92' lang='lat' dir='ltr'><strong>H</strong></span> <span class='ocrx_word' id='word_1_802' title='bbox 611 2695 628 2726; x_wconf 88' lang='grc' dir='ltr'>Ι</span> <span class='ocrx_word' id='word_1_803' title='bbox 644 2694 699 2726; x_wconf 87' lang='lat'><strong>42.</strong></span> <span class='ocrx_word' id='word_1_804' title='bbox 741 2694 840 2726; x_wconf 89' lang='lat' dir='ltr'><strong>urbis</strong></span> <span class='ocrx_word' id='word_1_805' title='bbox 858 2696 895 2726; x_wconf 90' lang='lat' dir='ltr'><strong>et</strong></span> <span class='ocrx_word' id='word_1_806' title='bbox 913 2704 1021 2737; x_wconf 85' lang='lat' dir='ltr'><strong>agros</strong></span> <span class='ocrx_word' id='word_1_807' title='bbox 1037 2694 1061 2726; x_wconf 93' lang='lat' dir='ltr'><strong>J</strong></span> <span class='ocrx_word' id='word_1_808' title='bbox 1077 2694 1114 2733; x_wconf 93' lang='lat'><strong>5,</strong></span> <span class='ocrx_word' id='word_1_809' title='bbox 1134 2694 1166 2726; x_wconf 91' lang='lat'><strong>4.</strong></span> <span class='ocrx_word' id='word_1_810' title='bbox 1207 2693 1329 2726; x_wconf 87' lang='lat' dir='ltr'><strong>verbis</strong></span> <span class='ocrx_word' id='word_1_811' title='bbox 1353 2696 1390 2724; x_wconf 91' lang='lat' dir='ltr'><strong>et</strong></span> <span class='ocrx_word' id='word_1_812' title='bbox 1413 2695 1538 2725; x_wconf 88' lang='lat' dir='ltr'><strong>vatum</strong></span> <span class='ocrx_word' id='word_1_813' title='bbox 1557 2691 1725 2724; x_wconf 85' lang='lat' dir='ltr'><strong>carmini-</strong></span> 
     </span>
     <span class='ocr_line' id='line_1_55' title="bbox 212 2737 1726 2782; baseline -0.002 -10"><span class='ocrx_word' id='word_1_814' title='bbox 212 2742 278 2773; x_wconf 87' lang='lat' dir='ltr'><strong>bus</strong></span> <span class='ocrx_word' id='word_1_815' title='bbox 294 2741 330 2772; x_wconf 89' lang='lat' dir='ltr'><strong>H</strong></span> <span class='ocrx_word' id='word_1_816' title='bbox 347 2740 365 2772; x_wconf 94' lang='lat' dir='ltr'>I</span> <span class='ocrx_word' id='word_1_817' title='bbox 381 2739 443 2781; x_wconf 89' lang='lat'><strong>48,</strong></span> <span class='ocrx_word' id='word_1_818' title='bbox 462 2739 494 2773; x_wconf 89' lang='lat'><strong>3.</strong></span> <span class='ocrx_word' id='word_1_819' title='bbox 536 2739 716 2773; x_wconf 90' lang='lat' dir='ltr'><strong>velocitas</strong></span> <span class='ocrx_word' id='word_1_820' title='bbox 741 2742 777 2771; x_wconf 88' lang='lat' dir='ltr'><strong>et</strong></span> <span class='ocrx_word' id='word_1_821' title='bbox 800 2739 902 2782; x_wconf 85' lang='lat' dir='ltr'><strong>regio</strong></span> <span class='ocrx_word' id='word_1_822' title='bbox 924 2739 1089 2772; x_wconf 90' lang='lat' dir='ltr'><strong>hostibus</strong></span> <span class='ocrx_word' id='word_1_823' title='bbox 1114 2739 1244 2782; x_wconf 88' lang='lat' dir='ltr'><strong>ignara</strong></span> <span class='ocrx_word' id='word_1_824' title='bbox 1260 2739 1284 2770; x_wconf 90' lang='lat' dir='ltr'><strong>J</strong></span> <span class='ocrx_word' id='word_1_825' title='bbox 1299 2738 1360 2778; x_wconf 90' lang='lat'><strong>52,</strong></span> <span class='ocrx_word' id='word_1_826' title='bbox 1379 2737 1411 2770; x_wconf 91' lang='lat'><strong>4.</strong></span> <span class='ocrx_word' id='word_1_827' title='bbox 1451 2738 1536 2776; x_wconf 75' lang='lat' dir='ltr'><strong>vino</strong></span> <span class='ocrx_word' id='word_1_828' title='bbox 1555 2740 1591 2769; x_wconf 87' lang='lat' dir='ltr'><strong>et</strong></span> <span class='ocrx_word' id='word_1_829' title='bbox 1609 2737 1726 2779; x_wconf 87' lang='lat' dir='ltr'><strong>epulis</strong></span> 
     </span>
     <span class='ocr_line' id='line_1_56' title="bbox 210 2781 1724 2828; baseline -0.003 -10"><span class='ocrx_word' id='word_1_830' title='bbox 210 2787 232 2818; x_wconf 93' lang='lat' dir='ltr'><strong>J</strong></span> <span class='ocrx_word' id='word_1_831' title='bbox 251 2785 304 2826; x_wconf 88' lang='lat'><strong>76,</strong></span> <span class='ocrx_word' id='word_1_832' title='bbox 323 2784 355 2818; x_wconf 88' lang='lat'><strong>6.</strong></span> <span class='ocrx_word' id='word_1_833' title='bbox 381 2785 558 2828; x_wconf 86' lang='lat' dir='ltr'><strong>pristinae</strong></span> <span class='ocrx_word' id='word_1_834' title='bbox 575 2785 720 2818; x_wconf 87' lang='lat' dir='ltr'><strong>virtutis</strong></span> <span class='ocrx_word' id='word_1_835' title='bbox 739 2787 776 2817; x_wconf 89' lang='lat' dir='ltr'><strong>et</strong></span> <span class='ocrx_word' id='word_1_836' title='bbox 792 2785 968 2818; x_wconf 87' lang='lat' dir='ltr'><strong>victoriae</strong></span> <span class='ocrx_word' id='word_1_837' title='bbox 984 2785 1008 2817; x_wconf 93' lang='lat' dir='ltr'><strong>J</strong></span> <span class='ocrx_word' id='word_1_838' title='bbox 1023 2783 1078 2824; x_wconf 83' lang='lat'><strong>49,</strong></span> <span class='ocrx_word' id='word_1_839' title='bbox 1089 2785 1121 2816; x_wconf 92' lang='lat'><strong>2.</strong></span> <span class='ocrx_word' id='word_1_840' title='bbox 1153 2785 1288 2817; x_wconf 89' lang='lat' dir='ltr'><strong>virtute</strong></span> <span class='ocrx_word' id='word_1_841' title='bbox 1307 2786 1343 2815; x_wconf 90' lang='lat' dir='ltr'><strong>et</strong></span> <span class='ocrx_word' id='word_1_842' title='bbox 1359 2783 1572 2815; x_wconf 88' lang='lat' dir='ltr'><strong>innocentia</strong></span> <span class='ocrx_word' id='word_1_843' title='bbox 1587 2782 1611 2815; x_wconf 92' lang='lat' dir='ltr'><strong>J</strong></span> <span class='ocrx_word' id='word_1_844' title='bbox 1626 2781 1724 2822; x_wconf 85' lang='lat'>85,4.</span> 
     </span>
     <span class='ocr_line' id='line_1_57' title="bbox 211 2827 1727 2872; baseline -0.001 -10"><span class='ocrx_word' id='word_1_845' title='bbox 211 2832 283 2863; x_wconf 88' lang='lat' dir='ltr'><strong>vim</strong></span> <span class='ocrx_word' id='word_1_846' title='bbox 303 2833 473 2863; x_wconf 87' lang='lat' dir='ltr'><strong>cunctam</strong></span> <span class='ocrx_word' id='word_1_847' title='bbox 491 2834 528 2862; x_wconf 88' lang='lat' dir='ltr'><strong>et</strong></span> <span class='ocrx_word' id='word_1_848' title='bbox 544 2830 686 2872; x_wconf 88' lang='lat' dir='ltr'><strong>inperia</strong></span> <span class='ocrx_word' id='word_1_849' title='bbox 706 2841 771 2862; x_wconf 89' lang='lat' dir='ltr'><strong>sua</strong></span> <span class='ocrx_word' id='word_1_850' title='bbox 788 2831 823 2862; x_wconf 88' lang='lat' dir='ltr'><strong>H</strong></span> <span class='ocrx_word' id='word_1_851' title='bbox 840 2831 895 2862; x_wconf 94' lang='lat' dir='ltr'><strong>III</strong></span> <span class='ocrx_word' id='word_1_852' title='bbox 911 2829 964 2869; x_wconf 90' lang='lat'><strong>61,</strong></span> <span class='ocrx_word' id='word_1_853' title='bbox 975 2830 1007 2863; x_wconf 91' lang='lat'><strong>5.</strong></span> <span class='ocrx_word' id='word_1_854' title='bbox 1040 2830 1117 2863; x_wconf 88' lang='lat' dir='ltr'><strong>vita</strong></span> <span class='ocrx_word' id='word_1_855' title='bbox 1136 2832 1171 2862; x_wconf 86' lang='lat' dir='ltr'><strong>et</strong></span> <span class='ocrx_word' id='word_1_856' title='bbox 1188 2839 1283 2861; x_wconf 86' lang='lat' dir='ltr'><strong>mors</strong></span> <span class='ocrx_word' id='word_1_857' title='bbox 1299 2829 1334 2860; x_wconf 89' lang='lat' dir='ltr'><strong>H</strong></span> <span class='ocrx_word' id='word_1_858' title='bbox 1350 2829 1385 2860; x_wconf 93' lang='lat' dir='ltr'><strong>II</strong></span> <span class='ocrx_word' id='word_1_859' title='bbox 1401 2827 1457 2868; x_wconf 92' lang='lat'><strong>41,</strong></span> <span class='ocrx_word' id='word_1_860' title='bbox 1473 2827 1505 2860; x_wconf 90' lang='lat'><strong>5.</strong></span> <span class='ocrx_word' id='word_1_861' title='bbox 1538 2827 1727 2861; x_wconf 83' lang='lat' dir='ltr'><strong>volucrum</strong></span> 
     </span>
     <span class='ocr_line' id='line_1_58' title="bbox 213 2871 1726 2918; baseline -0.001 -10"><span class='ocrx_word' id='word_1_862' title='bbox 213 2880 248 2908; x_wconf 91' lang='lat' dir='ltr'><strong>et</strong></span> <span class='ocrx_word' id='word_1_863' title='bbox 266 2877 423 2908; x_wconf 85' lang='lat' dir='ltr'><strong>ferarum</strong></span> <span class='ocrx_word' id='word_1_864' title='bbox 440 2876 475 2911; x_wconf 82' lang='lat' dir='ltr'><strong>H</strong></span> <span class='ocrx_word' id='word_1_865' title='bbox 491 2876 526 2908; x_wconf 94' lang='lat' dir='ltr'><strong>II</strong></span> <span class='ocrx_word' id='word_1_866' title='bbox 541 2875 595 2915; x_wconf 88' lang='lat'><strong>23,</strong></span> <span class='ocrx_word' id='word_1_867' title='bbox 607 2876 639 2907; x_wconf 92' lang='lat'><strong>4.</strong></span> <span class='ocrx_word' id='word_1_868' title='bbox 675 2886 696 2907; x_wconf 90' lang='lat' dir='ltr'><strong>a</strong></span> <span class='ocrx_word' id='word_1_869' title='bbox 717 2876 874 2908; x_wconf 87' lang='lat' dir='ltr'><strong>Gabinio</strong></span> <span class='ocrx_word' id='word_1_870' title='bbox 893 2877 930 2908; x_wconf 90' lang='lat' dir='ltr'><strong>et</strong></span> <span class='ocrx_word' id='word_1_871' title='bbox 947 2875 1126 2918; x_wconf 83' lang='lat' dir='ltr'><strong>Caepario</strong></span> <span class='ocrx_word' id='word_1_872' title='bbox 1145 2874 1171 2907; x_wconf 83' lang='lat' dir='ltr'>C</span> <span class='ocrx_word' id='word_1_873' title='bbox 1189 2874 1271 2915; x_wconf 84' lang='lat'>47,1</span> <span class='ocrx_word' id='word_1_874' title='bbox 1290 2876 1375 2906; x_wconf 85' lang='lat' dir='ltr'><strong>conl.</strong></span> <span class='ocrx_word' id='word_1_875' title='bbox 1400 2871 1486 2913; x_wconf 88' lang='lat' dir='ltr'>J39,</span> <span class='ocrx_word' id='word_1_876' title='bbox 1497 2873 1529 2904; x_wconf 89' lang='lat'><strong>2.</strong></span> <span class='ocrx_word' id='word_1_877' title='bbox 1548 2872 1603 2914; x_wconf 89' lang='lat'><strong>47,</strong></span> <span class='ocrx_word' id='word_1_878' title='bbox 1614 2871 1646 2905; x_wconf 92' lang='lat'><strong>3.</strong></span> <span class='ocrx_word' id='word_1_879' title='bbox 1679 2873 1726 2906; x_wconf 85' lang='lat' dir='ltr'><strong>ad</strong></span> 
     </span>
     <span class='ocr_line' id='line_1_59' title="bbox 211 2917 1726 2962; baseline -0.003 -8"><span class='ocrx_word' id='word_1_880' title='bbox 211 2922 233 2954; x_wconf 93' lang='lat' dir='ltr'><strong>J</strong></span> <span class='ocrx_word' id='word_1_881' title='bbox 254 2921 282 2962; x_wconf 86' lang='lat'><strong>1,</strong></span> <span class='ocrx_word' id='word_1_882' title='bbox 302 2920 333 2953; x_wconf 90' lang='lat'><strong>3.</strong></span> <span class='ocrx_word' id='word_1_883' title='bbox 359 2921 389 2962; x_wconf 91' lang='lat'><strong>4,</strong></span> <span class='ocrx_word' id='word_1_884' title='bbox 411 2921 441 2953; x_wconf 93' lang='lat'><strong>7.</strong></span> <span class='ocrx_word' id='word_1_885' title='bbox 474 2924 602 2954; x_wconf 86' lang='lat' dir='ltr'><strong>contra</strong></span> <span class='ocrx_word' id='word_1_886' title='bbox 621 2920 647 2953; x_wconf 90' lang='lat' dir='ltr'>C</span> <span class='ocrx_word' id='word_1_887' title='bbox 665 2920 720 2962; x_wconf 90' lang='lat'><strong>51,</strong></span> <span class='ocrx_word' id='word_1_888' title='bbox 739 2920 792 2954; x_wconf 91' lang='lat'><strong>43.</strong></span> <span class='ocrx_word' id='word_1_889' title='bbox 817 2922 842 2954; x_wconf 94' lang='lat' dir='ltr'><strong>J</strong></span> <span class='ocrx_word' id='word_1_890' title='bbox 858 2919 913 2961; x_wconf 91' lang='lat'><strong>28,</strong></span> <span class='ocrx_word' id='word_1_891' title='bbox 932 2920 963 2954; x_wconf 88' lang='lat'><strong>5.</strong></span> <span class='ocrx_word' id='word_1_892' title='bbox 988 2921 1023 2953; x_wconf 94' lang='lat' dir='ltr'><strong>H</strong></span> <span class='ocrx_word' id='word_1_893' title='bbox 1039 2921 1053 2952; x_wconf 92' lang='lat' dir='ltr'><strong>i</strong></span> <span class='ocrx_word' id='word_1_894' title='bbox 1068 2919 1123 2954; x_wconf 90' lang='lat'><strong>33.</strong></span> <span class='ocrx_word' id='word_1_895' title='bbox 1155 2930 1235 2953; x_wconf 89' lang='lat' dir='ltr'><strong>cum</strong></span> <span class='ocrx_word' id='word_1_896' title='bbox 1253 2919 1280 2952; x_wconf 85' lang='lat' dir='ltr'>C</span> <span class='ocrx_word' id='word_1_897' title='bbox 1298 2918 1352 2960; x_wconf 90' lang='lat'><strong>59,</strong></span> <span class='ocrx_word' id='word_1_898' title='bbox 1371 2917 1403 2952; x_wconf 88' lang='lat'><strong>3.</strong></span> <span class='ocrx_word' id='word_1_899' title='bbox 1427 2918 1451 2951; x_wconf 93' lang='lat' dir='ltr'><strong>J</strong></span> <span class='ocrx_word' id='word_1_900' title='bbox 1470 2917 1522 2960; x_wconf 92' lang='lat'><strong>13,</strong></span> <span class='ocrx_word' id='word_1_901' title='bbox 1537 2917 1570 2951; x_wconf 88' lang='lat'><strong>6.</strong></span> <span class='ocrx_word' id='word_1_902' title='bbox 1602 2917 1654 2960; x_wconf 88' lang='lat'><strong>14,</strong></span> <span class='ocrx_word' id='word_1_903' title='bbox 1673 2917 1726 2950; x_wconf 87' lang='lat'><strong>15.</strong></span> 
     </span>
    </p>
   </div>
  </div>
 </body>
</html>
