1826 3282
556 237 858 265 nlsromanvn
882 237 963 264 Lm.
988 237 1032 264 1v
1062 231 1123 267 51.
1153 231 1212 266 52.
1567 223 1646 264 109

119 331 257 386 οὔσας
293 336 346 393 τῇ
378 351 421 378 τε
462 335 600 392 μικρᾷ
633 330 842 390 Ἀρμενίᾳ
881 332 955 376 καὶ
988 334 1041 391 τῇ
1080 332 1422 390 Λαουιανσηνῇ,
1460 330 1647 388 ἐχούσας

118 398 340 459 ὀρυκτοὺς
366 398 476 452 ἅλας
512 401 585 444 καὶ
623 404 767 456 ἔρυμα
794 396 981 456 ἀρχαῖον
1011 397 1065 443 τὰ
1095 398 1275 456 Κάμισα
1305 400 1392 442 νῦν
1422 411 1647 444 κατεσπα-

118 471 298 526 σμένον.
361 474 401 513 ld
433 472 633 513 castellum
665 473 703 511 in
733 473 872 511 itinere
903 472 952 511 ab
985 471 1147 511 Lucullo
1177 471 1279 511 sacto
1309 476 1646 512 conmemoratum

118 541 235 581 fuisse
265 542 567 594 apertissumum
599 544 669 580 est.

232 645 278 682 51
318 642 405 695 [Kr.
444 647 493 679 10.
542 645 582 680 G.
611 647 654 678 52
666 641 697 694 ].
766 641 891 686 Quam
920 642 1112 680 maxumis
1140 641 1347 680 itineribus
1378 653 1448 691 per
1476 652 1645 691 regnum

117 708 392 750 Ariobarzanis
423 709 623 749 contendit
649 709 699 748 ad
728 708 890 747 fluvium
914 707 1155 758 Euphraten,
1187 720 1262 759 qua
1293 709 1332 747 in
1361 713 1472 759 parte
1494 708 1644 760 Cappa-

117 778 228 817 docia
258 777 308 817 ab
332 777 515 817 Armenia
547 776 774 826 diiungitur.
834 775 881 814 Et
913 787 1151 827 quamquam
1190 775 1312 835 adid
1341 787 1459 815 naves
1489 777 1644 817 codica-

116 846 197 884 riae
227 844 379 884 occulte
409 857 481 896 per
511 844 679 883 hiemem
709 843 921 882 fabricatae
951 842 1114 882 aderant
1144 873 1381 882 ...........

229 925 319 956 Non.
347 935 381 967 Ρ.
409 922 492 956 366:
521 923 718 955 Codicarias
742 932 844 954 naves
868 925 1054 953 etiamnunc
1082 922 1287 954 consuetudo
1312 925 1464 964 appellat
1489 933 1528 955 eo
1555 925 1647 966 quod

115 971 149 1000 in
171 969 359 1011 fiumznibus
381 970 451 1001 sint
472 972 557 1001 usui.
607 967 787 999 Sallustius
812 967 903 999 [list.
930 967 1104 998 ttb.1111:
1136 976 1243 1008 quam
1268 984 1311 988 —
1338 967 1502 999 aderant.
1553 969 1644 1001 Cum

119 1014 157 1046 in
174 1014 270 1046 Noni
286 1014 392 1046 libris
417 1014 591 1056 scriptum
616 1013 665 1045 sit
689 1023 885 1056 quamquam
909 1013 956 1044 ad
978 1021 1091 1057 naues,
1114 1011 1232 1043 minus
1252 1012 1451 1053 prudenter
1475 1015 1523 1045 att
1543 1025 1643 1056 pror-

118 1069 178 1090 sus
197 1059 295 1091 abici
315 1059 468 1098 videtur,
485 1069 594 1101 quam
611 1068 655 1089 ex
674 1058 769 1090 AJM
786 1058 833 1090 ad
847 1058 885 1089 id
900 1054 1027 1096 scribi,
1047 1056 1070 1088 i.
1091 1067 1122 1088 e.
1143 1056 1189 1088 ad
1206 1057 1467 1089 transeundum
1483 1058 1567 1091 fluv
1558 1069 1641 1090 ium.

117 1103 212 1144 Quid
236 1107 358 1136 autem
383 1103 591 1136 narraverit
615 1102 810 1138 ffillustius
834 1102 980 1134 dubium
1006 1104 1074 1133 est.
1115 1101 1334 1133 Plutarchus
1360 1106 1459 1134 certe
1486 1104 1573 1135 Luc.
1600 1105 1645 1135 24

117 1149 164 1181 ab
190 1159 232 1181 eo
257 1149 421 1182 divorsus
445 1149 532 1188 fuit3
553 1159 637 1180 nam
660 1145 726 1180 καὶ
745 1142 926 1180 κατιόντα
952 1141 1038 1188 (τὸν
1051 1140 1283 1197 Ευφράτην)
1305 1142 1428 1179 πολύν
1452 1145 1516 1180 καὶ
1533 1148 1643 1181 θολε-

139 1189 185 1225 ὁν
208 1189 284 1226 υπὸ
310 1203 492 1245 χειμωνος
511 1186 632 1234 ευρών
655 1188 856 1248 ἤσχαλλεν,
878 1202 929 1230 ως
954 1190 1154 1245 διατριβῆς
1171 1185 1273 1233 αὐτῷ
1297 1189 1362 1223 και
1381 1193 1643 1236 πραγματείας

117 1204 277 1282 {copim
280 1249 299 1277 ς
330 1234 534 1291 συνάγοντι
565 1238 763 1289 πορθμεῖα
794 1235 860 1270 καὶ
891 1232 1122 1290 πηγνυμένῳ
1136 1235 1318 1287 σχεδίας
1366 1238 1548 1271 Memnon.
1582 1250 1640 1281 ap.

116 1283 223 1317 Phot.
277 1283 378 1318 .238
402 1284 444 1317 Β.
472 1279 582 1334 διέβη
606 1294 711 1334 παρα
736 1277 857 1334 δόξαν
881 1278 974 1334 πέζῃ
998 1278 1064 1314 τὸν
1087 1274 1319 1324 Ευφροὶτην,
1344 1283 1437 1325 App.
1463 1283 1499 1315 b.
1524 1285 1574 1316 M.
1599 1285 1644 1316 84

117 1341 151 1372 p.
179 1296 272 1370 391,Ρ
286 1328 328 1361 16
352 1329 404 1361 nil
427 1329 499 1361 nisi
522 1324 588 1361 τὸν
605 1322 818 1370 Ευφροῖτην
841 1323 1022 1370 περάσας.
1065 1326 1236 1359 Ceterum
1254 1338 1298 1359 ex
1315 1328 1475 1360 membro
1494 1339 1643 1361 conoes—

115 1375 193 1407 sivo
219 1354 290 1417 adp
294 1378 384 1415 aret,
412 1373 623 1406 Sallustium
647 1374 692 1406 de
717 1372 936 1405 difficultate
960 1372 1175 1405 transeundi
1199 1372 1346 1412 dixisse,
1372 1373 1468 1405 unde
1493 1374 1572 1406 veri
1597 1374 1643 1406 si-

116 1420 200 1452 mile
227 1386 295 1461 estp,
322 1419 576 1452 admirabilem
600 1418 702 1451 illam
725 1418 880 1450 fluminis
905 1418 1200 1456 deminutionem,
1227 1417 1272 1450 de
1293 1428 1364 1459 qua
1380 1418 1476 1450 Plut.
1496 1419 1642 1462 copiose

117 1465 295 1507 exposuit,
322 1464 368 1497 ab
395 1475 438 1497 eo
462 1464 633 1497 omissam
659 1474 732 1496 non
757 1463 871 1495 fuisse
898 1462 984 1503 (vid.
1011 1463 1056 1495 fr.
1084 1463 1155 1494 ine.
1181 1462 1252 1504 97).

229 1555 318 1594 *52
350 1554 431 1608 [Kr.
466 1560 519 1593 11.
551 1557 592 1593 G.
616 1554 695 1606 55].
755 1553 893 1593 Isidor.
929 1553 996 1593 Or.
1030 1552 1117 1592 Xlll
1150 1553 1224 1598 21,
1263 1554 1311 1594 10
1341 1566 1380 1605 p.
1413 1554 1517 1594 429:
1558 1555 1641 1594 Sa-

114 1625 256 1662 lustius
291 1628 423 1663 autem
469 1627 609 1662 auctor
653 1624 894 1662 certissimus
935 1624 1080 1661 asserit
1128 1622 1278 1670 Tiqrim
1318 1629 1356 1660 et
1394 1622 1641 1672 Euphratem

114 1701 192 1730 uno
228 1690 343 1738 fonte
376 1701 548 1730 manare
585 1692 627 1728 in
658 1690 868 1737 Armenia,
908 1692 978 1739 qui
1007 1702 1083 1738 per
1119 1691 1280 1729 diversa
1316 1695 1452 1729 euntes
1486 1679 1642 1740 longius

114 1759 348 1797 dividuntur
380 1759 518 1808 spacio
556 1758 686 1797 medio
723 1759 861 1797 relicto
897 1759 1108 1796 multorum
1146 1759 1319 1805 milium,
1366 1769 1469 1805 quae
1508 1763 1640 1798 tamen

113 1832 244 1874 terra,
276 1837 378 1874 quae
408 1827 459 1864 ab
479 1827 575 1875 ipsis
603 1826 793 1868 ambitur,
822 1826 1107 1875 Mesopotamia
1134 1825 1292 1864 dicitur.
1351 1826 1419 1863 Ex
1439 1837 1515 1874 quo
1535 1827 1639 1865 Hie-

111 1905 299 1943 ronymus
327 1895 609 1942 animaduertit
639 1894 756 1931 aliter
786 1894 836 1931 cle
860 1893 1052 1941 paradisi
1073 1893 1304 1941 fluminibus
1327 1895 1634 1941 iutelliyendum.

113 1962 240 2001 Locus
270 1960 496 2012 Hieronymi
535 1965 594 2000 est
622 1958 689 1999 lib.
730 1960 779 1999 de
815 1960 977 2011 interpr.
1016 1971 1121 1998 nom.
1161 1958 1273 1999 hebr.
1313 1959 1356 1999 T.
1396 1959 1447 1999 111
1486 1972 1523 2011 p.
1557 1960 1637 1999 202

112 2029 172 2068 ed.
205 2028 392 2068 Vallars.:
435 2029 680 2078 Euphrates,
715 2030 862 2076 fluuius
890 2028 1218 2078 Meswotamiae‚
1256 2030 1296 2066 in
1323 2029 1524 2078 parade'so
1551 2032 1638 2068 ori*

110 2109 192 2136 ens.
253 2098 380 2136 Porro
401 2098 612 2136 Sallustius
642 2101 783 2135 auctor
811 2098 1051 2135 certissimus
1083 2098 1239 2135 asserit·
1259 2101 1339 2135 tam
1366 2096 1496 2145 Tiqus
1518 2108 1637 2145 quam

110 2165 332 2215 Euphratis
363 2166 401 2203 in
435 2165 624 2203 Armenia
657 2164 790 2212 sontes
827 2166 1106 2203 demonstrari.
1169 2164 1236 2203 Ecc
1264 2175 1341 2214 quo
1375 2166 1638 2204 animadver-

110 2235 226 2272 timus
253 2235 371 2272 aliter
399 2234 449 2271 de
475 2233 671 2282 paradiso
698 2237 737 2271 et
760 2233 991 2281 fluminibus
1019 2234 1104 2270 eius
1134 2233 1443 2280 inteltiyendum.
1496 2232 1635 2272 Utrum

111 2301 227 2351 igitur
258 2301 402 2339 rectius
433 2298 590 2338 Sallusti
626 2299 757 2339 locum
797 2299 994 2339 rettulisse
1023 2299 1152 2338 dicas?
1193 2299 1418 2338 Secundum
1442 2300 1634 2353 Hierony-

109 2379 217 2407 mum
244 2366 407 2407 dubium
438 2379 516 2406 nou
548 2371 626 2412 est,
659 2368 751 2418 quin
776 2366 982 2407 Sallustius
1009 2378 1126 2406 suum
1150 2368 1306 2419 utrique
1338 2367 1455 2407 ssuvio
1486 2368 1633 2407 sontem

109 2447 194 2474 esse
224 2435 375 2474 dixerit.
431 2434 544 2482 Quod
572 2435 605 2473 si
625 2434 789 2474 fortasse
816 2435 1006 2474 advorsus
1033 2434 1199 2490 aliorum
1220 2435 1521 2487 ‹lescriptioneS‚
1554 2438 1632 2487 qui,

109 2503 163 2543 uti
194 2515 285 2542 vera
314 2514 379 2542 res
408 2509 486 2547 est,
518 2507 729 2555 utrumque
761 2503 921 2542 fluvium
957 2515 1002 2542 ex
1033 2501 1212 2554 pluribus
1241 2505 1333 2542 rivis
1363 2504 1457 2542 oriri
1488 2504 1632 2543 docue-

107 2576 197 2610 rant
227 2570 314 2622 (vid.
346 2569 536 2609 Mannert.
571 2570 599 2607 V
631 2569 656 2607 2
686 2582 725 2620 p.
764 2570 840 2608 142
870 2571 992 2623 sqq.),
1029 2582 1169 2616 unum,
1203 2583 1281 2609 non
1311 2571 1446 2621 plures
1475 2571 1632 2621 utrique

108 2636 223 2677 fluvio
254 2638 403 2677 fontem
437 2649 523 2677 esse
545 2637 771 2677 Sallustium
799 2637 1019 2677 adseruisse
1051 2651 1096 2677 ex
1119 2637 1257 2677 Isidori
1282 2637 1411 2677 verbis
1432 2638 1631 2677 coniciun-

107 2705 199 2744 dum
227 2706 441 2755 putaveris,
482 2710 589 2744 certe
618 2705 724 2744 hune
759 2707 957 2756 pei-vorsis
989 2710 1026 2744 et
1059 2705 1123 2744 illo
1155 2717 1318 2755 prorsus
1344 2704 1515 2754 indignis
1545 2717 1630 2744 ver-

106 2771 166 2810 bis
196 2783 309 2812 usum
335 2784 421 2812 esse
450 2784 529 2811 non
559 2772 733 2823 negabis.
792 2773 877 2819 Qua
903 2785 948 2811 re
978 2773 1100 2811 satius
1124 2773 1273 2812 videtur
1304 2771 1395 2822 quid
1426 2770 1631 2812 Sallustius

106 2838 245 2878 dixerit
289 2838 539 2889 intellegere,
584 2852 701 2891 quam
746 2853 792 2879 ex
838 2839 1078 2878 inmunditiis
1112 2838 1250 2878 Isidori
1289 2851 1389 2890 quae
1426 2840 1510 2879 eius
1545 2840 1630 2891 ipsa

107 2905 224 2946 verba
264 2906 409 2945 fuerint
448 2905 655 2946 enucleare
692 2908 838 2946 conari.
910 2907 988 2946 Csr.
1030 2911 1236 2958 praeterea
1272 2905 1356 2946 Vib.
1395 2907 1484 2959 Seq.
1521 2920 1552 2947 s.
1592 2922 1624 2950 v.
