<?xml version="1.0" encoding="UTF-8"?>
<!DOCTYPE html PUBLIC "-//W3C//DTD XHTML 1.0 Transitional//EN"
    "http://www.w3.org/TR/xhtml1/DTD/xhtml1-transitional.dtd">
<html xmlns="http://www.w3.org/1999/xhtml" xml:lang="en" lang="en">
 <head>
  <title>
</title>
<meta http-equiv="Content-Type" content="text/html;charset=utf-8" />
  <meta name='ocr-system' content='tesseract 3.04.00' />
  <meta name='ocr-capabilities' content='ocr_page ocr_carea ocr_par ocr_line ocrx_word'/>
</head>
<body>
  <div class='ocr_page' id='page_1' title='image "./quaesupersunt02salluoft_0047.png"; bbox 0 0 1826 3282; ppageno 0'>
   <div class='ocr_carea' id='block_1_1' title="bbox 507 229 1617 296">
    <p class='ocr_par' dir='ltr' id='par_1_1' title="bbox 507 229 1617 296">
     <span class='ocr_line' id='line_1_1' title="bbox 507 229 1617 296; baseline -0.002 -7"><span class='ocrx_word' id='word_1_1' title='bbox 507 229 808 290; x_wconf 72' lang='lat' dir='ltr'>msromARvm</span> <span class='ocrx_word' id='word_1_2' title='bbox 839 262 923 288; x_wconf 79' lang='lat' dir='ltr'>mn.</span> <span class='ocrx_word' id='word_1_3' title='bbox 956 262 988 288; x_wconf 91' lang='lat'>11</span> <span class='ocrx_word' id='word_1_4' title='bbox 1019 243 1127 290; x_wconf 48' lang='grc'>24-</span> <span class='ocrx_word' id='word_1_5' title='bbox 1141 254 1199 290; x_wconf 75' lang='grc'>26.</span> <span class='ocrx_word' id='word_1_6' title='bbox 1297 290 1307 296; x_wconf 63' lang='lat'>.</span> <span class='ocrx_word' id='word_1_7' title='bbox 1563 248 1617 288; x_wconf 85' lang='lat'>39</span> 
     </span>
    </p>
   </div>
   <div class='ocr_carea' id='block_1_2' title="bbox 39 353 1654 1010">
    <p class='ocr_par' dir='ltr' id='par_1_2' title="bbox 39 353 1654 1010">
     <span class='ocr_line' id='line_1_2' title="bbox 53 353 1640 414; baseline -0.001 -12"><span class='ocrx_word' id='word_1_8' title='bbox 53 383 57 387; x_wconf 88' lang='lat'><em>-</em></span> <span class='ocrx_word' id='word_1_9' title='bbox 89 353 306 402; x_wconf 77' lang='lat' dir='ltr'>fabricatis:</span> <span class='ocrx_word' id='word_1_10' title='bbox 337 362 452 402; x_wconf 91' lang='lat' dir='ltr'>simul</span> <span class='ocrx_word' id='word_1_11' title='bbox 483 374 601 402; x_wconf 86' lang='lat' dir='ltr'>croco</span> <span class='ocrx_word' id='word_1_12' title='bbox 631 373 765 414; x_wconf 84' lang='lat' dir='ltr'>sparsa</span> <span class='ocrx_word' id='word_1_13' title='bbox 791 362 934 401; x_wconf 88' lang='lat' dir='ltr'>humus</span> <span class='ocrx_word' id='word_1_14' title='bbox 957 366 994 401; x_wconf 85' lang='lat' dir='ltr'>et</span> <span class='ocrx_word' id='word_1_15' title='bbox 1015 362 1087 401; x_wconf 89' lang='lat' dir='ltr'>alia</span> <span class='ocrx_word' id='word_1_16' title='bbox 1109 363 1147 400; x_wconf 91' lang='lat' dir='ltr'>in</span> <span class='ocrx_word' id='word_1_17' title='bbox 1168 361 1327 400; x_wconf 90' lang='lat' dir='ltr'>modum</span> <span class='ocrx_word' id='word_1_18' title='bbox 1349 360 1483 412; x_wconf 86' lang='lat' dir='ltr'>templi</span> <span class='ocrx_word' id='word_1_19' title='bbox 1513 361 1615 401; x_wconf 86' lang='lat' dir='ltr'>cele-</span> <span class='ocrx_word' id='word_1_20' title='bbox 1637 411 1640 413; x_wconf 13' lang='grc' dir='ltr'><strong>Δ</strong></span> 
     </span>
     <span class='ocr_line' id='line_1_3' title="bbox 42 418 1614 471; baseline 0 -2"><span class='ocrx_word' id='word_1_21' title='bbox 42 438 64 471; x_wconf 88' lang='grc'><strong>3</strong></span> <span class='ocrx_word' id='word_1_22' title='bbox 88 429 278 469; x_wconf 85' lang='lat' dir='ltr'>herrumi.</span> <span class='ocrx_word' id='word_1_23' title='bbox 328 430 536 469; x_wconf 88' lang='lat' dir='ltr'>Praeterea</span> <span class='ocrx_word' id='word_1_24' title='bbox 567 434 650 469; x_wconf 90' lang='lat' dir='ltr'>tum</span> <span class='ocrx_word' id='word_1_25' title='bbox 678 429 829 468; x_wconf 81' lang='lat' dir='ltr'><strong>sedenti</strong></span> <span class='ocrx_word' id='word_1_26' title='bbox 858 434 1069 469; x_wconf 81' lang='lat' dir='ltr'>transenna</span> <span class='ocrx_word' id='word_1_27' title='bbox 1101 418 1315 468; x_wconf 79' lang='lat' dir='ltr'>demissum</span> <span class='ocrx_word' id='word_1_28' title='bbox 1344 429 1537 470; x_wconf 80' lang='lat' dir='ltr'>Victoriae</span> <span class='ocrx_word' id='word_1_29' title='bbox 1564 431 1614 469; x_wconf 91' lang='lat' dir='ltr'>si-</span> 
     </span>
     <span class='ocr_line' id='line_1_4' title="bbox 88 497 1614 549; baseline 0 -13"><span class='ocrx_word' id='word_1_30' title='bbox 88 497 308 536; x_wconf 79' lang='lat' dir='ltr'>mulacrum</span> <span class='ocrx_word' id='word_1_31' title='bbox 348 509 437 536; x_wconf 90' lang='lat' dir='ltr'>cum</span> <span class='ocrx_word' id='word_1_32' title='bbox 474 497 695 536; x_wconf 88' lang='lat' dir='ltr'>machinato</span> <span class='ocrx_word' id='word_1_33' title='bbox 732 498 896 548; x_wconf 87' lang='lat' dir='ltr'>strepitu</span> <span class='ocrx_word' id='word_1_34' title='bbox 935 498 1151 536; x_wconf 83' lang='lat' dir='ltr'>tonitr&#39;uum</span> <span class='ocrx_word' id='word_1_35' title='bbox 1189 509 1375 536; x_wconf 86' lang='lat' dir='ltr'>coronam</span> <span class='ocrx_word' id='word_1_36' title='bbox 1406 498 1521 549; x_wconf 89' lang='lat' dir='ltr'>capiti</span> <span class='ocrx_word' id='word_1_37' title='bbox 1556 498 1614 537; x_wconf 90' lang='lat' dir='ltr'>in-</span> 
     </span>
     <span class='ocr_line' id='line_1_5' title="bbox 40 564 1613 616; baseline -0.001 -11"><span class='ocrx_word' id='word_1_38' title='bbox 40 573 62 605; x_wconf 78' lang='lat'>4</span> <span class='ocrx_word' id='word_1_39' title='bbox 87 564 278 615; x_wconf 89' lang='lat' dir='ltr'>ponebat,</span> <span class='ocrx_word' id='word_1_40' title='bbox 317 568 400 603; x_wconf 92' lang='lat' dir='ltr'>tum</span> <span class='ocrx_word' id='word_1_41' title='bbox 435 564 603 603; x_wconf 91' lang='lat' dir='ltr'>venienti</span> <span class='ocrx_word' id='word_1_42' title='bbox 642 568 729 603; x_wconf 87' lang='lat' dir='ltr'>ture</span> <span class='ocrx_word' id='word_1_43' title='bbox 759 565 869 615; x_wconf 85' lang='lat' dir='ltr'>quasi</span> <span class='ocrx_word' id='word_1_44' title='bbox 899 564 972 602; x_wconf 84' lang='lat' dir='ltr'>deo</span> <span class='ocrx_word' id='word_1_45' title='bbox 1004 564 1312 615; x_wconf 85' lang='lat' dir='ltr'>subplicahatur.</span> <span class='ocrx_word' id='word_1_46' title='bbox 1373 565 1481 615; x_wconf 85' lang='lat' dir='ltr'>Toga</span> <span class='ocrx_word' id='word_1_47' title='bbox 1511 566 1613 616; x_wconf 83' lang='lat' dir='ltr'>pieta</span> 
     </span>
     <span class='ocr_line' id='line_1_6' title="bbox 85 630 1641 682; baseline -0.001 -13"><span class='ocrx_word' id='word_1_48' title='bbox 85 631 318 682; x_wconf 87' lang='lat' dir='ltr'>plerumque</span> <span class='ocrx_word' id='word_1_49' title='bbox 345 630 512 670; x_wconf 88' lang='lat' dir='ltr'>amiculo</span> <span class='ocrx_word' id='word_1_50' title='bbox 539 635 622 670; x_wconf 87' lang='lat' dir='ltr'>erat</span> <span class='ocrx_word' id='word_1_51' title='bbox 654 632 687 670; x_wconf 88' lang='lat' dir='ltr'>ei</span> <span class='ocrx_word' id='word_1_52' title='bbox 714 631 986 670; x_wconf 76' lang='lat' dir='ltr'>adcumbenti:</span> <span class='ocrx_word' id='word_1_53' title='bbox 1018 631 1155 682; x_wconf 82' lang='lat' dir='ltr'>epulae</span> <span class='ocrx_word' id='word_1_54' title='bbox 1183 633 1516 682; x_wconf 87' lang='lat' dir='ltr'>quaesitissumae,</span> <span class='ocrx_word' id='word_1_55' title='bbox 1545 644 1641 672; x_wconf 71' lang='grc' dir='ltr'>[ιε-5</span> 
     </span>
     <span class='ocr_line' id='line_1_7' title="bbox 86 698 1613 749; baseline 0.001 -11"><span class='ocrx_word' id='word_1_56' title='bbox 86 711 163 749; x_wconf 90' lang='lat' dir='ltr'>que</span> <span class='ocrx_word' id='word_1_57' title='bbox 197 710 269 749; x_wconf 87' lang='lat' dir='ltr'>per</span> <span class='ocrx_word' id='word_1_58' title='bbox 307 710 463 737; x_wconf 86' lang='lat' dir='ltr'>omnem</span> <span class='ocrx_word' id='word_1_59' title='bbox 495 698 612 736; x_wconf 89' lang='lat' dir='ltr'>modo</span> <span class='ocrx_word' id='word_1_60' title='bbox 648 699 890 748; x_wconf 87' lang='lat' dir='ltr'>provinciam</span> <span class='ocrx_word' id='word_1_61' title='bbox 925 704 983 737; x_wconf 88' lang='lat' dir='ltr'>set</span> <span class='ocrx_word' id='word_1_62' title='bbox 1019 700 1275 738; x_wconf 84' lang='lat' dir='ltr'>trans-maria</span> <span class='ocrx_word' id='word_1_63' title='bbox 1306 712 1360 739; x_wconf 52' lang='lat' dir='ltr'>ex1</span> <span class='ocrx_word' id='word_1_64' title='bbox 1383 700 1613 739; x_wconf 79' lang='lat' dir='ltr'>Mauritania</span> 
     </span>
     <span class='ocr_line' id='line_1_8' title="bbox 39 765 1614 817; baseline 0.001 -12"><span class='ocrx_word' id='word_1_65' title='bbox 39 775 62 807; x_wconf 82' lang='lat'>5</span> <span class='ocrx_word' id='word_1_66' title='bbox 86 765 290 804; x_wconf 84' lang='lat' dir='ltr'>voluerum</span> <span class='ocrx_word' id='word_1_67' title='bbox 322 769 360 803; x_wconf 92' lang='lat' dir='ltr'>et</span> <span class='ocrx_word' id='word_1_68' title='bbox 387 765 561 804; x_wconf 79' lang='lat' dir='ltr'>serarum</span> <span class='ocrx_word' id='word_1_69' title='bbox 593 766 789 814; x_wconf 81' lang='lat' dir='ltr'>incognita</span> <span class='ocrx_word' id='word_1_70' title='bbox 816 770 929 805; x_wconf 82' lang='lat' dir='ltr'>antea</span> <span class='ocrx_word' id='word_1_71' title='bbox 953 765 1135 817; x_wconf 81' lang='lat' dir='ltr'>pluruma</span> <span class='ocrx_word' id='word_1_72' title='bbox 1162 778 1319 817; x_wconf 83' lang='lat' dir='ltr'>genera.</span> <span class='ocrx_word' id='word_1_73' title='bbox 1369 766 1463 812; x_wconf 85' lang='lat' dir='ltr'>Quis</span> <span class='ocrx_word' id='word_1_74' title='bbox 1493 767 1614 806; x_wconf 88' lang='lat' dir='ltr'>rebus</span> 
     </span>
     <span class='ocr_line' id='line_1_9' title="bbox 84 831 1613 884; baseline 0.002 -13"><span class='ocrx_word' id='word_1_75' title='bbox 84 832 320 884; x_wconf 83' lang='lat' dir='ltr'>aliquantam</span> <span class='ocrx_word' id='word_1_76' title='bbox 361 837 515 884; x_wconf 89' lang='lat' dir='ltr'>partem</span> <span class='ocrx_word' id='word_1_77' title='bbox 549 831 696 882; x_wconf 85' lang='lat' dir='ltr'>gloriae</span> <span class='ocrx_word' id='word_1_78' title='bbox 735 833 976 884; x_wconf 75' lang='lat' dir='ltr'>dempserat,</span> <span class='ocrx_word' id='word_1_79' title='bbox 1022 846 1204 875; x_wconf 83' lang='lat' dir='ltr'>maxume</span> <span class='ocrx_word' id='word_1_80' title='bbox 1242 834 1344 884; x_wconf 88' lang='lat' dir='ltr'>apud</span> <span class='ocrx_word' id='word_1_81' title='bbox 1384 838 1536 873; x_wconf 83' lang='lat' dir='ltr'>veteres</span> <span class='ocrx_word' id='word_1_82' title='bbox 1575 839 1613 874; x_wconf 90' lang='lat' dir='ltr'>et</span> 
     </span>
     <span class='ocr_line' id='line_1_10' title="bbox 83 899 1611 952; baseline 0.002 -14"><span class='ocrx_word' id='word_1_83' title='bbox 83 904 240 939; x_wconf 87' lang='lat' dir='ltr'>sanctos</span> <span class='ocrx_word' id='word_1_84' title='bbox 267 901 391 945; x_wconf 88' lang='lat' dir='ltr'>viros,</span> <span class='ocrx_word' id='word_1_85' title='bbox 423 899 595 952; x_wconf 90' lang='lat' dir='ltr'>superba</span> <span class='ocrx_word' id='word_1_86' title='bbox 625 899 687 939; x_wconf 91' lang='lat' dir='ltr'>illa</span> <span class='ocrx_word' id='word_1_87' title='bbox 720 901 852 950; x_wconf 82' lang='lat' dir='ltr'>gravia</span> <span class='ocrx_word' id='word_1_88' title='bbox 886 901 1043 950; x_wconf 82' lang='lat' dir='ltr'>indigna</span> <span class='ocrx_word' id='word_1_89' title='bbox 1075 900 1252 940; x_wconf 85' lang='lat' dir='ltr'>Romano</span> <span class='ocrx_word' id='word_1_90' title='bbox 1283 903 1436 952; x_wconf 88' lang='lat' dir='ltr'>inperio</span> <span class='ocrx_word' id='word_1_91' title='bbox 1467 903 1611 941; x_wconf 87' lang='lat' dir='ltr'>existu-</span> 
     </span>
     <span class='ocr_line' id='line_1_11' title="bbox 83 971 1654 1010; baseline 0.003 -4"><span class='ocrx_word' id='word_1_92' title='bbox 83 971 246 1007; x_wconf 89' lang='lat' dir='ltr'>mantes.</span> <span class='ocrx_word' id='word_1_93' title='bbox 1625 985 1654 1010; x_wconf 82' lang='grc' dir='ltr'>ιο</span> 
     </span>
    </p>
   </div>
   <div class='ocr_carea' id='block_1_3' title="bbox 76 1056 1611 1504">
    <p class='ocr_par' dir='ltr' id='par_1_3' title="bbox 76 1056 1611 1504">
     <span class='ocr_line' id='line_1_12' title="bbox 195 1056 1610 1099; baseline 0.002 -11"><span class='ocrx_word' id='word_1_94' title='bbox 195 1057 216 1099; x_wconf 70' lang='grc' dir='ltr'>’ἶ</span> <span class='ocrx_word' id='word_1_95' title='bbox 240 1067 294 1099; x_wconf 89' lang='lat' dir='ltr'>sq.</span> <span class='ocrx_word' id='word_1_96' title='bbox 321 1056 423 1089; x_wconf 83' lang='lat' dir='ltr'>Serv.</span> <span class='ocrx_word' id='word_1_97' title='bbox 444 1057 490 1089; x_wconf 87' lang='lat' dir='ltr'>ad</span> <span class='ocrx_word' id='word_1_98' title='bbox 507 1056 616 1098; x_wconf 84' lang='lat' dir='ltr'>Verg.</span> <span class='ocrx_word' id='word_1_99' title='bbox 635 1056 727 1089; x_wconf 90' lang='lat' dir='ltr'>Aen.</span> <span class='ocrx_word' id='word_1_100' title='bbox 746 1057 798 1089; x_wconf 94' lang='lat' dir='ltr'>IV</span> <span class='ocrx_word' id='word_1_101' title='bbox 813 1056 897 1089; x_wconf 81' lang='lat'>488:</span> <span class='ocrx_word' id='word_1_102' title='bbox 929 1058 1086 1090; x_wconf 85' lang='lat' dir='ltr'>Traieeto</span> <span class='ocrx_word' id='word_1_103' title='bbox 1112 1063 1262 1096; x_wconf 62' lang='lat' dir='ltr'>extento,</span> <span class='ocrx_word' id='word_1_104' title='bbox 1288 1060 1375 1091; x_wconf 87' lang='lat' dir='ltr'>unde</span> <span class='ocrx_word' id='word_1_105' title='bbox 1401 1062 1610 1091; x_wconf 82' lang='lat' dir='ltr'>‘transenna&#39;</span> 
     </span>
     <span class='ocr_line' id='line_1_13' title="bbox 81 1101 1608 1145; baseline 0.001 -11"><span class='ocrx_word' id='word_1_106' title='bbox 81 1102 206 1134; x_wconf 85' lang='lat' dir='ltr'>dieitur</span> <span class='ocrx_word' id='word_1_107' title='bbox 230 1105 390 1134; x_wconf 73' lang='lat' dir='ltr'>extentus</span> <span class='ocrx_word' id='word_1_108' title='bbox 411 1101 517 1142; x_wconf 84' lang='lat' dir='ltr'>funis.</span> <span class='ocrx_word' id='word_1_109' title='bbox 565 1102 767 1134; x_wconf 77' lang='lat' dir='ltr'>Sallustius:</span> <span class='ocrx_word' id='word_1_110' title='bbox 794 1101 1026 1144; x_wconf 85' lang='lat' dir='ltr'>[Transenna</span> <span class='ocrx_word' id='word_1_111' title='bbox 1051 1103 1247 1136; x_wconf 88' lang='lat' dir='ltr'>demissum</span> <span class='ocrx_word' id='word_1_112' title='bbox 1272 1104 1452 1136; x_wconf 89' lang='lat' dir='ltr'>victoriae</span> <span class='ocrx_word' id='word_1_113' title='bbox 1479 1104 1538 1145; x_wconf 86' lang='lat' dir='ltr'>(al.</span> <span class='ocrx_word' id='word_1_114' title='bbox 1556 1105 1608 1136; x_wconf 92' lang='lat' dir='ltr'>vi-</span> 
     </span>
     <span class='ocr_line' id='line_1_14' title="bbox 81 1144 1611 1192; baseline 0.001 -13"><span class='ocrx_word' id='word_1_115' title='bbox 81 1145 210 1188; x_wconf 88' lang='lat' dir='ltr'>ctoris)</span> <span class='ocrx_word' id='word_1_116' title='bbox 235 1145 499 1179; x_wconf 82' lang='lat' dir='ltr'>simulachrum</span> <span class='ocrx_word' id='word_1_117' title='bbox 525 1144 622 1188; x_wconf 87' lang='lat' dir='ltr'>cum]</span> <span class='ocrx_word' id='word_1_118' title='bbox 651 1147 863 1179; x_wconf 83' lang='lat' dir='ltr'>machinato</span> <span class='ocrx_word' id='word_1_119' title='bbox 888 1149 1045 1190; x_wconf 89' lang='lat' dir='ltr'>strepitu</span> <span class='ocrx_word' id='word_1_120' title='bbox 1068 1151 1270 1180; x_wconf 82' lang='lat' dir='ltr'>transenna</span> <span class='ocrx_word' id='word_1_121' title='bbox 1288 1159 1424 1181; x_wconf 86' lang='lat' dir='ltr'>corona</span> <span class='ocrx_word' id='word_1_122' title='bbox 1441 1149 1479 1181; x_wconf 92' lang='lat' dir='ltr'>in</span> <span class='ocrx_word' id='word_1_123' title='bbox 1498 1153 1611 1192; x_wconf 87' lang='lat' dir='ltr'>caput</span> 
     </span>
     <span class='ocr_line' id='line_1_15' title="bbox 81 1190 1607 1236; baseline 0.003 -14"><span class='ocrx_word' id='word_1_124' title='bbox 81 1191 192 1233; x_wconf 83' lang='lat' dir='ltr'>(Lips.</span> <span class='ocrx_word' id='word_1_125' title='bbox 212 1191 340 1234; x_wconf 85' lang='lat' dir='ltr'>capiti)</span> <span class='ocrx_word' id='word_1_126' title='bbox 358 1191 619 1233; x_wconf 76' lang='lat' dir='ltr'>imponebatur</span> <span class='ocrx_word' id='word_1_127' title='bbox 636 1190 774 1232; x_wconf 73' lang='lat' dir='ltr'>(Guelf.</span> <span class='ocrx_word' id='word_1_128' title='bbox 794 1192 812 1223; x_wconf 97' lang='lat' dir='ltr'>I</span> <span class='ocrx_word' id='word_1_129' title='bbox 830 1193 868 1223; x_wconf 92' lang='lat' dir='ltr'>in</span> <span class='ocrx_word' id='word_1_130' title='bbox 886 1193 1022 1234; x_wconf 68' lang='lat' dir='ltr'>capite*</span> <span class='ocrx_word' id='word_1_131' title='bbox 1036 1194 1260 1236; x_wconf 80' lang='lat' dir='ltr'>imponebat.</span> <span class='ocrx_word' id='word_1_132' title='bbox 1303 1194 1360 1225; x_wconf 83' lang='grc' dir='ltr'>ΑΙ.</span> <span class='ocrx_word' id='word_1_133' title='bbox 1379 1195 1536 1236; x_wconf 88' lang='lat' dir='ltr'>strepitu</span> <span class='ocrx_word' id='word_1_134' title='bbox 1554 1198 1607 1226; x_wconf 89' lang='lat' dir='ltr'>to-</span> 
     </span>
     <span class='ocr_line' id='line_1_16' title="bbox 78 1236 1609 1281; baseline 0.001 -13"><span class='ocrx_word' id='word_1_135' title='bbox 78 1237 239 1268; x_wconf 90' lang='lat' dir='ltr'>nitruum</span> <span class='ocrx_word' id='word_1_136' title='bbox 265 1246 436 1268; x_wconf 87' lang='lat' dir='ltr'>coronam</span> <span class='ocrx_word' id='word_1_137' title='bbox 463 1236 580 1278; x_wconf 87' lang='lat' dir='ltr'>capiti</span> <span class='ocrx_word' id='word_1_138' title='bbox 604 1236 852 1278; x_wconf 85' lang='lat' dir='ltr'>imponebat).</span> <span class='ocrx_word' id='word_1_139' title='bbox 884 1255 928 1259; x_wconf 91' lang='lat'><em>—</em></span> <span class='ocrx_word' id='word_1_140' title='bbox 959 1238 1051 1270; x_wconf 89' lang='lat' dir='ltr'>Non.</span> <span class='ocrx_word' id='word_1_141' title='bbox 1078 1249 1111 1280; x_wconf 88' lang='lat' dir='ltr'>p.</span> <span class='ocrx_word' id='word_1_142' title='bbox 1142 1238 1223 1281; x_wconf 65' lang='lat'>122:</span> <span class='ocrx_word' id='word_1_143' title='bbox 1262 1238 1460 1270; x_wconf 73' lang='lat' dir='ltr'>Transenna</span> <span class='ocrx_word' id='word_1_144' title='bbox 1484 1250 1549 1271; x_wconf 84' lang='lat' dir='ltr'>non</span> <span class='ocrx_word' id='word_1_145' title='bbox 1574 1244 1609 1270; x_wconf 84' lang='lat' dir='ltr'>ut</span> 
     </span>
     <span class='ocr_line' id='line_1_17' title="bbox 76 1281 1607 1324; baseline 0.002 -12"><span class='ocrx_word' id='word_1_146' title='bbox 76 1282 213 1324; x_wconf 76' lang='lat' dir='ltr'>quidam</span> <span class='ocrx_word' id='word_1_147' title='bbox 225 1285 349 1323; x_wconf 82' lang='lat' dir='ltr'>putant</span> <span class='ocrx_word' id='word_1_148' title='bbox 365 1283 540 1318; x_wconf 74' lang='lat' dir='ltr'>transitus,</span> <span class='ocrx_word' id='word_1_149' title='bbox 558 1283 621 1313; x_wconf 83' lang='lat' dir='ltr'>sed</span> <span class='ocrx_word' id='word_1_150' title='bbox 637 1286 688 1313; x_wconf 83' lang='lat' dir='ltr'>est</span> <span class='ocrx_word' id='word_1_151' title='bbox 703 1282 871 1321; x_wconf 80' lang='lat' dir='ltr'>fenestra.</span> <span class='ocrx_word' id='word_1_152' title='bbox 889 1300 935 1304; x_wconf 97' lang='lat'><strong>—</strong></span> <span class='ocrx_word' id='word_1_153' title='bbox 958 1281 1139 1314; x_wconf 85' lang='lat' dir='ltr'>Sallustius</span> <span class='ocrx_word' id='word_1_154' title='bbox 1151 1283 1246 1315; x_wconf 83' lang='lat' dir='ltr'>Hist.</span> <span class='ocrx_word' id='word_1_155' title='bbox 1261 1283 1316 1315; x_wconf 84' lang='lat' dir='ltr'>lib.</span> <span class='ocrx_word' id='word_1_156' title='bbox 1331 1284 1386 1314; x_wconf 92' lang='lat' dir='ltr'>II:</span> <span class='ocrx_word' id='word_1_157' title='bbox 1405 1287 1607 1316; x_wconf 84' lang='lat' dir='ltr'>transenna</span> 
     </span>
     <span class='ocr_line' id='line_1_18' title="bbox 78 1325 1607 1371; baseline 0.001 -13"><span class='ocrx_word' id='word_1_158' title='bbox 78 1326 267 1358; x_wconf 85' lang='lat' dir='ltr'>dimissum</span> <span class='ocrx_word' id='word_1_159' title='bbox 291 1326 474 1359; x_wconf 85' lang='lat' dir='ltr'>victoriae</span> <span class='ocrx_word' id='word_1_160' title='bbox 499 1325 734 1357; x_wconf 83' lang='lat' dir='ltr'>simulacrum</span> <span class='ocrx_word' id='word_1_161' title='bbox 761 1337 842 1358; x_wconf 85' lang='lat' dir='ltr'>cum</span> <span class='ocrx_word' id='word_1_162' title='bbox 866 1327 1078 1359; x_wconf 88' lang='lat' dir='ltr'>machinato</span> <span class='ocrx_word' id='word_1_163' title='bbox 1110 1328 1268 1370; x_wconf 88' lang='lat' dir='ltr'>strepitu</span> <span class='ocrx_word' id='word_1_164' title='bbox 1294 1337 1464 1360; x_wconf 86' lang='lat' dir='ltr'>coronam</span> <span class='ocrx_word' id='word_1_165' title='bbox 1491 1330 1607 1371; x_wconf 86' lang='lat' dir='ltr'>capiti</span> 
     </span>
     <span class='ocr_line' id='line_1_19' title="bbox 78 1369 1605 1414; baseline 0.003 -12"><span class='ocrx_word' id='word_1_166' title='bbox 78 1372 290 1414; x_wconf 86' lang='lat' dir='ltr'>inponebat.</span> <span class='ocrx_word' id='word_1_167' title='bbox 323 1388 368 1393; x_wconf 89' lang='lat'>—</span> <span class='ocrx_word' id='word_1_168' title='bbox 396 1370 450 1402; x_wconf 84' lang='lat' dir='ltr'>Id.</span> <span class='ocrx_word' id='word_1_169' title='bbox 474 1381 511 1413; x_wconf 82' lang='lat' dir='ltr'>p.</span> <span class='ocrx_word' id='word_1_170' title='bbox 542 1369 621 1403; x_wconf 83' lang='lat'>196:</span> <span class='ocrx_word' id='word_1_171' title='bbox 655 1372 833 1403; x_wconf 82' lang='lat' dir='ltr'>Dimittere</span> <span class='ocrx_word' id='word_1_172' title='bbox 858 1373 1007 1414; x_wconf 82' lang='lat' dir='ltr'>desuper</span> <span class='ocrx_word' id='word_1_173' title='bbox 1030 1377 1173 1404; x_wconf 82' lang='lat' dir='ltr'>mittere.</span> <span class='ocrx_word' id='word_1_174' title='bbox 1206 1390 1249 1395; x_wconf 91' lang='lat'><strong>—</strong></span> <span class='ocrx_word' id='word_1_175' title='bbox 1282 1373 1462 1405; x_wconf 82' lang='lat' dir='ltr'>Sallustius</span> <span class='ocrx_word' id='word_1_176' title='bbox 1486 1375 1605 1406; x_wconf 83' lang='lat' dir='ltr'>Histo—</span> 
     </span>
     <span class='ocr_line' id='line_1_20' title="bbox 76 1414 1606 1460; baseline 0.003 -13"><span class='ocrx_word' id='word_1_177' title='bbox 76 1419 205 1448; x_wconf 80' lang='lat' dir='ltr'>riarum</span> <span class='ocrx_word' id='word_1_178' title='bbox 228 1416 282 1448; x_wconf 86' lang='lat' dir='ltr'>lib.</span> <span class='ocrx_word' id='word_1_179' title='bbox 309 1416 366 1447; x_wconf 96' lang='lat' dir='ltr'>III</span> <span class='ocrx_word' id='word_1_180' title='bbox 391 1414 530 1458; x_wconf 83' lang='lat' dir='ltr'>(sic!):</span> <span class='ocrx_word' id='word_1_181' title='bbox 563 1426 644 1448; x_wconf 89' lang='lat' dir='ltr'>cum</span> <span class='ocrx_word' id='word_1_182' title='bbox 669 1416 852 1449; x_wconf 83' lang='lat' dir='ltr'>machinis</span> <span class='ocrx_word' id='word_1_183' title='bbox 879 1417 1094 1457; x_wconf 86' lang='lat' dir='ltr'>(machinae</span> <span class='ocrx_word' id='word_1_184' title='bbox 1118 1415 1210 1460; x_wconf 70' lang='lat' dir='ltr'>myJ)</span> <span class='ocrx_word' id='word_1_185' title='bbox 1234 1419 1392 1460; x_wconf 86' lang='lat' dir='ltr'>strepitu</span> <span class='ocrx_word' id='word_1_186' title='bbox 1417 1418 1606 1451; x_wconf 86' lang='lat' dir='ltr'>dimissum</span> 
     </span>
     <span class='ocr_line' id='line_1_21' title="bbox 76 1460 1144 1504; baseline 0.001 -11"><span class='ocrx_word' id='word_1_187' title='bbox 76 1461 267 1493; x_wconf 82' lang='lat' dir='ltr'>Victoriae</span> <span class='ocrx_word' id='word_1_188' title='bbox 292 1460 530 1493; x_wconf 86' lang='lat' dir='ltr'>simulacrum</span> <span class='ocrx_word' id='word_1_189' title='bbox 555 1471 725 1493; x_wconf 87' lang='lat' dir='ltr'>coronam</span> <span class='ocrx_word' id='word_1_190' title='bbox 752 1462 869 1504; x_wconf 85' lang='lat' dir='ltr'>capiti</span> <span class='ocrx_word' id='word_1_191' title='bbox 893 1462 1144 1504; x_wconf 87' lang='lat' dir='ltr'>imponebant.</span> 
     </span>
    </p>
   </div>
   <div class='ocr_carea' id='block_1_4' title="bbox 73 1539 1605 1942">
    <p class='ocr_par' dir='ltr' id='par_1_4' title="bbox 73 1539 1605 1942">
     <span class='ocr_line' id='line_1_22' title="bbox 76 1539 1605 1583; baseline 0.003 -13"><span class='ocrx_word' id='word_1_192' title='bbox 76 1539 110 1570; x_wconf 72' lang='lat'>2.</span> <span class='ocrx_word' id='word_1_193' title='bbox 148 1540 246 1581; x_wconf 77' lang='lat' dir='ltr'>Volq.</span> <span class='ocrx_word' id='word_1_194' title='bbox 273 1549 354 1571; x_wconf 89' lang='lat' dir='ltr'>cum</span> <span class='ocrx_word' id='word_1_195' title='bbox 378 1539 533 1571; x_wconf 81' lang='lat' dir='ltr'>sedenti.</span> <span class='ocrx_word' id='word_1_196' title='bbox 578 1539 640 1572; x_wconf 87' lang='lat' dir='ltr'>Set</span> <span class='ocrx_word' id='word_1_197' title='bbox 670 1543 824 1582; x_wconf 82' lang='lat' dir='ltr'>quoniam</span> <span class='ocrx_word' id='word_1_198' title='bbox 854 1551 920 1582; x_wconf 84' lang='lat' dir='ltr'>per</span> <span class='ocrx_word' id='word_1_199' title='bbox 944 1551 1024 1572; x_wconf 84' lang='lat' dir='ltr'>cum</span> <span class='ocrx_word' id='word_1_200' title='bbox 1049 1559 1092 1563; x_wconf 97' lang='lat'><strong>—</strong></span> <span class='ocrx_word' id='word_1_201' title='bbox 1119 1543 1194 1573; x_wconf 87' lang='lat' dir='ltr'>tum</span> <span class='ocrx_word' id='word_1_202' title='bbox 1217 1552 1351 1583; x_wconf 80' lang='lat' dir='ltr'>semper</span> <span class='ocrx_word' id='word_1_203' title='bbox 1374 1544 1424 1574; x_wconf 87' lang='lat' dir='ltr'>ita</span> <span class='ocrx_word' id='word_1_204' title='bbox 1447 1543 1512 1575; x_wconf 78' lang='lat' dir='ltr'>(luo</span> <span class='ocrx_word' id='word_1_205' title='bbox 1538 1543 1605 1575; x_wconf 80' lang='lat' dir='ltr'>dis-</span> 
     </span>
     <span class='ocr_line' id='line_1_23' title="bbox 77 1585 1602 1627; baseline 0.003 -12"><span class='ocrx_word' id='word_1_206' title='bbox 77 1586 256 1625; x_wconf 59' lang='lat' dir='ltr'>iunguntur</span> <span class='ocrx_word' id='word_1_207' title='bbox 278 1589 314 1616; x_wconf 82' lang='lat' dir='ltr'>ut</span> <span class='ocrx_word' id='word_1_208' title='bbox 336 1585 433 1626; x_wconf 85' lang='lat' dir='ltr'>prius</span> <span class='ocrx_word' id='word_1_209' title='bbox 457 1586 557 1616; x_wconf 85' lang='lat' dir='ltr'>latius</span> <span class='ocrx_word' id='word_1_210' title='bbox 578 1588 709 1626; x_wconf 81' lang='lat' dir='ltr'>pateat,</span> <span class='ocrx_word' id='word_1_211' title='bbox 736 1587 876 1618; x_wconf 85' lang='lat' dir='ltr'>alterum</span> <span class='ocrx_word' id='word_1_212' title='bbox 900 1588 1006 1627; x_wconf 64' lang='lat' dir='ltr'>magis</span> <span class='ocrx_word' id='word_1_213' title='bbox 1030 1586 1220 1627; x_wconf 64' lang='lat' dir='ltr'>ecferatur,</span> <span class='ocrx_word' id='word_1_214' title='bbox 1253 1588 1316 1619; x_wconf 76' lang='lat' dir='ltr'>hoc</span> <span class='ocrx_word' id='word_1_215' title='bbox 1345 1598 1424 1619; x_wconf 82' lang='lat' dir='ltr'>vero</span> <span class='ocrx_word' id='word_1_216' title='bbox 1455 1589 1528 1620; x_wconf 81' lang='lat' dir='ltr'>loco</span> <span class='ocrx_word' id='word_1_217' title='bbox 1560 1589 1602 1620; x_wconf 83' lang='lat' dir='ltr'>de</span> 
     </span>
     <span class='ocr_line' id='line_1_24' title="bbox 76 1629 1603 1674; baseline 0.003 -14"><span class='ocrx_word' id='word_1_218' title='bbox 76 1629 177 1661; x_wconf 84' lang='lat' dir='ltr'>rebus</span> <span class='ocrx_word' id='word_1_219' title='bbox 199 1629 393 1671; x_wconf 67' lang='lat' dir='ltr'>promiscue</span> <span class='ocrx_word' id='word_1_220' title='bbox 409 1629 515 1670; x_wconf 81' lang='lat' dir='ltr'>factis</span> <span class='ocrx_word' id='word_1_221' title='bbox 538 1639 723 1662; x_wconf 84' lang='lat' dir='ltr'>sermonem</span> <span class='ocrx_word' id='word_1_222' title='bbox 754 1641 828 1662; x_wconf 86' lang='lat' dir='ltr'>esse</span> <span class='ocrx_word' id='word_1_223' title='bbox 859 1632 936 1663; x_wconf 81' lang='lat' dir='ltr'>inde</span> <span class='ocrx_word' id='word_1_224' title='bbox 961 1633 1126 1673; x_wconf 80' lang='lat' dir='ltr'>adparet,</span> <span class='ocrx_word' id='word_1_225' title='bbox 1159 1633 1250 1674; x_wconf 82' lang='lat' dir='ltr'>quod</span> <span class='ocrx_word' id='word_1_226' title='bbox 1273 1632 1418 1664; x_wconf 84' lang='lat' dir='ltr'>sedenti</span> <span class='ocrx_word' id='word_1_227' title='bbox 1440 1634 1603 1674; x_wconf 73' lang='lat' dir='ltr'>praemis·—</span> 
     </span>
     <span class='ocr_line' id='line_1_25' title="bbox 75 1676 1603 1719; baseline 0.003 -14"><span class='ocrx_word' id='word_1_228' title='bbox 75 1685 145 1705; x_wconf 80' lang='lat' dir='ltr'>sum</span> <span class='ocrx_word' id='word_1_229' title='bbox 169 1678 238 1714; x_wconf 80' lang='lat' dir='ltr'>est,</span> <span class='ocrx_word' id='word_1_230' title='bbox 272 1685 365 1707; x_wconf 83' lang='lat' dir='ltr'>nemo</span> <span class='ocrx_word' id='word_1_231' title='bbox 398 1678 507 1706; x_wconf 80' lang='lat' dir='ltr'>autem</span> <span class='ocrx_word' id='word_1_232' title='bbox 536 1676 633 1716; x_wconf 85' lang='lat' dir='ltr'>prius</span> <span class='ocrx_word' id='word_1_233' title='bbox 663 1676 760 1707; x_wconf 86' lang='lat' dir='ltr'>sedet</span> <span class='ocrx_word' id='word_1_234' title='bbox 784 1687 880 1718; x_wconf 82' lang='lat' dir='ltr'>quam</span> <span class='ocrx_word' id='word_1_235' title='bbox 903 1678 1009 1714; x_wconf 71' lang='lat' dir='ltr'>venii,</span> <span class='ocrx_word' id='word_1_236' title='bbox 1040 1677 1208 1717; x_wconf 72' lang='lat' dir='ltr'>facillume</span> <span class='ocrx_word' id='word_1_237' title='bbox 1239 1677 1318 1708; x_wconf 74' lang='lat' dir='ltr'>mila·</span> <span class='ocrx_word' id='word_1_238' title='bbox 1346 1678 1481 1709; x_wconf 85' lang='lat' dir='ltr'>restitui</span> <span class='ocrx_word' id='word_1_239' title='bbox 1497 1688 1603 1719; x_wconf 79' lang='lat' dir='ltr'>posse</span> 
     </span>
     <span class='ocr_line' id='line_1_26' title="bbox 76 1719 1602 1765; baseline 0.003 -16"><span class='ocrx_word' id='word_1_240' title='bbox 76 1723 190 1750; x_wconf 75' lang='lat' dir='ltr'>visum</span> <span class='ocrx_word' id='word_1_241' title='bbox 207 1723 258 1751; x_wconf 87' lang='lat' dir='ltr'>est</span> <span class='ocrx_word' id='word_1_242' title='bbox 289 1722 363 1750; x_wconf 91' lang='lat' dir='ltr'>tum</span> <span class='ocrx_word' id='word_1_243' title='bbox 388 1736 432 1740; x_wconf 83' lang='lat'>—-</span> <span class='ocrx_word' id='word_1_244' title='bbox 457 1723 545 1750; x_wconf 87' lang='lat' dir='ltr'>tum.</span> <span class='ocrx_word' id='word_1_245' title='bbox 609 1719 647 1750; x_wconf 88' lang='lat' dir='ltr'>in</span> <span class='ocrx_word' id='word_1_246' title='bbox 679 1723 880 1752; x_wconf 84' lang='lat' dir='ltr'>transenna</span> <span class='ocrx_word' id='word_1_247' title='bbox 911 1721 1025 1752; x_wconf 62' lang='lat' dir='ltr'>Anaer.</span> <span class='ocrx_word' id='word_1_248' title='bbox 1059 1722 1147 1753; x_wconf 81' lang='lat' dir='ltr'>libri.</span> <span class='ocrx_word' id='word_1_249' title='bbox 1221 1722 1406 1754; x_wconf 85' lang='lat' dir='ltr'>dimissum</span> <span class='ocrx_word' id='word_1_250' title='bbox 1433 1723 1602 1765; x_wconf 83' lang='lat' dir='ltr'>antiquom</span> 
     </span>
     <span class='ocr_line' id='line_1_27' title="bbox 75 1756 1600 1809; baseline 0.003 -15"><span class='ocrx_word' id='word_1_251' title='bbox 75 1764 225 1795; x_wconf 83' lang='lat' dir='ltr'>mendum</span> <span class='ocrx_word' id='word_1_252' title='bbox 248 1774 322 1795; x_wconf 80' lang='lat' dir='ltr'>esse</span> <span class='ocrx_word' id='word_1_253' title='bbox 348 1764 477 1796; x_wconf 87' lang='lat' dir='ltr'>Nonius</span> <span class='ocrx_word' id='word_1_254' title='bbox 501 1756 658 1796; x_wconf 72' lang='lat' dir='ltr'>¹ostendit.</span> <span class='ocrx_word' id='word_1_255' title='bbox 684 1782 728 1786; x_wconf 97' lang='lat'><strong>—</strong></span> <span class='ocrx_word' id='word_1_256' title='bbox 752 1763 784 1796; x_wconf 84' lang='lat'>3.</span> <span class='ocrx_word' id='word_1_257' title='bbox 812 1775 983 1798; x_wconf 86' lang='lat' dir='ltr'>coronam</span> <span class='ocrx_word' id='word_1_258' title='bbox 1009 1766 1044 1797; x_wconf 88' lang='lat' dir='ltr'>ei</span> <span class='ocrx_word' id='word_1_259' title='bbox 1068 1766 1282 1808; x_wconf 83' lang='lat' dir='ltr'>imponebat</span> <span class='ocrx_word' id='word_1_260' title='bbox 1307 1767 1420 1798; x_wconf 82' lang='lat' dir='ltr'>Macr.</span> <span class='ocrx_word' id='word_1_261' title='bbox 1439 1769 1493 1799; x_wconf 85' lang='lat' dir='ltr'>ed.</span> <span class='ocrx_word' id='word_1_262' title='bbox 1520 1768 1600 1809; x_wconf 80' lang='lat' dir='ltr'>Bz&#39;p.</span> 
     </span>
     <span class='ocr_line' id='line_1_28' title="bbox 77 1808 1595 1854; baseline 0.003 -15"><span class='ocrx_word' id='word_1_263' title='bbox 77 1827 114 1830; x_wconf 89' lang='lat'>—-</span> <span class='ocrx_word' id='word_1_264' title='bbox 143 1808 175 1840; x_wconf 87' lang='lat'>5.</span> <span class='ocrx_word' id='word_1_265' title='bbox 203 1809 237 1839; x_wconf 88' lang='lat' dir='ltr'>ei</span> <span class='ocrx_word' id='word_1_266' title='bbox 262 1819 324 1840; x_wconf 88' lang='lat' dir='ltr'>om.</span> <span class='ocrx_word' id='word_1_267' title='bbox 351 1809 463 1840; x_wconf 84' lang='lat' dir='ltr'>Maer.</span> <span class='ocrx_word' id='word_1_268' title='bbox 490 1810 544 1840; x_wconf 87' lang='lat' dir='ltr'>ed.</span> <span class='ocrx_word' id='word_1_269' title='bbox 569 1808 651 1851; x_wconf 83' lang='lat' dir='ltr'>Bip.</span> <span class='ocrx_word' id='word_1_270' title='bbox 716 1809 846 1852; x_wconf 89' lang='lat' dir='ltr'>epulae</span> <span class='ocrx_word' id='word_1_271' title='bbox 864 1820 952 1842; x_wconf 85' lang='lat' dir='ltr'>vero</span> <span class='ocrx_word' id='word_1_272' title='bbox 969 1811 1276 1853; x_wconf 83' lang='lat' dir='ltr'>exquisitissimae</span> <span class='ocrx_word' id='word_1_273' title='bbox 1302 1812 1421 1843; x_wconf 62' lang='grc' dir='ltr'>Μίτυν.-</span> <span class='ocrx_word' id='word_1_274' title='bbox 1441 1813 1496 1844; x_wconf 83' lang='lat' dir='ltr'>ed.</span> <span class='ocrx_word' id='word_1_275' title='bbox 1514 1813 1595 1854; x_wconf 80' lang='lat' dir='ltr'>Bip.</span> 
     </span>
     <span class='ocr_line' id='line_1_29' title="bbox 73 1852 1598 1897; baseline 0.003 -13"><span class='ocrx_word' id='word_1_276' title='bbox 73 1870 120 1876; x_wconf 84' lang='lat'>—</span> <span class='ocrx_word' id='word_1_277' title='bbox 142 1852 174 1885; x_wconf 82' lang='lat'>6.</span> <span class='ocrx_word' id='word_1_278' title='bbox 202 1854 319 1885; x_wconf 78' lang='lat' dir='ltr'>Nonne</span> <span class='ocrx_word' id='word_1_279' title='bbox 346 1854 616 1885; x_wconf 80' lang='lat' dir='ltr'>transmarina?</span> <span class='ocrx_word' id='word_1_280' title='bbox 645 1870 689 1875; x_wconf 87' lang='lat'>—-</span> <span class='ocrx_word' id='word_1_281' title='bbox 720 1854 752 1885; x_wconf 90' lang='lat'>7.</span> <span class='ocrx_word' id='word_1_282' title='bbox 784 1854 891 1896; x_wconf 88' lang='lat' dir='ltr'>plura</span> <span class='ocrx_word' id='word_1_283' title='bbox 915 1855 1003 1887; x_wconf 85' lang='lat' dir='ltr'>libri.</span> <span class='ocrx_word' id='word_1_284' title='bbox 1069 1856 1160 1896; x_wconf 79' lang='lat' dir='ltr'>Quis</span> <span class='ocrx_word' id='word_1_285' title='bbox 1186 1856 1267 1897; x_wconf 76' lang='lat' dir='ltr'>Bip.</span> <span class='ocrx_word' id='word_1_286' title='bbox 1317 1856 1446 1897; x_wconf 87' lang='lat' dir='ltr'>quibus</span> <span class='ocrx_word' id='word_1_287' title='bbox 1471 1857 1537 1889; x_wconf 88' lang='lat' dir='ltr'>Kr.</span> <span class='ocrx_word' id='word_1_288' title='bbox 1564 1862 1598 1889; x_wconf 88' lang='lat' dir='ltr'>et</span> 
     </span>
     <span class='ocr_line' id='line_1_30' title="bbox 77 1897 1079 1942; baseline 0.001 -12"><span class='ocrx_word' id='word_1_289' title='bbox 77 1899 167 1930; x_wconf 87' lang='lat' dir='ltr'>Gerl.</span> <span class='ocrx_word' id='word_1_290' title='bbox 193 1915 237 1920; x_wconf 92' lang='lat'>—</span> <span class='ocrx_word' id='word_1_291' title='bbox 260 1897 294 1930; x_wconf 89' lang='lat'>8.</span> <span class='ocrx_word' id='word_1_292' title='bbox 320 1898 519 1930; x_wconf 80' lang='lat' dir='ltr'>demiserat</span> <span class='ocrx_word' id='word_1_293' title='bbox 543 1898 631 1930; x_wconf 84' lang='lat' dir='ltr'>libri.</span> <span class='ocrx_word' id='word_1_294' title='bbox 673 1899 857 1931; x_wconf 82' lang='lat' dir='ltr'>demserat</span> <span class='ocrx_word' id='word_1_295' title='bbox 880 1904 974 1932; x_wconf 85' lang='lat' dir='ltr'>recte</span> <span class='ocrx_word' id='word_1_296' title='bbox 998 1900 1079 1942; x_wconf 81' lang='lat' dir='ltr'>Bip.</span> 
     </span>
    </p>
   </div>
   <div class='ocr_carea' id='block_1_5' title="bbox 187 1963 1484 2041">
    <p class='ocr_par' dir='ltr' id='par_1_5' title="bbox 187 1963 1484 2041">
     <span class='ocr_line' id='line_1_31' title="bbox 187 1963 1484 2041; baseline 0.003 -15"><span class='ocrx_word' id='word_1_297' title='bbox 187 1987 271 2027; x_wconf 77' lang='lat'>*24</span> <span class='ocrx_word' id='word_1_298' title='bbox 302 1963 389 2041; x_wconf 57' lang='lat' dir='ltr'>[Kr.</span> <span class='ocrx_word' id='word_1_299' title='bbox 405 1992 461 2026; x_wconf 85' lang='grc'>30.</span> <span class='ocrx_word' id='word_1_300' title='bbox 491 1990 530 2026; x_wconf 89' lang='lat' dir='ltr'>G.</span> <span class='ocrx_word' id='word_1_301' title='bbox 554 1987 630 2040; x_wconf 81' lang='grc'><strong>23].</strong></span> <span class='ocrx_word' id='word_1_302' title='bbox 683 1989 750 2028; x_wconf 89' lang='lat' dir='ltr'>Set</span> <span class='ocrx_word' id='word_1_303' title='bbox 779 1989 958 2035; x_wconf 84' lang='lat' dir='ltr'>Metellus</span> <span class='ocrx_word' id='word_1_304' title='bbox 984 1991 1022 2028; x_wconf 92' lang='lat' dir='ltr'>in</span> <span class='ocrx_word' id='word_1_305' title='bbox 1052 1990 1240 2030; x_wconf 89' lang='lat' dir='ltr'>ulteriore</span> <span class='ocrx_word' id='word_1_306' title='bbox 1272 1992 1484 2040; x_wconf 86' lang='lat' dir='ltr'>provincia.</span> 
     </span>
    </p>
   </div>
   <div class='ocr_carea' id='block_1_6' title="bbox 72 2060 1604 2330">
    <p class='ocr_par' dir='ltr' id='par_1_6' title="bbox 72 2060 1604 2330">
     <span class='ocr_line' id='line_1_32' title="bbox 186 2060 1604 2106; baseline 0.004 -14"><span class='ocrx_word' id='word_1_307' title='bbox 186 2060 322 2093; x_wconf 83' lang='lat' dir='ltr'>Donat.</span> <span class='ocrx_word' id='word_1_308' title='bbox 348 2061 395 2093; x_wconf 85' lang='lat' dir='ltr'>ad</span> <span class='ocrx_word' id='word_1_309' title='bbox 420 2061 503 2093; x_wconf 86' lang='lat' dir='ltr'>Ter.</span> <span class='ocrx_word' id='word_1_310' title='bbox 530 2061 675 2093; x_wconf 88' lang='lat' dir='ltr'>Phorm.</span> <span class='ocrx_word' id='word_1_311' title='bbox 701 2062 718 2093; x_wconf 93' lang='lat' dir='ltr'>I</span> <span class='ocrx_word' id='word_1_312' title='bbox 742 2062 774 2098; x_wconf 75' lang='lat'>4,</span> <span class='ocrx_word' id='word_1_313' title='bbox 804 2061 861 2093; x_wconf 82' lang='lat'>15:</span> <span class='ocrx_word' id='word_1_314' title='bbox 895 2062 1007 2103; x_wconf 54' lang='lat' dir='ltr'>v‘Sed&#39;</span> <span class='ocrx_word' id='word_1_315' title='bbox 1033 2074 1097 2105; x_wconf 87' lang='lat' dir='ltr'>pro</span> <span class='ocrx_word' id='word_1_316' title='bbox 1126 2063 1253 2105; x_wconf 53' lang='grc' dir='ltr'>(εν-903</span> <span class='ocrx_word' id='word_1_317' title='bbox 1280 2068 1315 2095; x_wconf 81' lang='lat' dir='ltr'>ut</span> <span class='ocrx_word' id='word_1_318' title='bbox 1338 2067 1401 2096; x_wconf 85' lang='lat' dir='ltr'>sit:</span> <span class='ocrx_word' id='word_1_319' title='bbox 1433 2075 1514 2106; x_wconf 71' lang='lat' dir='ltr'>eryo</span> <span class='ocrx_word' id='word_1_320' title='bbox 1547 2066 1604 2098; x_wconf 86' lang='lat' dir='ltr'>ubi</span> 
     </span>
     <span class='ocr_line' id='line_1_33' title="bbox 73 2106 1602 2149; baseline 0.004 -12"><span class='ocrx_word' id='word_1_321' title='bbox 73 2106 299 2147; x_wconf 73' lang='lat' dir='ltr'>Antiphonem</span> <span class='ocrx_word' id='word_1_322' title='bbox 323 2107 517 2148; x_wconf 78' lang='lat' dir='ltr'>reperiam?</span> <span class='ocrx_word' id='word_1_323' title='bbox 563 2107 620 2138; x_wconf 86' lang='lat' dir='ltr'>An</span> <span class='ocrx_word' id='word_1_324' title='bbox 647 2108 728 2138; x_wconf 73' lang='lat' dir='ltr'>‘secl&#39;</span> <span class='ocrx_word' id='word_1_325' title='bbox 749 2108 830 2148; x_wconf 74' lang='lat' dir='ltr'>finis</span> <span class='ocrx_word' id='word_1_326' title='bbox 845 2109 1034 2149; x_wconf 81' lang='lat' dir='ltr'>superioris</span> <span class='ocrx_word' id='word_1_327' title='bbox 1057 2110 1244 2140; x_wconf 80' lang='lat' dir='ltr'>sententiae</span> <span class='ocrx_word' id='word_1_328' title='bbox 1270 2111 1346 2140; x_wconf 79' lang='lat' dir='ltr'>est?</span> <span class='ocrx_word' id='word_1_329' title='bbox 1370 2114 1404 2140; x_wconf 86' lang='lat' dir='ltr'>ut</span> <span class='ocrx_word' id='word_1_330' title='bbox 1421 2110 1602 2143; x_wconf 85' lang='lat' dir='ltr'>Sallustius</span> 
     </span>
     <span class='ocr_line' id='line_1_34' title="bbox 73 2150 1600 2193; baseline 0.003 -11"><span class='ocrx_word' id='word_1_331' title='bbox 73 2150 138 2182; x_wconf 87' lang='lat' dir='ltr'>sed</span> <span class='ocrx_word' id='word_1_332' title='bbox 163 2168 204 2173; x_wconf 92' lang='lat'><strong>—</strong></span> <span class='ocrx_word' id='word_1_333' title='bbox 230 2151 434 2193; x_wconf 84' lang='lat' dir='ltr'>provincia.</span> <span class='ocrx_word' id='word_1_334' title='bbox 491 2151 546 2182; x_wconf 80' lang='lat' dir='ltr'>Ex</span> <span class='ocrx_word' id='word_1_335' title='bbox 579 2152 710 2193; x_wconf 85' lang='lat' dir='ltr'>quibus</span> <span class='ocrx_word' id='word_1_336' title='bbox 743 2162 824 2184; x_wconf 83' lang='lat' dir='ltr'>cum</span> <span class='ocrx_word' id='word_1_337' title='bbox 858 2155 998 2184; x_wconf 89' lang='lat' dir='ltr'>eertum</span> <span class='ocrx_word' id='word_1_338' title='bbox 1031 2154 1094 2187; x_wconf 79' lang='lat' dir='ltr'>sit.</span> <span class='ocrx_word' id='word_1_339' title='bbox 1127 2153 1221 2185; x_wconf 83' lang='lat' dir='ltr'>haec</span> <span class='ocrx_word' id='word_1_340' title='bbox 1254 2153 1343 2185; x_wconf 81' lang='lat' dir='ltr'>Sall.</span> <span class='ocrx_word' id='word_1_341' title='bbox 1370 2155 1484 2186; x_wconf 77' lang='lat' dir='ltr'>verba</span> <span class='ocrx_word' id='word_1_342' title='bbox 1520 2167 1600 2187; x_wconf 86' lang='lat' dir='ltr'>eum</span> 
     </span>
     <span class='ocr_line' id='line_1_35' title="bbox 73 2195 1600 2238; baseline 0.004 -12"><span class='ocrx_word' id='word_1_343' title='bbox 73 2196 302 2237; x_wconf 84' lang='lat' dir='ltr'>praegressis</span> <span class='ocrx_word' id='word_1_344' title='bbox 328 2195 410 2228; x_wconf 89' lang='lat' dir='ltr'>aliis</span> <span class='ocrx_word' id='word_1_345' title='bbox 437 2196 610 2238; x_wconf 86' lang='lat' dir='ltr'>copulata</span> <span class='ocrx_word' id='word_1_346' title='bbox 635 2196 762 2237; x_wconf 86' lang='lat' dir='ltr'>fuisse,</span> <span class='ocrx_word' id='word_1_347' title='bbox 790 2208 860 2229; x_wconf 89' lang='lat' dir='ltr'>nec</span> <span class='ocrx_word' id='word_1_348' title='bbox 885 2198 963 2230; x_wconf 90' lang='lat' dir='ltr'>veri</span> <span class='ocrx_word' id='word_1_349' title='bbox 981 2198 1159 2230; x_wconf 88' lang='lat' dir='ltr'>dissimile</span> <span class='ocrx_word' id='word_1_350' title='bbox 1186 2209 1230 2230; x_wconf 84' lang='lat' dir='ltr'>ea</span> <span class='ocrx_word' id='word_1_351' title='bbox 1256 2198 1459 2231; x_wconf 79' lang='lat' dir='ltr'>clausulam</span> <span class='ocrx_word' id='word_1_352' title='bbox 1484 2201 1600 2233; x_wconf 84' lang='lat' dir='ltr'>fuisse</span> 
     </span>
     <span class='ocr_line' id='line_1_36' title="bbox 73 2241 1600 2283; baseline 0.004 -11"><span class='ocrx_word' id='word_1_353' title='bbox 73 2241 246 2282; x_wconf 73' lang='lat' dir='ltr'>membri,</span> <span class='ocrx_word' id='word_1_354' title='bbox 271 2241 309 2272; x_wconf 93' lang='lat' dir='ltr'>in</span> <span class='ocrx_word' id='word_1_355' title='bbox 332 2241 526 2283; x_wconf 86' lang='lat' dir='ltr'>propatulo</span> <span class='ocrx_word' id='word_1_356' title='bbox 552 2241 712 2283; x_wconf 86' lang='lat' dir='ltr'>suspicio</span> <span class='ocrx_word' id='word_1_357' title='bbox 739 2245 812 2282; x_wconf 83' lang='lat' dir='ltr'>est,</span> <span class='ocrx_word' id='word_1_358' title='bbox 846 2253 890 2274; x_wconf 89' lang='lat' dir='ltr'>ea</span> <span class='ocrx_word' id='word_1_359' title='bbox 922 2242 1022 2274; x_wconf 84' lang='lat' dir='ltr'>dieta</span> <span class='ocrx_word' id='word_1_360' title='bbox 1048 2243 1161 2275; x_wconf 87' lang='lat' dir='ltr'>fuisse</span> <span class='ocrx_word' id='word_1_361' title='bbox 1186 2243 1230 2275; x_wconf 87' lang='lat' dir='ltr'>de</span> <span class='ocrx_word' id='word_1_362' title='bbox 1256 2243 1422 2276; x_wconf 79' lang='lat' dir='ltr'>hibernis</span> <span class='ocrx_word' id='word_1_363' title='bbox 1449 2256 1470 2277; x_wconf 91' lang='lat' dir='ltr'>a</span> <span class='ocrx_word' id='word_1_364' title='bbox 1494 2246 1600 2278; x_wconf 83' lang='lat' dir='ltr'>Pom-</span> 
     </span>
     <span class='ocr_line' id='line_1_37' title="bbox 72 2285 1291 2330; baseline 0.002 -13"><span class='ocrx_word' id='word_1_365' title='bbox 72 2285 157 2327; x_wconf 87' lang='lat' dir='ltr'>peio</span> <span class='ocrx_word' id='word_1_366' title='bbox 183 2286 221 2317; x_wconf 92' lang='lat' dir='ltr'>in</span> <span class='ocrx_word' id='word_1_367' title='bbox 246 2285 381 2326; x_wconf 85' lang='lat' dir='ltr'>Gallia,</span> <span class='ocrx_word' id='word_1_368' title='bbox 409 2286 455 2318; x_wconf 87' lang='lat' dir='ltr'>ab</span> <span class='ocrx_word' id='word_1_369' title='bbox 481 2286 631 2318; x_wconf 88' lang='lat' dir='ltr'>Metello</span> <span class='ocrx_word' id='word_1_370' title='bbox 656 2286 693 2318; x_wconf 91' lang='lat' dir='ltr'>in</span> <span class='ocrx_word' id='word_1_371' title='bbox 717 2287 900 2329; x_wconf 87' lang='lat' dir='ltr'>Hispania</span> <span class='ocrx_word' id='word_1_372' title='bbox 925 2287 1096 2320; x_wconf 88' lang='lat' dir='ltr'>ulteriore</span> <span class='ocrx_word' id='word_1_373' title='bbox 1124 2288 1291 2330; x_wconf 87' lang='lat' dir='ltr'>agundis.</span> 
     </span>
    </p>
   </div>
   <div class='ocr_carea' id='block_1_7' title="bbox 74 2363 1601 2473">
    <p class='ocr_par' dir='ltr' id='par_1_7' title="bbox 74 2363 1601 2473">
     <span class='ocr_line' id='line_1_38' title="bbox 187 2363 1601 2420; baseline 0.005 -18"><span class='ocrx_word' id='word_1_374' title='bbox 187 2363 240 2402; x_wconf 76' lang='lat'>25</span> <span class='ocrx_word' id='word_1_375' title='bbox 273 2363 359 2416; x_wconf 88' lang='lat' dir='ltr'>[Kr.</span> <span class='ocrx_word' id='word_1_376' title='bbox 384 2369 440 2402; x_wconf 87' lang='lat'>31.</span> <span class='ocrx_word' id='word_1_377' title='bbox 479 2367 517 2402; x_wconf 91' lang='lat' dir='ltr'>G.</span> <span class='ocrx_word' id='word_1_378' title='bbox 542 2364 626 2417; x_wconf 88' lang='lat'>30].</span> <span class='ocrx_word' id='word_1_379' title='bbox 692 2365 816 2412; x_wconf 88' lang='lat' dir='ltr'>Quem</span> <span class='ocrx_word' id='word_1_380' title='bbox 855 2379 902 2405; x_wconf 87' lang='lat' dir='ltr'>ex</span> <span class='ocrx_word' id='word_1_381' title='bbox 929 2365 1158 2406; x_wconf 77' lang='lat' dir='ltr'>Mauritania</span> <span class='ocrx_word' id='word_1_382' title='bbox 1194 2379 1262 2405; x_wconf 88' lang='lat' dir='ltr'>rex</span> <span class='ocrx_word' id='word_1_383' title='bbox 1299 2368 1479 2420; x_wconf 82' lang='lat' dir='ltr'>Leptasta</span> <span class='ocrx_word' id='word_1_384' title='bbox 1508 2381 1601 2420; x_wconf 89' lang='lat' dir='ltr'>pro-</span> 
     </span>
     <span class='ocr_line' id='line_1_39' title="bbox 74 2430 1103 2473; baseline 0.004 -4"><span class='ocrx_word' id='word_1_385' title='bbox 74 2430 230 2469; x_wconf 84' lang='lat' dir='ltr'>ditionis</span> <span class='ocrx_word' id='word_1_386' title='bbox 260 2431 524 2470; x_wconf 86' lang='lat' dir='ltr'>insimulatum</span> <span class='ocrx_word' id='word_1_387' title='bbox 556 2445 644 2471; x_wconf 87' lang='lat' dir='ltr'>cum</span> <span class='ocrx_word' id='word_1_388' title='bbox 677 2433 905 2472; x_wconf 87' lang='lat' dir='ltr'>custodibus</span> <span class='ocrx_word' id='word_1_389' title='bbox 933 2435 1103 2473; x_wconf 83' lang='lat' dir='ltr'>miserat.</span> 
     </span>
    </p>
   </div>
   <div class='ocr_carea' id='block_1_8' title="bbox 54 2503 1599 2816">
    <p class='ocr_par' dir='ltr' id='par_1_8' title="bbox 54 2503 1599 2816">
     <span class='ocr_line' id='line_1_40' title="bbox 186 2503 1598 2548; baseline 0.004 -13"><span class='ocrx_word' id='word_1_390' title='bbox 186 2504 301 2536; x_wconf 83' lang='lat' dir='ltr'>Prisc.</span> <span class='ocrx_word' id='word_1_391' title='bbox 328 2504 360 2535; x_wconf 92' lang='lat' dir='ltr'>V</span> <span class='ocrx_word' id='word_1_392' title='bbox 385 2515 419 2547; x_wconf 91' lang='lat' dir='ltr'>p.</span> <span class='ocrx_word' id='word_1_393' title='bbox 443 2503 524 2537; x_wconf 84' lang='lat'>143:</span> <span class='ocrx_word' id='word_1_394' title='bbox 549 2508 601 2537; x_wconf 83' lang='lat' dir='ltr'>vel</span> <span class='ocrx_word' id='word_1_395' title='bbox 624 2510 745 2537; x_wconf 83' lang='lat' dir='ltr'>contra</span> <span class='ocrx_word' id='word_1_396' title='bbox 769 2507 864 2548; x_wconf 80' lang='lat' dir='ltr'>apud</span> <span class='ocrx_word' id='word_1_397' title='bbox 880 2507 1031 2539; x_wconf 85' lang='lat' dir='ltr'>Graecos</span> <span class='ocrx_word' id='word_1_398' title='bbox 1048 2509 1081 2539; x_wconf 85' lang='lat' dir='ltr'>in</span> <span class='ocrx_word' id='word_1_399' title='bbox 1107 2509 1167 2539; x_wconf 87' lang='lat' dir='ltr'>‘as&#39;</span> <span class='ocrx_word' id='word_1_400' title='bbox 1193 2509 1386 2540; x_wconf 82' lang='lat' dir='ltr'>desinentia</span> <span class='ocrx_word' id='word_1_401' title='bbox 1408 2511 1460 2541; x_wconf 87' lang='lat' dir='ltr'>vel</span> <span class='ocrx_word' id='word_1_402' title='bbox 1483 2511 1514 2546; x_wconf 81' lang='lat' dir='ltr'>in</span> <span class='ocrx_word' id='word_1_403' title='bbox 1542 2512 1598 2541; x_wconf 79' lang='lat' dir='ltr'>‘es&#39;</span> 
     </span>
     <span class='ocr_line' id='line_1_41' title="bbox 73 2550 1599 2593; baseline 0.004 -14"><span class='ocrx_word' id='word_1_404' title='bbox 73 2550 166 2589; x_wconf 81' lang='lat' dir='ltr'>apud</span> <span class='ocrx_word' id='word_1_405' title='bbox 196 2559 257 2580; x_wconf 88' lang='lat' dir='ltr'>nos</span> <span class='ocrx_word' id='word_1_406' title='bbox 290 2551 322 2580; x_wconf 85' lang='lat' dir='ltr'>z‘n</span> <span class='ocrx_word' id='word_1_407' title='bbox 355 2560 376 2580; x_wconf 89' lang='lat' dir='ltr'>a</span> <span class='ocrx_word' id='word_1_408' title='bbox 404 2552 596 2587; x_wconf 77' lang='lat' dir='ltr'>terminant,</span> <span class='ocrx_word' id='word_1_409' title='bbox 622 2554 658 2582; x_wconf 86' lang='lat' dir='ltr'>ut</span> <span class='ocrx_word' id='word_1_410' title='bbox 684 2569 726 2572; x_wconf 93' lang='lat'><strong>—</strong></span> <span class='ocrx_word' id='word_1_411' title='bbox 752 2552 965 2593; x_wconf 85' lang='lat' dir='ltr'>‘Leptasta&#39;.</span> <span class='ocrx_word' id='word_1_412' title='bbox 1022 2551 1203 2584; x_wconf 85' lang='lat' dir='ltr'>Sallustius</span> <span class='ocrx_word' id='word_1_413' title='bbox 1234 2554 1268 2584; x_wconf 86' lang='lat' dir='ltr'>in</span> <span class='ocrx_word' id='word_1_414' title='bbox 1299 2554 1334 2584; x_wconf 96' lang='lat' dir='ltr'>II</span> <span class='ocrx_word' id='word_1_415' title='bbox 1364 2554 1578 2586; x_wconf 76' lang='lat' dir='ltr'>historiarum</span> <span class='ocrx_word' id='word_1_416' title='bbox 1587 2566 1599 2586; x_wconf 92' lang='lat'>.·</span> 
     </span>
     <span class='ocr_line' id='line_1_42' title="bbox 74 2595 1599 2637; baseline 0.004 -13"><span class='ocrx_word' id='word_1_417' title='bbox 74 2603 180 2635; x_wconf 87' lang='lat' dir='ltr'>quem</span> <span class='ocrx_word' id='word_1_418' title='bbox 213 2611 253 2616; x_wconf 86' lang='lat'>—</span> <span class='ocrx_word' id='word_1_419' title='bbox 279 2595 442 2626; x_wconf 81' lang='lat' dir='ltr'>miserat.</span> <span class='ocrx_word' id='word_1_420' title='bbox 476 2613 516 2617; x_wconf 90' lang='lat'><strong>—</strong></span> <span class='ocrx_word' id='word_1_421' title='bbox 550 2595 775 2627; x_wconf 87' lang='lat' dir='ltr'>Mauritania</span> <span class='ocrx_word' id='word_1_422' title='bbox 806 2607 836 2628; x_wconf 90' lang='lat' dir='ltr'>r.</span> <span class='ocrx_word' id='word_1_423' title='bbox 893 2598 1124 2629; x_wconf 85' lang='lat' dir='ltr'>mauretania</span> <span class='ocrx_word' id='word_1_424' title='bbox 1157 2598 1230 2629; x_wconf 77' lang='grc' dir='ltr'>ΚΑ.</span> <span class='ocrx_word' id='word_1_425' title='bbox 1265 2615 1308 2620; x_wconf 84' lang='lat'>—</span> <span class='ocrx_word' id='word_1_426' title='bbox 1339 2598 1515 2637; x_wconf 82' lang='lat' dir='ltr'>Quamvis</span> <span class='ocrx_word' id='word_1_427' title='bbox 1541 2609 1599 2630; x_wconf 88' lang='lat' dir='ltr'>res</span> 
     </span>
     <span class='ocr_line' id='line_1_43' title="bbox 54 2639 1598 2684; baseline 0.003 -15"><span class='ocrx_word' id='word_1_428' title='bbox 54 2639 231 2680; x_wconf 2' lang='lat' dir='ltr'>,obscura</span> <span class='ocrx_word' id='word_1_429' title='bbox 256 2639 324 2678; x_wconf 86' lang='lat' dir='ltr'>sit,</span> <span class='ocrx_word' id='word_1_430' title='bbox 357 2642 483 2671; x_wconf 90' lang='lat' dir='ltr'>tamen</span> <span class='ocrx_word' id='word_1_431' title='bbox 515 2650 595 2671; x_wconf 85' lang='lat' dir='ltr'>curn</span> <span class='ocrx_word' id='word_1_432' title='bbox 627 2639 826 2673; x_wconf 86' lang='lat' dir='ltr'>Sertorium</span> <span class='ocrx_word' id='word_1_433' title='bbox 859 2645 1002 2674; x_wconf 86' lang='lat' dir='ltr'>constet</span> <span class='ocrx_word' id='word_1_434' title='bbox 1034 2643 1113 2684; x_wconf 84' lang='lat' dir='ltr'>regi</span> <span class='ocrx_word' id='word_1_435' title='bbox 1145 2643 1392 2674; x_wconf 87' lang='lat' dir='ltr'>Mauritaniae</span> <span class='ocrx_word' id='word_1_436' title='bbox 1426 2643 1598 2675; x_wconf 82' lang='lat' dir='ltr'>advorsus</span> 
     </span>
     <span class='ocr_line' id='line_1_44' title="bbox 73 2683 1597 2727; baseline 0.003 -13"><span class='ocrx_word' id='word_1_437' title='bbox 73 2683 246 2721; x_wconf 79' lang='lat' dir='ltr'>Ascalim,</span> <span class='ocrx_word' id='word_1_438' title='bbox 270 2683 426 2726; x_wconf 86' lang='lat' dir='ltr'>Iphthae</span> <span class='ocrx_word' id='word_1_439' title='bbox 443 2684 571 2724; x_wconf 87' lang='lat' dir='ltr'>filium,</span> <span class='ocrx_word' id='word_1_440' title='bbox 590 2695 742 2727; x_wconf 86' lang='lat' dir='ltr'>regnum</span> <span class='ocrx_word' id='word_1_441' title='bbox 760 2686 1012 2718; x_wconf 86' lang='lat' dir='ltr'>adfectantem</span> <span class='ocrx_word' id='word_1_442' title='bbox 1032 2686 1205 2718; x_wconf 86' lang='lat' dir='ltr'>auxilium</span> <span class='ocrx_word' id='word_1_443' title='bbox 1228 2686 1357 2718; x_wconf 83' lang='lat' dir='ltr'>tulisse</span> <span class='ocrx_word' id='word_1_444' title='bbox 1375 2686 1484 2727; x_wconf 89' lang='lat' dir='ltr'>(Plut.</span> <span class='ocrx_word' id='word_1_445' title='bbox 1504 2688 1597 2719; x_wconf 84' lang='lat' dir='ltr'>Sert.</span> 
     </span>
     <span class='ocr_line' id='line_1_45' title="bbox 74 2727 1597 2774; baseline 0.003 -15"><span class='ocrx_word' id='word_1_446' title='bbox 74 2739 104 2759; x_wconf 87' lang='lat' dir='ltr'>c.</span> <span class='ocrx_word' id='word_1_447' title='bbox 130 2727 192 2769; x_wconf 78' lang='lat'>9),</span> <span class='ocrx_word' id='word_1_448' title='bbox 218 2739 291 2760; x_wconf 87' lang='lat' dir='ltr'>non</span> <span class='ocrx_word' id='word_1_449' title='bbox 314 2739 461 2770; x_wconf 83' lang='lat' dir='ltr'>prorsus</span> <span class='ocrx_word' id='word_1_450' title='bbox 486 2729 674 2762; x_wconf 81' lang='lat' dir='ltr'>reiciunda</span> <span class='ocrx_word' id='word_1_451' title='bbox 699 2734 755 2762; x_wconf 88' lang='lat' dir='ltr'>est</span> <span class='ocrx_word' id='word_1_452' title='bbox 779 2731 958 2773; x_wconf 85' lang='lat' dir='ltr'>suspicio,</span> <span class='ocrx_word' id='word_1_453' title='bbox 992 2742 1117 2773; x_wconf 87' lang='lat' dir='ltr'>regem</span> <span class='ocrx_word' id='word_1_454' title='bbox 1142 2731 1387 2763; x_wconf 83' lang='lat' dir='ltr'>Mauritaniae</span> <span class='ocrx_word' id='word_1_455' title='bbox 1420 2732 1597 2774; x_wconf 87' lang='lat' dir='ltr'>legatum,</span> 
     </span>
     <span class='ocr_line' id='line_1_46' title="bbox 75 2773 1362 2816; baseline 0.002 -12"><span class='ocrx_word' id='word_1_456' title='bbox 75 2783 182 2815; x_wconf 90' lang='lat' dir='ltr'>quem</span> <span class='ocrx_word' id='word_1_457' title='bbox 205 2773 421 2816; x_wconf 87' lang='lat' dir='ltr'>proditionis</span> <span class='ocrx_word' id='word_1_458' title='bbox 446 2773 698 2816; x_wconf 82' lang='lat' dir='ltr'>insimulabat,</span> <span class='ocrx_word' id='word_1_459' title='bbox 723 2776 886 2808; x_wconf 86' lang='lat' dir='ltr'>vinctum</span> <span class='ocrx_word' id='word_1_460' title='bbox 911 2776 958 2808; x_wconf 87' lang='lat' dir='ltr'>ad</span> <span class='ocrx_word' id='word_1_461' title='bbox 983 2776 1182 2809; x_wconf 85' lang='lat' dir='ltr'>Sertorium</span> <span class='ocrx_word' id='word_1_462' title='bbox 1207 2775 1362 2807; x_wconf 88' lang='lat' dir='ltr'>misisse.</span> 
     </span>
    </p>
   </div>
   <div class='ocr_carea' id='block_1_9' title="bbox 77 2831 1594 2972">
    <p class='ocr_par' dir='ltr' id='par_1_9' title="bbox 77 2831 1594 2972">
     <span class='ocr_line' id='line_1_47' title="bbox 189 2831 1594 2911; baseline 0.004 -22"><span class='ocrx_word' id='word_1_463' title='bbox 189 2850 242 2890; x_wconf 80' lang='lat'>26</span> <span class='ocrx_word' id='word_1_464' title='bbox 273 2850 356 2904; x_wconf 74' lang='lat' dir='ltr'>[Kr.</span> <span class='ocrx_word' id='word_1_465' title='bbox 375 2857 431 2890; x_wconf 78' lang='lat'>32.</span> <span class='ocrx_word' id='word_1_466' title='bbox 455 2831 502 2891; x_wconf 36' lang='lat' dir='ltr'>‘G.</span> <span class='ocrx_word' id='word_1_467' title='bbox 524 2852 602 2905; x_wconf 78' lang='grc'><strong>29].</strong></span> <span class='ocrx_word' id='word_1_468' title='bbox 662 2853 710 2892; x_wconf 88' lang='lat' dir='ltr'>Ut</span> <span class='ocrx_word' id='word_1_469' title='bbox 736 2853 799 2893; x_wconf 91' lang='lat' dir='ltr'>alii</span> <span class='ocrx_word' id='word_1_470' title='bbox 828 2854 1075 2892; x_wconf 86' lang='lat' dir='ltr'>tradiderunt</span> <span class='ocrx_word' id='word_1_471' title='bbox 1106 2852 1353 2898; x_wconf 84' lang='lat' dir='ltr'>Tartessum,</span> <span class='ocrx_word' id='word_1_472' title='bbox 1388 2854 1594 2911; x_wconf 83' lang='lat' dir='ltr'>Hispaniae</span> 
     </span>
     <span class='ocr_line' id='line_1_48' title="bbox 77 2919 1537 2972; baseline 0.003 -15"><span class='ocrx_word' id='word_1_473' title='bbox 77 2919 282 2964; x_wconf 88' lang='lat' dir='ltr'>civitatem,</span> <span class='ocrx_word' id='word_1_474' title='bbox 315 2931 433 2970; x_wconf 76' lang='lat' dir='ltr'>(piam</span> <span class='ocrx_word' id='word_1_475' title='bbox 464 2932 569 2959; x_wconf 86' lang='lat' dir='ltr'>nunc</span> <span class='ocrx_word' id='word_1_476' title='bbox 595 2920 702 2972; x_wconf 66' lang='lat' dir='ltr'>Tyrii</span> <span class='ocrx_word' id='word_1_477' title='bbox 729 2925 878 2960; x_wconf 87' lang='lat' dir='ltr'>mutato</span> <span class='ocrx_word' id='word_1_478' title='bbox 907 2921 1065 2959; x_wconf 88' lang='lat' dir='ltr'>nomine</span> <span class='ocrx_word' id='word_1_479' title='bbox 1088 2919 1236 2959; x_wconf 85' lang='lat' dir='ltr'>Gaddir</span> <span class='ocrx_word' id='word_1_480' title='bbox 1265 2920 1423 2961; x_wconf 88' lang='lat' dir='ltr'>habent.</span> <span class='ocrx_word' id='word_1_481' title='bbox 1534 2926 1537 2927; x_wconf 71' lang='grc'>’</span> 
     </span>
    </p>
   </div>
  </div>
 </body>
</html>
