1826 3282
520 223 822 251 msromAavu
854 223 935 249 mn.
970 223 1012 250 iv
1043 215 1220 252 22—24.
1559 209 1634 251 101

228 325 314 358 Isid.
341 325 403 357 Or.
430 325 519 357 XIII
537 323 590 365 18,
608 325 630 356 4
653 336 688 367 p.
706 322 784 363 426,
810 323 868 355 his
894 323 1044 355 additis:
1070 325 1158 356 unde
1181 328 1215 356 et
1230 328 1472 357 monstruosam
1494 328 1640 366 speciem

107 371 250 411 sabatae
266 371 316 402 illi
329 369 507 408 dederunt,
533 372 632 414 quasi
649 370 794 411 formam
810 369 960 406 hominis,
986 370 1119 401 caninis
1140 370 1344 402 satec-inetam
1358 369 1537 411 capitibus,
1559 371 1641 413 'qaia

114 417 222 449 collisi
243 415 291 448 ibi
311 415 431 457 auctus
460 418 607 448 latratus
635 415 790 446 videntur
813 414 1020 455 eoeprimere.
1069 414 1171 447 Serv.
1197 414 1244 446 ad
1267 414 1377 458 Verg.
1402 414 1445 447 A.
1469 415 1528 448 III
1546 414 1637 448 426:

114 460 294 494 Sallustius
323 471 449 493 saxum
478 471 553 493 esse
584 461 682 497 dicit,
716 458 835 491 simile
870 459 1008 490 formae
1035 459 1247 492 celebratae
1272 459 1400 502 procul
1422 460 1636 493 visentibus.

116 507 224 539 Canes
247 516 328 539 vero
352 510 387 538 et
410 508 482 547 lupe·
502 505 545 538 ob
568 505 703 537 hoc‘eae
726 514 769 536 ea
802 504 876 535 mm·
897 514 972 535 esse
991 505 1181 545 finguntur,
1216 506 1296 547 quia
1324 506 1402 547 ipsa
1432 507 1508 538 loca
1532 507 1639 548 plena

111 555 189 583 sunt
205 553 364 584 monstris
379 552 520 582 marinis·
534 554 569 582 et
583 560 746 582 saa-orum
763 550 936 591 asperitas
960 551 1028 581 illic
1051 549 1201 581 imitatur
1216 552 1362 582 latratus
1378 561 1505 582 eanum.
1547 551 1637 584 Cum

114 600 240 639 aperte
265 596 413 629 Servius
431 595 583 627 Sallusti
607 594 722 627 verba
739 595 777 626 in
802 594 950 626 brevius
976 595 1218 633 contraxerit,
1244 595 1412 637 profecto
1429 606 1500 628 non
1517 592 1634 635 video,

113 651 177 674 cur
200 641 325 684 priora
348 640 414 672 illa
438 640 554 674 verba
579 650 672 681 quae
691 639 788 682 apud
802 639 979 670 Isidorum
1004 638 1183 680 leguntur,
1210 640 1292 682 ipsa
1310 640 1537 673 Sallustiana
1556 651 1636 674 esse

111 696 297 729 negemus,
322 685 394 718 nisi
419 695 464 718 ea
488 685 640 727 indigna
663 684 726 716 illo
752 685 929 726 scriptore
956 684 1070 715 fuisse
1088 684 1291 717 ostenderis
1317 685 1402 726 (vid.
1420 686 1571 728 Kreyss.
1590 687 1637 718 ad

112 731 199 764 Sall.
226 731 375 773 Fragm.
401 731 522 763 Vatic.
553 729 640 762 1835
670 741 706 772 p.
732 728 803 770 54).
853 728 944 760 Cum
968 739 1054 760 vero
1080 739 1197 770 neque
1225 730 1271 761 ab
1304 730 1456 762 Sallusti
1486 731 1636 774 ingenio

111 774 271 809 alienum
295 776 464 808 videatur
487 775 644 808 omnium
669 775 714 807 de
731 774 856 816 Scylla
881 773 1089 807 fabularum
1107 774 1284 816 originem
1311 775 1509 817 explicare,
1537 780 1573 809 et
1589 777 1638 809 sit

109 821 148 854 in
172 831 240 864 quo
265 821 410 864 species
435 820 616 863 quaedam
641 820 889 852 Sallustianae
914 818 1092 851 orationis
1110 819 1301 861 adpareat,
1328 820 1469 853 relicua
1495 831 1635 864 quoque

111 866 158 899 ab
184 877 228 899 eo
253 867 393 909 scripta
418 866 531 898 fuisse
556 865 740 908 suspicor,
767 868 824 897 set
849 874 968 906 neque
995 874 1087 906 quae
1115 864 1192 896 eius
1218 864 1331 896 verba
1357 865 1494 897 fuerint
1517 877 1635 911 neque

110 921 179 954 quo
205 921 385 951 connexu,
412 911 577 944 divinare
603 910 732 943 audeo.

222 1000 275 1041 22
308 1001 388 1054 [Kr.
410 1006 467 1040 37.
503 1003 542 1039 G.
569 999 642 1053 17].
703 999 920 1052 Charybdis
950 1011 1059 1039 {nare
1093 1000 1354 1044 vorticosum,
1394 1002 1500 1052 quod
1533 1003 1632 1042 forte

108 1069 224 1110 inlata
254 1069 456 1120 naufragia
485 1068 651 1108 sorbens
682 1067 903 1119 gurgitibus
934 1066 1098 1107 occultis
1127 1066 1232 1106 milia
1255 1067 1455 1119 sexaginta
1482 1069 1632 1109 Tauro·

107 1137 300 1177 menitana
329 1137 377 1176 ad
408 1137 537 1176 littora
567 1136 706 1180 trahit,
740 1135 807 1175 ubi
838 1148 879 1174 se
909 1134 1050 1174 laniata
1080 1136 1232 1185 navigia
1261 1134 1382 1174 fundo
1411 1142 1630 1187 emergunt.

220 1216 298 1248 Hoc
332 1216 577 1257 fragmentum
610 1225 655 1246 ex
686 1214 920 1256 conpluribus
956 1216 1121 1246 veterum
1158 1213 1376 1255 scriptorum
1407 1209 1499 1247 locis
1531 1219 1632 1248 recte

108 1261 268 1294 editores
300 1261 506 1293 confecere.
561 1259 721 1291 Primum
751 1259 837 1291 Isid.
871 1258 934 1291 Or.
960 1259 1018 1290 III
1046 1258 1105 1298 18,
1131 1259 1152 1291 5
1177 1269 1212 1301 p.
1238 1257 1306 1290 426
1336 1259 1429 1296 haec
1461 1260 1629 1292 tradidit:

109 1305 297 1347 Charybdis
328 1307 435 1343 dicta,
469 1306 562 1348 quod
587 1305 773 1347 gurgitibus
803 1306 941 1336 occultis
971 1314 1074 1336 naves
1098 1303 1292 1336 absorbeat.
1341 1304 1408 1336 Est
1431 1307 1515 1337 enim
1539 1317 1632 1338 mare

106 1353 303 1384 vorticosum
334 1355 368 1383 et
397 1352 474 1389 inde
506 1351 554 1382 ibi
575 1353 704 1382 laniata
727 1350 912 1390 naufragia
941 1350 1114 1390 profundo
1138 1353 1322 1391 emergunt.
1375 1349 1443 1382 Ter
1466 1355 1574 1382 autem
1599 1356 1631 1383 in

105 1398 163 1428 die
186 1397 288 1438 erigit
314 1394 370 1438 [an
396 1396 550 1439 egerit?]
574 1396 695 1437 fluctus
719 1399 754 1427 et
769 1399 824 1427 ter
848 1394 1018 1427 absorbet.
1061 1394 1148 1426 Nam
1164 1395 1290 1436 accipit
1313 1405 1422 1437 aquas
1437 1400 1473 1426 ut
1489 1401 1630 1436 evomat,

105 1443 204 1475 vomit
226 1446 262 1473 ut
285 1451 416 1474 rursum
440 1443 598 1483 accipiat.
647 1440 750 1473 Serv.
769 1442 893 1472 autem
911 1439 958 1471 ad
973 1439 1084 1482 Verg.
1110 1439 1202 1472 Aen.
1227 1440 1245 1471 I
1265 1439 1346 1472 117:
1373 1441 1465 1482 quod
1484 1441 1527 1472 de
1547 1442 1631 1473 Cha-

106 1486 209 1528 rybdi
229 1489 354 1529 legitur
376 1503 420 1509 ——-
445 1487 488 1519 de
513 1496 577 1529 quo
608 1487 658 1518 ait
681 1485 862 1517 Saltus-tius
887 1484 1094 1525 Charybdis
1124 1495 1225 1517 mare
1255 1485 1532 1525 verticulosum,
1565 1497 1630 1528 pro

106 1542 177 1574 quo
193 1533 394 1565 vorticosum
409 1530 641 1564 scribendum
659 1541 741 1562 esse
761 1533 798 1562 et
822 1541 867 1562 ex
889 1529 1024 1562 Isidori
1046 1529 1128 1562 loco
1147 1533 1190 1562 ⁴et
1213 1530 1309 1562 Plin.
1335 1530 1382 1561 H.
1400 1531 1444 1563 N.
1462 1531 1518 1563 111
1534 1530 1566 1571 8,
1590 1530 1630 1563 14

108 1576 272 1620 adparet.
305 1576 451 1609 Deinde
470 1576 572 1609 Serv.
592 1576 638 1608 ad
654 1576 764 1617 Verg.
783 1575 826 1607 Α.
845 1575 901 1606 111
917 1574 1002 1606 420:
1027 1576 1116 1607 unde
1132 1579 1287 1607 naturam
1302 1576 1480 1616 pristinam
1503 1580 1629 1608 servat.

108 1622 194 1654 Nam
215 1621 333 1655 sorbet
349 1623 506 1654 universa
529 1619 636 1664 [quae
650 1618 853 1662 prehendit]
877 1624 911 1652 et
925 1621 1106 1653 secundum
1122 1619 1313 1652 Sallustium
1330 1631 1373 1652 ea
1388 1621 1483 1653 eirca
1504 1621 1535 1652 T
1531 1632 1631 1655 auro-

104 1668 304 1700 menitanum
327 1669 420 1699 littus
443 1667 562 1708 egerit,
589 1669 698 1708 atque
723 1666 771 1697 ad
794 1665 880 1697 425:
905 1666 1114 1701 trahentem,-
1137 1664 1318 1697 Salluseizoe
1342 1666 1436 1707 quod
1462 1666 1556 1698 forte
1575 1667 1629 1698 in-

105 1712 186 1744 lata
209 1712 408 1754 naufragia
424 1712 575 1744 sorbens
592 1710 798 1753 gurgitibus
814 1710 968 1743 occultis
984 1709 1090 1741 milia
1105 1710 1300 1752 sexaginta
1315 1710 1627 1744 Tauromenitana

107 1757 153 1789 ad
177 1757 302 1789 littora
329 1756 456 1789 trahit.
511 1755 681 1797 Denique
705 1755 810 1787 Ams.
835 1766 871 1797 p.
897 1754 981 1786 229:
1014 1757 1153 1796 emergit
1181 1765 1230 1787 se.
1286 1754 1413 1787 Satust.
1439 1756 1533 1788 Hist.
1559 1757 1628 1788 IV:

105 1802 169 1835 ubi
193 1813 233 1834 se
257 1802 399 1834 laniata
423 1801 576 1843 navigia
600 1800 710 1832 fundo
729 1802 930 1842 emergunt.
979 1799 1151 1831 Ceterum
1169 1810 1251 1832 cum
1275 1800 1360 1832 Sen.
1386 1804 1463 1832 nat.
1482 1811 1541 1843 qu.
1558 1801 1629 1833 VII

103 1846 137 1886 8,
163 1847 184 1878 2
207 1858 243 1889 p.
269 1846 336 1880 302
361 1847 418 1879 ed.
444 1847 563 1878 Hans.
589 1845 683 1877 haec
707 1845 916 1886 scripserit:
941 1845 1064 1876 deinde
1088 1845 1254 1876 turbinum
1277 1849 1383 1877 motus
1398 1855 1502 1887 vagus
1525 1849 1578 1878 est
1596 1851 1630 1878 et

104 1893 263 1925 disiectus
295 1896 330 1924 et
353 1896 389 1923 ut
412 1890 567 1923 Sallustii
595 1894 676 1922 utar
698 1890 826 1927 verbis,
861 1889 1083 1928 verticosus,
1115 1893 1317 1921 cometarum
1342 1894 1452 1921 autem
1482 1893 1566 1928 cet„
1594 1895 1630 1923 et

106 1937 324 1971 Gerlachius
357 1940 396 1969 et
426 1932 589 1968 Kritzius
619 1935 688 1967 hoc
720 1934 909 1977 singulare
940 1934 1187 1977 fragmentum
1219 1944 1303 1968 esse
1328 1934 1540 1973 voluerunt,
1566 1935 1628 1967 ille

103 1982 314 2015 Sallustium
339 1981 490 2014 multum
516 1980 629 2012 fuisse
652 1980 691 2011 in
717 1982 904 2012 ventorum
937 1979 1078 2011 caussis
1104 1979 1313 2021 aperiendis
1338 1982 1441 2011 ratus
1465 1980 1535 2021 (ΠΙ
1558 1979 1628 2018 78),

103 2028 163 2060 hic
181 2027 226 2060 de
243 2030 364 2066 vento,
391 2027 452 2070 qui
469 2027 507 2058 in
524 2025 698 2057 Armenia
715 2025 853 2056 minore
870 2025 919 2056 M.
938 2024 1037 2056 Fabi
1057 2027 1095 2056 et
1112 2024 1337 2056 Mithridatis
1354 2028 1479 2056 castra
1495 2025 1628 2058 distur-

102 2073 207 2105 bavit
232 2071 344 2115 (App.
371 2072 406 2104 b.
433 2072 482 2103 M.
508 2069 553 2102 88
577 2081 612 2113 p.
638 2069 716 2109 395,
747 2068 817 2110 10),
844 2069 919 2101 dici
945 2064 1146 2121 arbit-ratus
1171 2069 1215 2110 (V
1241 2068 1288 2110 6).
1339 2069 1403 2101 Set
1426 2070 1540 2102 verba
1566 2070 1629 2102 Se-

103 2129 218 2150 necae
251 2118 283 2149 si
313 2116 515 2159 diligenter
546 2115 860 2154 consideraveris,
897 2114 989 2146 nihil
1029 2119 1110 2146 eum
1143 2114 1189 2146 ab
1223 2114 1397 2146 Sallustio
1428 2116 1627 2157 sumpsisse

102 2166 216 2205 patet,
243 2162 315 2194 nisi
338 2161 554 2195 vocabulum
579 2162 778 2200 vorticosus,
805 2169 924 2202 neque
950 2159 1117 2191 obfendit
1140 2158 1292 2201 pluralis
1316 2159 1437 2197 verbis,
1463 2160 1629 2202 quamvis

102 2207 214 2240 facile
247 2209 296 2240 sit
328 2206 524 2240 emendare
554 2205 668 2238 verbo.
724 2205 803 2236 Iam
834 2215 880 2236 ne
905 2204 995 2236 illud
1020 2203 1164 2246 quidem
1190 2208 1327 2236 certum
1353 2215 1434 2236 esse
1461 2205 1627 2247 adparet.
1672 2217 1674 2219 ·

101 2258 220 2285 utrum
245 2252 441 2286 Sallustius
464 2250 644 2284 vocabulo
669 2250 732 2282 illo
756 2250 800 2281 de
825 2249 970 2281 turbine
1002 2248 1060 2281 vel
1091 2251 1200 2281 vento
1225 2249 1377 2287 dixerit,
1412 2260 1460 2281 an
1485 2249 1629 2283 Seneca

102 2297 145 2330 de
178 2297 254 2330 alia
284 2308 322 2330 re
355 2297 492 2329 dictum
523 2296 603 2339 ipse
637 2295 683 2327 ad
706 2295 892 2327 turbinum
923 2297 1041 2326 motus
1065 2293 1317 2329 transtulerit„
1355 2294 1447 2326 Mihi
1473 2295 1628 2336 quidem,

102 2354 183 2375 cum
196 2346 341 2376 constet
354 2341 567 2375 Sallustium
576 2351 668 2373 mare
676 2342 876 2372 vorticosum
889 2339 1036 2376 dixisse,
1052 2339 1197 2371 cautius
1210 2339 1354 2371 videtur
1365 2339 1436 2372 hoc
1450 2343 1627 2372 statuere.

214 2421 267 2462 23
299 2420 381 2474 [Kr.
402 2424 459 2459 38.
485 2422 524 2458 G.
551 2418 626 2471 18].
685 2418 846 2470 Triplici
875 2411 1014 2457 fluetu.

215 2500 317 2533 Serv.
345 2499 391 2532 ad
413 2499 524 2541 Verg.
550 2498 592 2530 A.
617 2499 635 2530 Ι
662 2496 743 2537 116,
777 2507 871 2540 quae
904 2497 950 2529 ad
975 2496 1197 2538 Charybdim
1228 2497 1448 2538 pertinuisse
1478 2507 1522 2528 ex
1547 2496 1627 2528 loco

100 2545 232 2579 Isidori
257 2545 303 2578 ad
327 2545 371 2576 22
396 2544 520 2576 adlato
545 2543 711 2586 adparet.

216 2623 268 2664 24
299 2623 378 2677 [Kr.
400 2627 456 2661 39.
497 2624 536 2661 G.
559 2621 636 2674 21].
691 2621 876 2661 Pelorum
905 2621 1226 2671 promunturium
1254 2620 1402 2659 dictum
1430 2632 1452 2658 a
1481 2618 1628 2667 guber-

103 2697 239 2731 natore
270 2690 497 2730 Hannibalis
524 2689 601 2729 illic
631 2688 795 2740 sepulto.

215 2770 317 2803 Serv.
336 2769 382 2801 ad
398 2769 509 2811 Verg.
520 2768 612 2800 Aen.
631 2767 688 2800 111
704 2766 788 2798 411:
808 2768 946 2803 Pelori‚·
961 2766 1226 2807 promunturium
1238 2763 1376 2795 Siciliae
1389 2767 1439 2794 est
1450 2764 1629 2795 secundam

103 2816 303 2853 Sallustium,
327 2815 450 2847 dictum
465 2824 487 2845 a
500 2813 730 2855 gubernatore
748 2812 953 2843 Hannibalis
970 2812 1036 2842 illio
1048 2810 1190 2850 sepulto,
1215 2810 1272 2850 qui
1284 2807 1402 2847 suerat
1418 2809 1550 2839 occisus
1565 2818 1629 2848 per

102 2858 202 2902 regis
218 2861 453 2902 ignorantiam,
478 2869 550 2890 cum
573 2868 611 2890 se
635 2859 706 2889 eius
730 2858 808 2889 dolo
832 2857 992 2888 erederet
1022 2863 1097 2885 esse
1122 2853 1310 2893 deceptum,
1336 2853 1472 2884 veniens
1495 2853 1538 2884 de
1563 2852 1627 2884 Pe-

103 2906 198 2937 tilia:
224 2914 419 2947 quamquam
443 2904 620 2944 legerimus
642 2903 742 2934 etiam
767 2904 845 2932 ante
871 2900 1028 2931 Pelorum
1052 2898 1184 2930 dictum.
1231 2896 1319 2928 Isid.
1346 2896 1408 2928 Or.
1435 2897 1519 2928 XIV
1544 2897 1582 2936 7,
1608 2897 1628 2927 4
