1852 3294
235 202 316 244 306
869 203 871 206 ’
930 211 1062 237 INDEX

235 317 424 357 praetores
442 310 468 341 C
488 309 541 349 55,
551 309 581 340 2.
614 318 679 350 per
693 307 837 349 legatos
853 308 998 350 inperat
1010 309 1034 340 J
1051 307 1106 349 62,
1125 309 1157 341 5.
1191 320 1257 352 per
1272 310 1506 343 Nicomedem
1522 310 1619 343 bello
1636 310 1754 343 laces-

237 360 356 391 sivere
375 358 409 387 H
427 356 475 386 IV
494 353 548 392 61,
572 352 621 383 10.
656 363 720 394 per
739 353 934 385 Fortunam
951 353 1040 385 licet
1055 354 1078 385 J
1099 353 1172 394 102,
1191 356 1212 386 9
1229 358 1315 387 conl.
1337 354 1410 396 102,
1435 355 1484 388 14.
1523 355 1668 388 litteras
1690 365 1756 397 per

236 404 402 434 homines
412 399 528 431 fidelis
545 396 746 437 mittitJ70,
758 397 789 429 5.
820 399 873 429 uti
888 408 954 439 per
966 397 1180 441 Allobroges
1190 418 1229 422 -ω
1246 400 1341 432 falso
1354 401 1605 432 nominaretur
1619 399 1710 440 (349,
1724 400 1753 433 l.

236 457 302 489 per
315 446 432 477 socios
455 453 558 484 *per
573 443 715 483 equites
725 459 766 463 —
776 442 1022 474 Gracchorum
1033 444 1237 476 actionibus
1251 445 1397 477 obviam
1410 445 1623 484 iveratJ42,
1638 444 1665 477 1.
1691 455 1756 488 per

237 491 381 522 nuntios
390 487 567 520 familiam
583 487 714 518 orabat
724 486 750 518 C
760 486 814 527 50,
826 487 858 519 2.
889 498 954 529 per
969 489 1106 520 amieos
1116 508 1155 511 —
1167 489 1417 532 inpedimenta
1431 490 1614 532 parabant
1626 489 1710 530 J40,
1721 490 1754 521 2.

238 546 283 567 ea
295 537 459 577 potestas
473 543 537 575 per
551 535 717 563 senatum
734 532 965 573 magistratui
981 534 1239 575 permittiturC
1250 534 1304 573 29,
1315 534 1346 566 3.
1372 545 1438 577 per
1446 545 1552 566 unum
1562 534 1755 576 prohiben-

237 584 295 611 tur
311 580 345 610 H
361 580 378 611 Ι
393 578 448 618 41,
464 578 514 609 12.
548 587 612 619 per
628 587 691 608 eas
706 595 746 599 —-
761 577 963 609 sollicitare
974 578 1064 618 024,
1076 579 1107 610 4.
1127 578 1181 619 39,
1194 579 1224 611 6.
1257 590 1322 621 per
1337 579 1720 622 legatos—temptare
1732 579 1757 611 J

237 624 291 665 29,
317 625 330 655 1
350 626 434 656 conl.
455 622 509 662 38,
521 621 552 655 3.
586 632 651 663 per
669 622 806 654 amicos
823 622 977 655 insidias
995 624 1145 655 tendere
1163 625 1186 656 J
1203 621 1257 664 61,
1277 624 1308 657 3.
1326 637 1372 651 :z
1388 625 1423 656 id
1441 635 1505 666 per
1523 624 1757 656 ambitionem

239 669 398 701 consulis
417 669 555 700 factum
572 667 592 698 J
611 665 666 706 86,
686 666 707 699 3
725 669 810 699 conl.
837 666 910 708 100,
930 667 961 699 5.
1004 686 1045 690 -—
1063 685 1109 691 -——
1132 669 1317 710 deliquere
1337 669 1364 700 C
1382 669 1436 708 52,
1457 668 1511 701 26.
1556 686 1593 690 —
1616 686 1653 691 —-
1674 678 1757 706 sese

238 715 371 756 probos
395 712 614 745 simulavere
639 712 662 743 J
685 711 745 752 85,
771 711 803 746 9.
850 722 915 754 per
938 723 1141 745 maxumam
1167 714 1366 746 amicitiam
1395 714 1430 746 ei
1455 724 1625 746 maxuma
1651 713 1758 756 copia

240 759 395 791 fallendi
413 761 494 790 erat
511 758 534 788 J
551 756 605 796 61,
626 757 658 791 4.
693 757 798 798 quasi
815 768 879 799 per
898 757 1098 789 amicitiam
1116 769 1260 790 monere
1277 759 1301 790 J
1317 757 1371 798 64,
1391 759 1424 790 2.
1466 759 1675 790 libertatem
1694 768 1759 801 per

241 815 343 836 arma
367 803 551 835 conditam
574 802 607 833 ΙΙ
632 802 649 833 I
671 801 732 840 41,
751 801 805 834 23.
846 802 1016 834 Narbone
1038 813 1103 844 per
1127 803 1320 835 concilium
1341 803 1526 835 Gallorum
1545 804 1579 834 H
1597 804 1608 835 i
1630 803 1686 837 11..
1719 806 1759 834 ut

239 861 306 891 per
324 848 548 881 conditiones
566 847 773 878 traderetur
787 847 811 878 J
828 845 890 887 61,
909 847 941 881 5.
982 858 1048 888 pei·
1073 849 1230 880 conubia
1254 858 1375 880 secum
1400 848 1578 880 miscuere
1603 848 1626 880 J
1655 848 1706 888 18,
1725 848 1757 880 7.

240 905 306 936 per
332 893 499 926 calonum
526 902 678 934 corpora
703 891 891 923 adtollitur
915 892 949 922 H
972 893 989 923 1
1011 892 1065 924 74.
1113 904 1178 934 per
1201 897 1325 924 nostra
1350 903 1502 934 corpora
1518 892 1654 924 bellum
1674 903 1758 924 con-

241 939 350 971 ficere
369 940 403 970 H
420 939 469 970 IV
486 936 540 978 61,
565 937 615 968 16.
657 947 721 978 per
746 937 863 967 senati
888 937 1074 968 decretum
1098 938 1260 980 gladium
1286 938 1452 969 eduxerit
1476 938 1502 970 C
1529 936 1583 973 51.
1601 936 1655 970 36.
1694 947 1760 979 per

241 985 400 1016 dedecus
418 983 531 1016 vitam
550 982 718 1013 amittere
738 981 764 1012 C
783 981 836 1021 20,
855 980 888 1013 9.
925 992 990 1023 per
1007 982 1188 1014 dedecora
1206 982 1434 1025 patrimoniis
1453 982 1597 1014 amissis
1615 982 1642 1014 C
1661 981 1757 1022 37,5.

241 1029 358 1062 veluti
374 1039 440 1071 per
457 1027 678 1059 dementiam
696 1029 828 1058 cuncta
845 1027 949 1057 simul
970 1027 1132 1069 agebant
1150 1027 1176 1059 C
1195 1028 1250 1066 42,
1269 1028 1301 1059 2.
1344 1027 1473 1069 quibus
1491 1028 1537 1059 H.
1555 1038 1621 1069 per
1638 1026 1759 1062 dolum

243 1078 437 1117 caperetur
452 1073 475 1104 J
496 1071 547 1112 11,
566 1071 598 1103 8.
635 1089 672 1094 ——
692 1089 734 1093 -—
753 1074 920 1103 avortere
939 1072 972 1102 H
989 1073 1038 1103 lV
1054 1071 1114 1112 61,,
1127 1071 1160 1104 6.
1193 1072 1316 1104 multis
1334 1072 1463 1104 diebus
1480 1083 1545 1114 per
1562 1071 1758 1104 dubitatio-

243 1130 325 1151 nem
345 1118 569 1159 consumptis
585 1117 609 1148 J
625 1116 680 1156 62,
698 1116 730 1148 9.
774 1126 861 1158 quos
885 1127 918 1158 Ρ.
945 1115 1051 1148 fidem
1077 1121 1139 1149 aut
1163 1118 1325 1159 periurio
1349 1117 1499 1149 violasti
1522 1117 1557 1148 H
1579 1118 1596 1148 I
1622 1115 1684 1157 48,
1707 1115 1758 1148 15.

243 1176 277 1206 Ρ.
297 1173 437 1196 summa
453 1161 597 1203 flagitia
614 1161 906 1193 detractantibus
924 1161 1094 1193 militiam
1111 1162 1146 1193 H
1162 1163 1215 1194 111
1231 1162 1292 1202 67,
1312 1162 1345 1193 2.
1388 1162 1517 1203 quibus
1541 1173 1576 1204 p.
1595 1161 1759 1194 fraudem

244 1210 314 1241 fuit
331 1209 386 1241 uti
402 1208 425 1239 J
442 1207 474 1248 3,
497 1206 527 1238 l.
567 1219 600 1249 p.
626 1207 767 1238 hostias
792 1206 870 1237 dcis
894 1206 1117 1248 subplicanti
1139 1208 1163 1239 J
1180 1206 1240 1247 63,
1265 1207 1291 1240 1.
1333 1208 1491 1239 medium
1516 1206 1673 1248 spatium
1698 1208 1761 1238 aut

243 1266 277 1297 p.
297 1253 542 1285 humilitatem
560 1253 726 1284 obrutum
745 1254 807 1283 aut
830 1262 865 1292 p.
886 1253 1094 1293 angustiam
1117 1253 1271 1284 scissum
1289 1253 1323 1283 Η
1341 1252 1391 1284 IV
1408 1250 1463 1283 20.
1504 1262 1622 1294 neque
1641 1261 1709 1293 ego
1725 1261 1759 1292 p.

244 1301 433 1341 ignaviam
453 1300 515 1329 aut
532 1308 629 1330 vana
647 1296 795 1338 ingenia
820 1297 962 1327 incerta
985 1307 1048 1338 pro
1068 1298 1178 1329 certis
1197 1300 1384 1339 captarem
1402 1297 1429 1328 C
1447 1295 1504 1337 20,
1522 1298 1554 1328 2.
1594 1307 1628 1338 Ρ.
1656 1297 1761 1338 igna-

244 1346 340 1376 viam
360 1346 396 1374 et
413 1343 620 1384 superbiam
639 1344 800 1373 aetatem
819 1351 928 1382 agere
945 1336 970 1373 'J
986 1342 1041 1381 85,
1064 1341 1092 1374 1.
1127 1353 1161 1384 Ρ.
1179 1342 1450 1384 ignobilitatem
1471 1359 1507 1364 —
1528 1353 1563 1383 p.
1583 1341 1761 1374 invidiam

245 1389 462 1430 scriptorum
478 1387 708 1418 incelebrata
730 1386 765 1417 H
782 1387 798 1417 I
814 1386 868 1417 55.
910 1396 975 1427 per
997 1386 1157 1418 indutias
1181 1387 1412 1429 sponsionem
1436 1387 1579 1419 faciunt
1601 1387 1624 1419 J
1647 1384 1707 1425 79,
1726 1384 1760 1417 6.

247 1434 273 1465 C
292 1434 346 1472 51,
365 1432 397 1464 6.
439 1443 475 1474 p.
494 1432 667 1463 iniuriam
684 1434 828 1472 partum
845 1431 879 1461 H
897 1431 913 1462 l
931 1430 985 1470 48,
1009 1430 1048 1462 15
1065 1434 1150 1463 conl.
1169 1432 1223 1471 41,
1243 1432 1275 1463 2.
1317 1443 1350 1473 p.
1373 1431 1628 1464 inmanitatem
1647 1429 1761 1462 seele-

246 1479 296 1510 ris
314 1478 430 1510 adhuc
449 1481 547 1508 tutus
565 1476 635 1507 fuit
652 1476 686 1506 H
702 1476 719 1507 I
735 1475 796 1515 41,
817 1474 848 1507 6.
890 1486 924 1516 p.
954 1475 1020 1507 hoc
1045 1486 1220 1508 summum
1243 1477 1423 1518 inperium
1447 1476 1539 1509 satis
1558 1475 1761 1517 quaesitum
1816 1487 1819 1490 >

248 1526 327 1555 crat
342 1523 377 1554 Η
393 1523 411 1554 1
427 1521 481 1561 41,
501 1520 555 1553 26.
596 1532 630 1563 p.
651 1520 804 1552 insidias
823 1520 1097 1562 deprehendant
1114 1520 1140 1552 C
1159 1522 1221 1561 45,
1245 1521 1273 1552 1.
1316 1533 1349 1563 p.
1379 1521 1610 1553 insolentiam
1629 1523 1762 1552 memet

249 1567 424 1600 extollere
442 1567 464 1598 J
482 1566 513 1606 4,
533 1567 563 1598 2.
605 1577 638 1607 p.
663 1565 824 1596 laborem
849 1565 1017 1596 militiam
1042 1566 1236 1598 discebant
1255 1566 1280 1598 C
1300 1566 1331 1605 7,
1351 1566 1387 1602 4,
1426 1566 1551 1598 furtim
1570 1568 1606 1597 et
1623 1575 1689 1607 per
1706 1564 1760 1596 la-

247 1613 404 1644 trocinia
421 1611 582 1643 nituntur
598 1611 621 1641 J
637 1611 670 1650 4,
688 1610 720 1641 7.
763 1609 961 1641 nobilitate
987 1610 1069 1641 fusa
1092 1621 1157 1652 per
1180 1611 1301 1653 legem
1326 1612 1434 1643 Mam.
1452 1611 1476 1642 J
1492 1610 1547 1650 65,
1566 1610 1598 1642 5.
1640 1620 1706 1652 per
1721 1609 1763 1641 li-

249 1658 405 1689 centiam
424 1656 646 1688 insolescere
665 1655 691 1686 C
709 1654 740 1693 6,
760 1655 791 1685 7.
831 1665 864 1696 p.
883 1654 1026 1687 litteras
1045 1656 1179 1687 certior
1197 1656 1236 1687 fit
1252 1657 1274 1688 J
1292 1655 1346 1695 82,
1365 1656 1397 1687 2.
1433 1673 1470 1678 —-
1491 1655 1622 1697 petivit
1637 1655 1660 1686 J
1677 1654 1763 1694 82‚2

248 1705 333 1734 conl.
349 1702 383 1732 H
396 1702 413 1733 Ι
427 1700 480 1732 70.
514 1712 548 1742 p.
568 1700 688 1731 luxum
704 1703 776 1740 atq.
792 1699 979 1741 ignaviam
995 1703 1154 1732 aetatem
1173 1701 1357 1743 aginam,
1367 1701 1399 1732 4.
1432 1711 1497 1742 per
1511 1710 1639 1732 manus
1651 1698 1760 1731 liber-

248 1751 362 1779 tatem
380 1746 606 1778 retinendam
623 1745 646 1776 J
663 1744 717 1784 31,
737 1744 791 1775 22.
832 1761 943 1771 -—.——
968 1746 1195 1777 consulatum
1220 1745 1418 1777 tradebant
1433 1745 1456 1777 J
1472 1744 1534 1784 63,
1553 1744 1585 1777 6.
1626 1755 1659 1787 p:
1677 1743 1762 1776 mol-

248 1792 366 1823 litiem
384 1801 494 1833 agere
511 1791 533 1822 J
550 1790 605 1830 85,
623 1789 677 1822 35.
718 1799 784 1831 per
805 1788 901 1820 hunc
924 1800 1057 1821 morem
1083 1791 1298 1832 extinguent
1322 1791 1443 1822 omnia
1462 1793 1524 1822 aut
1542 1790 1712 1822 occident
1728 1789 1764 1820 H

234 1838 297 1868 -JV
315 1835 369 1877 61,
387 1836 441 1868 21.
482 1836 520 1867 in
539 1845 602 1867 eas
619 1835 788 1876 regiones
806 1844 839 1875 p.
857 1835 1135 1876 Leptitanorum
1153 1837 1305 1878 negotia
1321 1836 1485 1868 venimus
1501 1835 1525 1866 J
1542 1833 1598 1874 79,
1619 1834 1648 1866 1.
1682 1844 1764 1866 cum

250 1893 283 1924 p.
310 1882 460 1924 negotia
482 1881 632 1923 publica
657 1880 836 1921 potuisset
857 1880 881 1911 J
900 1880 954 1920 64,
974 1879 1005 1912 3.
1047 1891 1081 1922 Ρ.
1099 1891 1229 1912 nomen
1248 1880 1405 1912 militare
1423 1898 1465 1903 -
1484 1888 1711 1921 occupavere
1729 1879 1763 1910 H

249 1928 301 1959 111
318 1925 420 1968 61,6.
463 1936 527 1968 per
552 1924 789 1966 obsequelam
812 1924 961 1966 linguae
986 1927 1023 1956 et
1045 1926 1166 1957 odium
1190 1925 1311 1957 Sullae
1338 1925 1416 1966 regi
1439 1934 1572 1957 suaves
1596 1925 1710 1965 cariq.
1729 1924 1764 1955 H

250 1973 285 2004 ΙΙ
302 1971 357 2003 49.
399 1983 434 2013 p.
452 1970 682 2003 occasionem
699 1978 893 2011 numquam
918 1969 1009 2001 talia
1034 1971 1157 2002 fecere
1183 1969 1210 2002 C
1229 1969 1269 2002 51
1283 1995 1291 2011 ,
1309 1969 1341 2001 6.
1383 1980 1428 2001 ne
1452 1981 1486 2011 p.
1505 1970 1618 2001 otium
1635 1972 1764 2002 manus

250 2019 502 2058 torpescerent
519 2016 546 2047 C
569 2014 620 2055 16,
638 2014 670 2047 3.
715 2031 750 2036 —·
770 2032 814 2037 -
831 2014 899 2046 tuti
916 2015 1027 2046 simus
1044 2016 1064 2046 J
1088 2015 1138 2054 14,
1161 2015 1211 2048 13.
1253 2014 1348 2053 talia
1367 2015 1522 2054 consilia
1545 2026 1579 2056 p.
1597 2013 1711 2045 otium
1728 2016 1765 2045 et

216 2069 224 2078 ¹
253 2073 296 2093 ex
314 2061 560 2103 oportunitate
580 2059 661 2102 capi
677 2059 700 2091 J
717 2058 777 2098 76,
800 2059 828 2091 1.
868 2069 934 2101 per
956 2060 1121 2101 pericula
1145 2060 1317 2092 honorem
1344 2060 1425 2102 cepi
1442 2059 1466 2091 J
1483 2058 1539 2099 85,
1562 2058 1612 2090 18.
1639 2063 1688 2100 Ῥ.
1707 2069 1764 2093 sa-

251 2110 368 2137 turam
400 2105 592 2141 sententiis
625 2105 817 2146 exquisitis
846 2104 868 2135 J
898 2103 959 2145 29,
991 2104 1022 2137 5.
1076 2107 1196 2137 ineert.
1227 2116 1260 2147 p.
1294 2108 1348 2136 tot
1377 2103 1534 2146 scaphas
1563 2104 1598 2135 H
1617 2103 1680 2135 'Ill
1712 2102 1764 2138 11.

253 2162 317 2192 per
336 2161 511 2182 summum
528 2150 649 2182 seclus
668 2167 709 2171 -—
728 2150 889 2181 adimere
909 2149 934 2181 C
957 2148 1008 2187 12,
1027 2151 1059 2182 5.
1099 2162 1133 2192 p.
1153 2150 1273 2182 scelus
1292 2159 1460 2182 crescere
1476 2149 1500 2181 J
1521 2148 1577 2189 14,
1598 2149 1628 2180 7.
1661 2165 1707 2171 —
1722 2164 1766 2170 ·—

252 2196 365 2227 vitam
385 2195 520 2236 eripuit
535 2195 558 2225 J
579 2194 630 2234 14,
652 2194 703 2225 15.
749 2212 785 2216 —
815 2211 851 2216 -—
879 2198 1061 2237 occupata
1077 2196 1112 2226 H
1131 2195 1146 2226 1
1162 2195 1224 2235 41,
1245 2195 1275 2227 7.
1317 2205 1382 2237 per
1402 2199 1444 2226 'se
1460 2193 1630 2236 indigens
1648 2192 1675 2224 C
1698 2191 1726 2233 l,
1744 2192 1765 2224 7

252 2242 338 2271 conl.
364 2240 387 2270 J
411 2240 449 2279 4,
467 2240 499 2270 8.
537 2239 593 2277 14,
612 2239 644 2270 4.
678 2239 713 2270 Η
739 2240 774 2270 II
793 2238 852 2279 41,
872 2239 906 2272 2.
946 2239 1052 2272 fidem
1078 2239 1260 2282 publicam
1277 2250 1343 2282 per
1359 2250 1398 2271 se
1415 2238 1631 2271 inviolatam
1649 2237 1726 2270 fore
1742 2237 1768 2269 J
1826 2234 1829 2237 ’

253 2284 307 2323 33,
328 2284 359 2316 3.
402 2284 523 2315 multis
541 2283 768 2325 rogantibus,
790 2283 873 2315 aliis
891 2295 954 2326 per
972 2295 1010 2317 se
1029 2285 1114 2317 dare
1133 2284 1307 2316 benificia
1324 2285 1347 2316 J
1364 2274 1418 2322 96,
1436 2283 1468 2315 2.
1501 2293 1567 2326 per
1589 2283 1766 2315 secessio-

253 2340 334 2360 nem
352 2328 570 2361 Aventinum
588 2338 815 2369 occupavere
831 2329 855 2360 J
872 2329 925 2368 31,
949 2329 999 2361 17.
1033 2341 1065 2372 p.
1087 2330 1300 2361 societatem
1317 2328 1473 2371 periculi
1489 2327 1647 2360 relicuos
1663 2330 1766 2370 tege-

254 2377 310 2406 ret
328 2374 354 2405 C
372 2374 426 2413 48,
446 2374 477 2405 7.
518 2384 583 2415 per
607 2373 807 2404 socordiam
830 2373 928 2405 vires
951 2374 1141 2406 diffluxere
1159 2374 1182 2405 J
1203 2374 1231 2414 1,
1250 2374 1283 2406 4.
1324 2384 1390 2416 per
1407 2373 1584 2415 suffragia
1602 2390 1644 2404 .—-
1660 2382 1766 2414 prae—

254 2419 351 2451 sides
367 2436 412 2441 —
429 2418 590 2450 dominos
609 2418 804 2449 destinatis
822 2418 855 2448 H
872 2418 924 2449 III
941 2417 996 2458 61,
1018 2419 1047 2450 1.
1080 2431 1114 2461 p.
1134 2420 1250 2451 omnis
1268 2419 1384 2450 tribus
1402 2417 1614 2450 declaratur
1627 2417 1651 2449 J
1667 2415 1722 2457 63,
1733 2417 1766 2449 4.
1780 2428 1788 2432 ·

255 2475 289 2506 p.
308 2464 526 2505 triumphum
545 2463 679 2494 duxere
698 2462 729 2492 H
749 2462 797 2493 IV
814 2461 867 2502 61,
887 2463 919 2493 8.
960 2474 994 2504 Ρ.
1013 2464 1274 2505 turpitudinem
1299 2464 1401 2495 abuti
1420 2462 1446 2494 C
1469 2462 1520 2503 13,
1538 2463 1570 2494 2.
1611 2472 1679 2504 per
1694 2461 1766 2494 vim

255 2509 457 2551 eripiantur
475 2508 501 2539 C
519 2508 579 2548 52,
602 2507 653 2539 14.
684 2507 707 2538 J
725 2506 757 2546 7,
780 2505 808 2538 1.
835 2507 889 2547 23,
912 2507 940 2538 1.
968 2507 1021 2547 31,
1041 2508 1096 2539 25.
1137 2519 1170 2550 p.
1194 2509 1367 2541 virtutem
1392 2508 1505 2543 emori
1523 2507 1550 2540 C
1567 2506 1622 2547 20,
1641 2505 1674 2539 9.
1699 2507 1734 2538 H
1750 2507 1767 2539 1

254 2553 310 2593 41,
334 2553 384 2584 15.
426 2570 468 2575 —
487 2571 528 2576 -—
548 2552 760 2584 antevenire
776 2552 799 2583 J
816 2552 847 2591 4,
868 2552 898 2583 7.
939 2564 975 2594 p.
992 2556 1047 2584 tot
1062 2552 1214 2585 volnera
1238 2556 1275 2584 et
1291 2553 1437 2584 labores
1453 2551 1545 2584 nihil
1563 2551 1767 2593 quaesitum

255 2599 289 2630 H
307 2600 324 2630 Ι
341 2597 395 2639 41,
406 2598 461 2629 22.
490 2608 554 2640 per
571 2596 845 2639 neglegentiam
856 2597 936 2635 fals.
948 2598 981 2628 H
998 2598 1047 2629 IV
1067 2597 1117 2628 ll.
1149 2608 1215 2638 per
1227 2597 1362 2629 liberos
1377 2600 1457 2629 tuos
1470 2595 1656 2638 rogatusC
1667 2594 1722 2636 35,
1733 2594 1766 2628 6.

255 2643 426 2685 perhanc
444 2643 619 2682 dextram,
638 2652 704 2684 per
718 2641 823 2683 regni
839 2641 944 2673 fidem
961 2652 1090 2674 moneo
1108 2641 1302 2683 obtestorq.
1320 2642 1343 2673 J
1357 2641 1407 2681 10,
1418 2640 1450 2673 3.
1484 2651 1549 2682 per
1566 2639 1767 2672 amic-itiam

256 2698 356 2730 perq.
381 2698 457 2719 rem
481 2699 515 2730 p.
543 2688 748 2719 obtestatur
763 2687 789 2718 J·
802 2686 856 2727 58,
875 2687 907 2719 5.
941 2697 1006 2729 per
1023 2686 1224 2718 amicitiam
1240 2696 1375 2728 perque
1393 2696 1459 2718 sua
1477 2688 1587 2717 antea
1609 2684 1769 2717 fideliter

258 2737 343 2764 acta
361 2733 383 2765 J
401 2732 461 2772 71,
480 2734 512 2764 5.
552 2743 586 2774 p.
611 2732 778 2764 miserias
804 2735 840 2764 et
860 2732 1002 2763 incerta
1026 2731 1170 2773 generis
1194 2730 1342 2762 humani
1365 2740 1470 2762 orare
1486 2730 1520 2761 H
1538 2730 1553 2761 Ι
1574 2728 1625 2761 19.
1667 2730 1766 2769 deos,

256 2788 321 2819 per
345 2788 432 2819 quos
456 2778 652 2809 iuravisset
673 2777 696 2808 J
719 2775 780 2816 70,
799 2777 830 2809 5.
871 2787 937 2818 per
959 2776 1046 2808 deos
1069 2775 1271 2807 inmortalis
1290 2775 1316 2806 C
1335 2774 1388 2815 51,
1412 2774 1462 2815 10,
1480 2774 1533 2806 21.
1559 2775 1613 2814 52,
1624 2774 1656 2806 5.
1682 2775 1717 2806 H
1735 2775 1768 2806 11

255 2822 352 2861 §16,3.
387 2833 452 2864 per
468 2832 530 2854 vos
549 2825 585 2852 et
602 2821 753 2862 gloriam
771 2824 944 2860 vostram,
962 2821 1115 2853 tolerate
1130 2821 1163 2852 H
1177 2821 1211 2852 11
1223 2819 1279 2860 41,
1292 2819 1342 2851 13.
1376 2830 1442 2862 per
1459 2816 1533 2858 vos',
1553 2829 1617 2861 per
1633 2819 1768 2852 liberos

258 2870 330 2908 atq.
356 2867 519 2909 parentis
539 2870 681 2899 vostros
704 2876 770 2908 pcr
792 2867 1020 2899 maiestatem
1043 2865 1169 2908 populi
1191 2865 1344 2897 Romani
1369 2865 1392 2896 J
1421 2864 1474 2904 14,
1500 2864 1555 2896 25.
1605 2874 1670 2906 per
1692 2874 1769 2905 ma-

1716 2947 1738 2969 ἱ
