1800 3250
499 265 799 292 ms'roamavm
831 265 912 291 me.
941 266 954 291 1
984 258 1166 294 32—37.
1557 249 1584 289 9

58 365 216 406 venditis
241 365 524 408 proscriptorum
549 365 653 398 bonis
687 369 750 397 aut
775 365 968 408 dilargitis.
1001 382 1046 387 —
1076 363 1118 396 A.
1146 363 1239 397 Gell.
1265 364 1330 403 XV
1359 362 1410 403 13,
1435 362 1474 394 8:
1509 364 1585 395 Sal-

58 413 176 443 luscius
201 421 332 454 quoque
356 412 471 443 eodem
495 413 612 444 modo:
636 409 819 453 dilargitis
844 409 1128 452 proscriptorum
1151 409 1256 442 bonis
1288 410 1386 447 dicit,
1418 413 1585 451 tamquam

58 456 190 489 verbum
215 458 367 499 ‘largior'
390 458 436 488 sil
459 466 506 488 ea:
528 456 640 488 verbis
663 455 894 488 communibus.

172 535 225 576 32
257 535 337 588 [Kr.
363 541 419 577 37.
446 517 485 573 G.
511 533 587 586 73].
631 533 743 588 Nihil·
759 533 808 572 oh
834 537 980 573 tantam
1000 534 1224 574 mercedem
1245 533 1319 573 sihi
1338 532 1583 572 abnuitur-os.

170 614 274 646 Arus.
301 625 335 656 p.
362 612 439 646 210.
481 612 603 645 Abnuo
627 612 690 645 tihi
710 613 784 645 hoc.
825 613 922 645 Idem
947 613 1038 645 His-c.
1065 614 1100 645 1:
1134 612 1224 644 nihil
1256 613 1301 645 ob
1327 615 1468 644 tantam
1493 622 1584 644 mer-

58 659 183 692 cedem
208 659 279 691 sibi
303 659 526 699 abnuituros,

170 705 331 736 Kritzius
355 704 423 736 hoc
450 704 696 746 fragmentum
720 703 774 735 ita
797 703 1061 745 interpretatus
1087 706 1160 735 est:
1187 703 1323 735 Sullam
1347 713 1471 735 servos
1497 702 1584 734 civi·

57 751 134 781 tate
160 749 314 782 donatos
339 752 376 782 et
399 751 594 782 veteranos
618 748 780 791 praediis
805 751 932 780 auctos
958 748 1028 780 sibi
1053 758 1198 790 semper
1223 749 1268 780 ad
1285 748 1496 790 obsequium
1521 758 1584 790 pa-

57 797 156 826 ratos
188 797 224 826 et
254 797 438 837 promptos
470 794 612 826 futuros
647 793 873 835 speravisse,
914 794 1049 825 rectius
1081 793 1170 825 mihi
1202 793 1332 825 referri
1363 793 1509 825 videtur
1539 792 1587 824 ad

57 840 280 879 mercedem,
313 849 384 881 qua
415 839 594 882 promissa
625 841 688 871 aut
719 841 864 870 ostenta
894 838 1029 870 milites
1060 838 1099 870 in
1130 838 1220 870 Asia
1250 838 1339 870 fidos
1365 838 1438 870 sibi
1461 838 1584 870 facere

57 883 194 917 studuit
217 883 300 927 (cfr.
328 883 409 917 Cat.
438 883 490 923 ll,
516 882 564 926 5).

170 963 259 1004 *33
293 963 373 1016 [Kr.
404 968 460 1002 38.
491 965 529 1001 G.
555 962 632 1015 33].
689 962 738 1002 Et
774 962 922 1002 relatus
955 962 1176 1002 inconditae
1216 962 1308 1002 olim
1347 963 1444 1002 vitae
1485 974 1583 1007 mos,

56 1035 100 1071 ut
127 1043 244 1071 omne
273 1033 332 1071 ius
361 1033 400 1070 in
431 1031 579 1070 viribus
610 1035 723 1070 esset.

167 1099 295 1131 Vacca
321 1099 367 1131 ad
392 1099 532 1131 Lucan.
558 1098 687 1130 Phars.
712 1099 731 1130 I
759 1097 833 1130 175.
865 1115 912 1121 -
940 1099 1066 1130 Front.
1092 1098 1136 1130 de
1161 1101 1270 1130 oratt.
1295 1099 1349 1130 ΙΙΙ
1374 1109 1408 1140 p.
1434 1096 1502 1129 266
1526 1097 1583 1130 ed.
1641 1093 1655 1098 ”

55 1144 152 1176 Med.
179 1155 215 1186 p.
241 1143 308 1176 248
333 1144 390 1176 ed.
409 1144 512 1176 Rom.
539 1154 641 1186 usque
667 1145 779 1175 datum
802 1144 927 1175 sceleri
946 1161 992 1166 —
1017 1144 1054 1183 Q.
1075 1144 1239 1175 Annaeus
1255 1148 1315 1175 [ιῆ.
1366 1144 1494 1175 Contra
1509 1142 1585 1175 Sal-

55 1190 173 1222 lustius
195 1200 300 1222 omne
324 1189 381 1221 ius
406 1189 444 1220 in
467 1188 706 1221 validioribus
731 1199 823 1221 esse.
855 1206 900 1211 —-
932 1189 988 1221 De
1021 1189 1160 1231 rapinis
1193 1189 1239 1221 ab
1265 1188 1425 1221 Sullanis
1456 1198 1584 1230 perpe-

53 1234 160 1266 tratis
184 1234 258 1266 diei
281 1234 319 1265 in
345 1236 471 1276 aperto
496 1236 562 1266 est.

169 1312 257 1352 *34
292 1312 350 1366 [G.
374 1315 441 1352 inc.
463 1311 540 1365 78].
592 1313 667 1359 Qui
703 1289 797 1363 plus
827 1316 1002 1364 poterat,
1039 1312 1127 1363 plus
1165 1313 1260 1352 iuris
1291 1312 1440 1352 habere
1481 1312 1584 1351 vide-

54 1380 182 1420 hatur.

166 1448 290 1481 Verba
312 1448 407 1480 haee
433 1447 585 1480 Sallusti
610 1458 690 1480 esse
716 1448 807 1480 dicit
831 1447 952 1480 Schol.
981 1448 1027 1480 ad
1051 1449 1191 1480 Lucan.
1218 1448 1347 1480 Phars.
1375 1448 1391 1479 1
1413 1447 1486 1487 175,
1513 1456 1581 1479 om.

53 1495 176 1525 tamen
201 1494 319 1536 priore
344 1496 435 1535 plus,
463 1493 557 1535 quod
581 1493 735 1526 inseruit
758 1493 930 1534 Rothius3
964 1493 1248 1526 conmemoravit
1272 1493 1336 1525 Kr.
1362 1493 1399 1524 in
1426 1492 1509 1524 adn.
1537 1493 1583 1525 ad

54 1538 98 1570 fr.
125 1537 179 1571 32.
221 1539 301 1579 Quo
325 1539 402 1570 iure
427 1538 506 1571 veri
530 1538 647 1571 simile
672 1539 849 1578 iudicem,
881 1538 974 1571 haec
1006 1538 1122 1571 verba
1153 1538 1370 1581 pertinuisse
1398 1538 1444 1570 ad
1469 1537 1582 1580 expli-

53 1583 172 1616 canda
197 1594 290 1626 quae
316 1583 361 1615 fr.
388 1582 431 1616 33
456 1584 554 1616 dicta
579 1586 673 1624 sunt,
701 1583 764 1616 alii
789 1584 1019 1616 existumant.

167 1662 408 1715 35,[Kr.39.
440 1665 480 1701 G.
500 1662 578 1715 31].
632 1657 718 1710 Quo
747 1663 983 1725 patefactum
1020 1667 1079 1702 est
1113 1675 1200 1702 rem
1237 1662 1437 1714 publicam
1468 1675 1582 1714 prae-

53 1730 137 1775 dae,
164 1742 244 1769 non
271 1730 442 1770 libertati
470 1731 688 1781 repetitam.

166 1808 272 1841 Arus.
299 1821 334 1852 p.
361 1808 445 1841 259:
472 1810 661 1851 Repetitum
674 1810 830 1851 praedae
846 1820 911 1851 pro
929 1810 977 1841 ad
996 1792 1174 1851 praedam.
1222 1809 1294 1842 Sal.
1322 1811 1415 1842 [list.
1442 1810 1458 1841 I
1484 1809 1580 1850 (eod.

52 1854 185 1943 gggltfit
189 1854 285 1932 ai1.ne.
312 1853 465 1896 Primo):
501 1864 568 1897 quo
601 1855 830 1897 patefactum
854 1858 928 1894 est,
961 1855 1088 1897 Remp.
1123 1855 1283 1897 praedae
1315 1865 1387 1888 non
1417 1855 1583 1887 libertati

166 1978 252 2018 *36
285 1978 365 2032 [Kr.
390 1983 443 2032 19.
474 1981 514 2017 G.
538 1978 616 2031 75].
669 1979 823 2030 Quippe
844 1956 955 2018 vasta*
970 1978 1077 2018 Italia
1097 1979 1246 2030 rapinis
1268 1979 1359 2029 suga
1383 1978 1580 2018 caedibus.

165 2059 266 2091 Serv.
294 2058 341 2090 ad
364 2058 474 2100 Verg.
501 2057 592 2090 Aen.
618 2058 705 2090 VIII
727 2056 766 2089 8:
805 2059 953 2090 Vastant
977 2057 1180 2095 cultor-ibus;
1212 2058 1408 2091 abducendo
1434 2061 1582 2091 cultores

22 2100 30 2113 ”’
50 2108 164 2136 vastos
187 2108 221 2136 et
245 2104 402 2136 desertos
425 2103 587 2145 efficiunt.
637 2103 816 2135 Sallustius
839 2121 884 2125 ——
909 2121 951 2126 —
975 2121 1020 2125 —-
1045 2104 1136 2145 [lug.
1163 2101 1220 2141 48]
1246 2121 1287 2126 —
1312 2104 1412 2136 alibi:
1437 2104 1580 2146 Quippe

50 2152 158 2182 vasta
174 2148 284 2181 Italia
300 2149 450 2191 rapinis,
470 2148 572 2191 fuga,
592 2148 780 2180 caedibus.
805 2166 851 2170 —
875 2148 978 2188 Quae
996 2148 1110 2181 verba
1128 2149 1263 2180 rectius
1281 2149 1370 2180 mihi
1392 2149 1518 2182 videor
1535 2149 1582 2182 ad

51 2194 266 2226 vastitatem
298 2194 430 2226 Italiae
462 2194 558 2226 bello
591 2193 690 2227 civili
723 2193 895 2226 effectam
927 2193 1015 2234 (cfr.
1041 2194 1120 2236 Iug.
1148 2194 1187 2232 5,
1214 2192 1256 2234 2)
1282 2194 1440 2234 referre,
1474 2205 1581 2237 quam

50 2239 212 2271 Kritzius
239 2239 284 2271 ad
308 2239 535 2271 vastationes
559 2238 648 2271 belli
673 2238 832 2279 socialis,
859 2248 1079 2280 quamquam
1103 2239 1147 2271 de
1165 2239 1221 2270 his
1239 2239 1374 2279 dixere,
1401 2240 1462 2281 qui
1478 2239 1581 2271 'alias

0 2291 2 2293 ’
51 2284 165 2317 multa
189 2295 234 2316 ex
259 2284 346 2317 Sall.
372 2284 541 2324 hausere,
567 2284 660 2327 Aug.
687 2285 730 2316 de
757 2284 827 2317 civ.
852 2284 925 2316 Dei
948 2284 1003 2316 III
1025 2282 1081 2316 26.
1122 2284 1221 2316 Flor.
1246 2285 1282 2316 11
1305 2283 1339 2325 6,
1370 2283 1420 2317 10.

165 2363 219 2403 37
243 2363 323 2416 [Kr.
343 2367 400 2401 40.
423 2365 463 2401 G.
481 2362 558 2416 54].
598 2363 784 2403 Insanum
806 2363 917 2403 aliter
937 2375 1008 2404 sua
1030 2364 1222 2403 sententia
1246 2367 1363 2416 atque
1385 2363 1581 2404 adultera·

50 2443 140 2470 rum
170 2430 379 2470 mulierum
412 2436 475 2470 '—.

164 2498 307 2531 Charis.
334 2510 368 2541 p.
397 2497 463 2531 194
486 2499 531 2531 Κ.
558 2499 672 2532 Aliter
693 2509 762 2540 pro
786 2501 874 2531 alias
890 2498 1069 2532 Sallustius
1085 2501 1229 2532 historia
1252 2500 1287 2531 1:
1314 2502 1463 2532 sanctus
1489 2499 1582 2532 alias

51 2546 89 2576 et
111 2543 260 2587 ingenio
290 2543 452 2583 validus,
485 2546 561 2576 item
592 2547 625 2576 in
650 2546 786 2576 eadem:
818 2545 987 2577 insanum
1019 2545 1127 2578 aliter
1158 2555 1225 2577 sua
1256 2545 1441 2577 sententia
1473 2548 1581 2586 atque

53 2588 206 2621 aliarum
238 2589 438 2621 mulierum.
464 2606 508 2611 —
533 2589 687 2622 Probari
718 2600 790 2622 non
823 2593 955 2632 potest,
982 2590 1076 2632 quod
1107 2589 1234 2631 Mahly
1267 2590 1424 2622 coniecit
1449 2589 1512 2631 (N.
1538 2589 1579 2621 A.

51 2634 221 2666 LXXVII
244 2646 279 2677 p.
306 2632 364 2676 78)
389 2639 490 2677 atque
515 2636 655 2667 aliorum
679 2638 868 2672 multorum,
902 2646 971 2668 nec
1002 2635 1121 2678 magis
1148 2634 1348 2667 artificiosa
1372 2634 1504 2666 Kritzii
1528 2635 1581 2665 in-

51 2680 267 2721 terpretatio
300 2680 441 2711 aliarum
464 2681 634 2712 mulierum
666 2680 868 2722 exprimere
899 2681 1082 2713 notionem
1114 2677 1274 2719 moechi;
1307 2683 1407 2711 reete
1441 2679 1582 2711 Keilius

51 2724 244 2763 excidisse,
270 2724 365 2756 unde
391 2725 584 2767 genetivus
607 2727 776 2757 mulierum
801 2725 988 2768 penderet,
1015 2726 1156 2757 statuit.
1208 2725 1246 2756 Si
1264 2724 1364 2756 'haec
1389 2724 1503 2756 verba
1528 2724 1581 2755 iu-

51 2769 186 2801 dicium
211 2769 255 2801 de
281 2769 383 2801 Sulla
408 2770 619 2802 continuere
647 2788 688 2792 -
714 2770 757 2802 de
785 2781 857 2812 qua
880 2781 919 2803 re
945 2771 1106 2803 dubitari
1129 2770 1190 2802 vix
1207 2772 1328 2810 potest
1352 2787 1397 2791 —
1420 2779 1493 2800 non
1518 2779 1581 2811 pu-

51 2814 112 2846 det
139 2814 314 2846 audacius
346 2815 527 2856 suspicari
559 2819 660 2858 atque
693 2816 924 2848 adulterarum
955 2816 1134 2851 mulierum,
1168 2817 1250 2856 post
1282 2824 1373 2854 quae
1406 2813 1583 2845 exciderit

50 2869 164 2891 amore
188 2859 247 2891 vel
273 2859 388 2891 simile
416 2859 564 2902 aliquid,
590 2864 629 2892 ut
654 2861 838 2892 sententia
862 2861 926 2891 sit:
960 2871 1064 2903 quem
1091 2869 1171 2890 cum
1198 2858 1280 2890 aliis
1298 2858 1335 2889 in
1360 2858 1480 2898 rebus,
1506 2862 1582 2890 tum

49 2903 87 2935 in
114 2904 298 2936 adulteras
323 2905 543 2937 insanivisse
571 2908 733 2937 censeat.
782 2906 838 2936 De
866 2904 988 2936 Sullae
1017 2908 1138 2936 autem
1164 2903 1352 2935 adulteriis
1371 2903 1582 2936 Sallustium

51 2948 184 2981 dixisse
210 2948 367 2981 testatur
397 2949 490 2981 Plut.
520 2960 624 2992 conp.
652 2951 737 2991 Lys.
774 2960 805 2981 e.
831 2944 935 2990 'Sylla
962 2960 992 2981 c.
1019 2948 1058 2981 3:
1099 2942 1195 2980 ἀλλὰ
1226 2943 1316 2986 τοὺς
1339 2945 1427 2991 περὶ
1450 2942 1583 2992 γάμων
