1826 3282
481 251 784 279 ms'romAuvii
816 250 898 276 nm.
931 249 983 275 111
1013 241 1190 276 12—16.
1551 231 1605 272 65

82 343 426 396 pei-cunctarentur.
474 351 547 383 Per
577 360 642 383 eas
667 350 850 382 Sertorius
882 348 926 381 de
958 348 1120 381 adventu
1150 346 1302 390 illorum·
1328 346 1464 379 certior
1487 346 1610 378 factus

82 408 259 430 summam
291 407 441 440 operam
471 396 595 439 posuit
623 396 662 427 in
694 395 748 428 eis
778 393 1052 436 perquirendis,
1090 394 1331 434 inventosque
1363 393 1403 423 in
1430 392 1609 424 Dianium

83 442 180 484 (cic,
202 443 242 474 in
264 442 368 474 Verr.
393 442 412 473 I
436 439 496 480 34,
522 439 581 481 87)
606 439 768 472 deduxit.
825 438 997 470 Ceteru‘m
1029 448 1109 469 eum
1142 437 1231 470 duos
1262 437 1446 469 Romanos
1477 438 1609 468 missos

83 487 198 520 fuisse
224 490 380 526 constet,
405 486 491 520 vide
516 495 637 518 annon
660 495 726 526 pro
750 494 822 515 eum
846 483 1079 515 soribundum
1103 483 1154 514 sit
1177 493 1247 515 eos.
1288 482 1372 514 Lib.
1395 478 1468 519 1111
1492 492 1537 514 ex
1554 492 1609 514 er-

83 543 162 564 rore
179 533 356 575 scriptum
374 541 455 563 esse
482 530 579 573 apud
602 530 759 562 Nonium
780 529 819 560 in
836 528 1029 570 propatulo
1049 531 1116 568 est,
1136 537 1355 570 quamquam
1374 527 1437 569 qui
1461 526 1555 559 libro
1572 526 1611 559 11

83 588 165 610 eam
189 587 266 610 rem
290 579 479 609 narratam
503 575 619 607 fuisse
645 574 857 613 contendat,
882 572 973 604 haut
997 572 1110 605 facile
1136 572 1293 604 refutari
1318 572 1465 614 poterit.
1538 569 1543 573 ”
1590 578 1602 585 ¹

194 654 284 695 *12
313 654 392 708 [Kr.
415 658 447 692 9.
486 655 526 692 G.
548 651 626 705 79].
685 651 744 691 llli
780 653 895 692 tertio
933 663 1068 691 mense
1107 662 1325 702 pervenere
1361 651 1399 690 in
1439 651 1609 690 Pontum

82 721 204 762 multo
234 721 401 761 celerius
429 732 499 772 spe
529 720 773 759 Mithridatis.
831 725 833 727 “

193 800 299 832 Arus.
325 811 360 842 p.
386 798 452 832 221
485 799 551 831 sub
575 798 747 830 lemmate
771 799 870 830 citius
897 798 965 829 sive
989 799 1132 830 celerias*
1154 807 1232 839 spe,
1264 808 1336 829 non
1368 798 1493 830 addito
1523 797 1610 830 libri

80 855 242 878 numero.
291 845 462 877 Mendum
486 844 660 876 librorum
683 845 740 876 illo
765 845 867 874 reete
892 853 951 875 vv.
970 842 1027 874 dd.
1055 852 1264 874 conrexere.
1306 842 1361 874 Ad
1378 842 1516 875 nullam
1532 853 1609 875 rem

81 891 203 933 aptius
225 890 321 922 haee
333 888 490 930 referri,
518 899 625 931 quam
650 889 698 920 ad
721 888 925 931 legatorum
942 887 990 920 ab
1006 887 1222 919 Mithridate
1241 887 1287 919 ad
1305 887 1506 920 Sertorium
1522 888 1608 920 mis-

80 945 200 968 sorum
226 946 271 968 ex
294 935 481 978 Hispania
505 934 664 967 reditum
689 933 776 975 (vid.
805 933 850 965 fr.
879 931 933 974 ll)
961 935 1070 964 acute
1094 933 1284 975 perspexit
1306 933 1485 965 Kritzius.

199 1014 248 1054 13
283 1013 363 1067 [Kr.
389 1017 442 1051 10.
472 1015 511 1051 G.
532 1012 610 1065 85].
669 1012 811 1062 Ingens
839 1012 922 1062 ipse
951 1012 1092 1051 virium
1119 1016 1235 1063 atque
1264 1012 1394 1051 animi.

192 1093 296 1125 Arus.
322 1103 358 1135 p.
384 1090 468 1124 236:
494 1093 613 1134 inqens
636 1092 723 1123 illius
747 1091 810 1123 rei.
856 1091 984 1122 Vir-inm
1008 1090 1052 1122 de
1078 1091 1195 1132 copiis
1221 1090 1267 1122 ad
1291 1090 1426 1122 bellum
1451 1091 1606 1133 adpara-

80 1139 130 1169 tis
156 1137 326 1180 intellegi
352 1147 425 1169 non
447 1147 576 1180 posse,
607 1136 692 1168 inde
719 1135 892 1178 adparet,
930 1135 1023 1177 quod
1053 1137 1143 1167 vires
1174 1135 1301 1167 eodem
1331 1146 1478 1178 prorsus
1503 1136 1607 1168 modo

81 1186 192 1225 atque
222 1183 351 1214 animus
382 1192 463 1214 cum
492 1183 610 1223 ingens
642 1181 861 1216 coniunctae
894 1182 997 1219 sunt,
1031 1190 1118 1222 ergo
1149 1180 1313 1212 eiusdem
1346 1190 1426 1212 esse
1459 1181 1607 1220 debent,

81 1228 184 1260 cuins
209 1229 335 1260 animus
360 1230 428 1260 est.
475 1226 565 1258 Cum
581 1225 835 1257 Mithridatem
856 1235 1005 1267 corpore
1022 1235 1155 1268 magno
1181 1235 1225 1257 ac
1242 1225 1365 1257 valido
1390 1225 1505 1258 fuisse
1523 1236 1606 1257 eon-

79 1276 154 1304 stet
171 1272 258 1314 (vid.
278 1273 323 1305 fr.
341 1272 377 1304 Π
393 1270 464 1314 47),
484 1272 527 1304 de
546 1281 588 1304 eo
605 1271 699 1303 haec
716 1270 831 1303 verba.
849 1270 950 1302 dicta
967 1269 1084 1301 fuisse
1101 1270 1180 1303 veri
1197 1269 1432 1302 simillumum
1447 1270 1605 1303 videtur.
1664 1304 1666 1306 ,

197 1333 359 1404 14'[K1·.
384 1355 450 1399 n..
470 1352 510 1388 G.
527 1349 605 1402 80].
661 1349 782 1401 Equis
810 1353 849 1388 et
874 1349 994 1388 armis
1023 1348 1233 1388 decoribus
1264 1349 1402 1389 cultus.

193 1429 310 1462 Prisc.
329 1430 379 1462 VI
395 1440 430 1471 p.
449 1427 533 1462 236:
559 1429 726 1461 invenitur
741 1432 851 1460 tamen
874 1429 973 1460 etiam
995 1429 1142 1470 simplex
1167 1429 1284 1460 ‘decor
1300 1429 1444 1461 decoris'
1466 1432 1606 1471 paenul-

79 1479 159 1507 tima
181 1479 346 1517 correpta
369 1475 464 1516 apud
484 1475 742 1511 vetustissimos,
775 1474 909 1516 quando
930 1483 999 1514 pro
1025 1474 1183 1506 ‘decorus
1206 1475 1335 1506 deeora
1359 1475 1526 1506 decorum'
1553 1486 1607 1507 ac-

79 1521 204 1562 cipitur
226 1537 273 1543 —-
295 1518 474 1552 Sallustius
498 1523 532 1550 in
556 1519 628 1550 111:
655 1519 758 1560 equis
775 1537 817 1541 —
837 1518 968 1550 cultus.
1009 1518 1067 1550 De
1084 1518 1314 1551 Mithridatis
1332 1520 1498 1551 exercitu
1514 1519 1607 1551 haec

80 1566 183 1598 dicta
206 1565 321 1597 fuisse
347 1564 460 1597 facile
484 1564 627 1596 Kritzio
653 1563 823 1603 concedo,
849 1573 918 1595 nee
936 1573 1022 1595 vero
1039 1563 1084 1595 de
1102 1567 1242 1596 mutato
1261 1575 1440 1596 armorum
1459 1575 1607 1607 genere,

80 1610 126 1643 de
150 1619 227 1653 quov
245 1610 316 1643 vid.
340 1609 437 1642 Plut.
465 1610 553 1641 Luc.
580 1609 613 1641 7.
662 1609 756 1641 Nam
779 1619 875 1640 arma
898 1609 1027 1641 decora
1050 1619 1116 1651 per
1140 1619 1179 1641 se
1204 1619 1277 1641 non
1294 1613 1380 1641 sunt
1403 1609 1606 1652 splendida,

82 1653 278 1698 magnifiee
303 1658 447 1694 ornata,
473 1657 532 1687 set
556 1653 681 1696 qualia
705 1653 924 1686 bellatorem
949 1653 1095 1686 decent.
1415 1665 1426 1669 ·

198 1734 248 1773 15
280 1732 360 1786 [Kr.
386 1737 439 1771 14.
478 1735 517 1771 G.
542 1731 619 1784 84].
677 1732 777 1772 Nam
807 1733 922 1772 tertia
961 1732 1054 1772 luna
1090 1737 1173 1772 erat
1202 1737 1241 1772 et
1270 1732 1435 1773 sublima
1464 1733 1608 1773 nebula

81 1800 233 1841 caelum
259 1799 508 1840 obscurabat.

192 1869 285 1901 Non.
311 1880 345 1911 p.
373 1866 456 1901 333:
490 1866 639 1899 Sublima
664 1878 729 1908 pro
754 1866 910 1899 sublimis.
960 1867 1065 1899 Libri
1089 1868 1194 1899 tertia
1216 1871 1314 1904 tunc,-
1345 1871 1431 1900 ante
1455 1867 1487 1899 A
1517 1872 1609 1900 tetra

81 1919 175 1952 tunc,
207 1918 307 1946 terna
336 1918 415 1946 tunc
437 1912 505 1945 AJ.
547 1912 681 1944 thracia
711 1916 789 1944 tunc
813 1912 904 1944 msJ.
960 1911 1193 1944 Acutissume
1225 1913 1388 1945 Kritzius
1420 1914 1609 1955 perspexit

82 1959 176 1992 haec
201 1957 303 1991 dicta.
327 1959 442 1991 fuisse
468 1957 513 1989 de
537 1960 646 1989 nocte
672 1957 830 1989 obscura.
855 1966 926 1999 qua
949 1957 1185 1990 Mithridates
1212 1957 1259 1989 ad
1284 1957 1458 2000 Cyzicum
1483 1961 1608 1990 castra

80 2003 261 2047 promovit
284 2003 396 2046 (Plut.
422 2003 512 2035 Luc.
537 2001 587 2043 9),
613 2002 983 2034 ostendenstertiam
1007 2002 1116 2034 lunae
1141 2005 1287 2034 noctem
1320 2003 1423 2034 tenui
1446 2002 1529 2035 luce
1554 2004 1607 2035 in—

80 2049 244 2082 lustrari.
293 2048 590 2081 Inlustrationem
616 2049 739 2079 autem
763 2047 871 2079 huius
896 2047 1095 2089 fragmenti
1121 2047 1280 2080 absolvit
1303 2048 1429 2089 M‘zihly
1445 2048 1489 2080 N.
1513 2048 1609 2080 Ann.

81 2093 252 2127 LXXVII
278 2105 313 2137 p.
339 2092 384 2126 80
407 2095 486 2126 luna
509 2103 573 2135 pro
598 2096 676 2125 tunc
699 2092 933 2125 scribundum
958 2092 1016 2124 vel
1042 2093 1075 2124 ci
1101 2092 1308 2125 addundum
1333 2103 1413 2125 esse
1440 2103 1607 2125 censens,

196 2173 282 2213 *16
315 2171 394 2226 [Kr.
420 2177 472 2210 16.
503 2174 542 2210 G.
566 2174 580 2210 1
603 2171 701 2224 133]
751 2172 909 2211 Servius
936 2165 984 2211 ad
1014 2171 1129 2222 Verg.
1159 2173 1204 2211 A.
1236 2171 1289 2211 XI
1310 2171 1387 2211 421
1412 2186 1420 2211 :
1452 2183 1530 2211 non
1554 2177 1613 2211 est

81 2242 306 2280 iudicanda
337 2242 518 2284 victoria.
547 2252 651 2290 quae
667 2242 959 2290 perimmensa
979 2241 1217 2279 detrimenta
1231 2242 1453 2288 concinam-⁷
1480 2245 1518 2278 et
1535 2241 1610 2286 hoc

81 2313 139 2347 est
157 2309 264 2348 unde
278 2309 422 2347 laudat
435 2308 646 2347 Sallustius
662 2309 797 2357 duces,
819 2309 915 2356 quia
937 2305 1065 2359 [conr.
1085 2306 1172 2359 qui]
1191 2309 1396 2347 victoriam
1416 2309 1610 2346 incruen-

82 2381 164 2415 tato
189 2375 255 2428 [al.
280 2378 497 2415 incruento,
530 2374 656 2416 Guelf.
679 2375 696 2414 l
716 2377 965 2415 incruentam
986 2374 1054 2427 de]
1083 2377 1263 2414 exercitu
1293 2381 1609 2425 repmtaverunt‚

84 2455 131 2482 ex
152 2455 277 2495 eoque
308 2442 396 2482 isid.
430 2442 496 2482 Or.
529 2441 648 2482 XVIII
678 2442 715 2487 2,
753 2442 769 2481 1
798 2454 836 2494 p.
869 2442 943 2481 561
983 2441 1052 2481 Ο.;
1088 2453 1167 2481 non
1194 2448 1252 2482 est
1276 2444 1454 2482 iucunda
1479 2442 1609 2495 [conr.

84 2509 325 2563 iudicanda]
358 2513 543 2560 victoria,
576 2523 680 2560 quae
707 2522 787 2560 per
820 2513 1010 2550 immensa
1035 2511 1272 2550 detrimenta
1299 2512 1500 2557 contingat.
1560 2510 1613 2547 Et

84 2580 158 2618 hoc
178 2580 257 2627 est,
292 2580 400 2628 quod
424 2579 568 2617 laudat
595 2579 792 2617 Salustius
821 2579 940 2617 duces
967 2579 1171 2617 victoriam
1201 2580 1406 2617 incruento
1432 2578 1611 2615 exercitu

86 2647 328 2696 deportasse.
386 2645 539 2686 Horum
568 2646 880 2685 testimoniorum
915 2645 1213 2685 inlustratorum
1252 2645 1338 2683 laus
1367 2643 1513 2683 Kritzio
1544 2642 1610 2681 de-

86 2713 214 2752 betur.
266 2713 422 2753 Scilicet
447 2726 490 2753 ea
514 2713 562 2753 ad
590 2712 795 2753 Lucullum
816 2700 1013 2763 spectasse
1035 2713 1203 2751 ostendit
1224 2711 1333 2749 locus
1355 2709 1466 2748 Oros.
1492 2709 1542 2747 VI
1563 2708 1609 2747 2:

88 2781 210 2831 Apud
236 2781 421 2830 Cyzicmn
448 2781 638 2820 Lucullus
670 2783 875 2820 incruento
906 2782 1027 2820 milite
1061 2783 1259 2828 spectator
1291 2779 1420 2816 cladis
1456 2779 1612 2816 alienae

87 2859 228 2887 novum
254 2860 382 2897 yenus
410 2850 599 2887 victoriae
626 2849 794 2898 adeptus
817 2853 887 2886 est.
939 2846 1036 2884 Cum
1069 2857 1160 2884 vero
1190 2857 1269 2883 uno
1291 2856 1484 2883 consensu
1508 2843 1608 2883 Plut.

89 2915 182 2954 Luc.
213 2916 259 2955 9:
291 2907 361 2955 διὸ
392 2910 465 2955 καὶ
491 2907 747 2966 περιλαβών
767 2910 819 2967 τῇ
838 2911 1015 2966 διανοίᾳ
1040 2904 1088 2950 τὸ
1117 2908 1284 2964 μέλλον
1312 2903 1396 2951 οὐκ
1421 2903 1612 2964 ἀπεκρύ-

179 2992 361 3026 SALLUST.
380 3003 439 3025 un.
458 2994 640 3025 mescu.
691 2992 737 3024 ΙΙ.
1316 2981 1341 3019 5
