1826 3282
564 244 863 272 msa-omnivm
897 244 979 272 mn.
1010 244 1060 270 111
1090 236 1148 273 71.
1556 224 1608 269 91

90 345 214 378 cecidit
238 341 321 387 [bac
346 342 529 387 scriptura
554 348 706 388 recepta
732 345 901 387 adparet,
929 345 966 377 in
993 340 1088 378 anno
1114 346 1151 377 et
1173 343 1311 378 honore
1335 342 1439 375 ducis
1461 340 1612 374 Florum

90 400 164 422 non
189 388 361 432 errasse].
409 389 490 422 Liv.
516 390 584 431 Ep.
611 390 746 422 XCVI:
775 390 832 422 Cn.
858 391 1022 423 Lentulus
1045 392 1161 422 consul
1181 392 1266 422 male
1290 389 1452 421 adversus
1467 386 1613 429 Sparta-

90 446 162 467 oum
181 436 355 478 pugnavit.
403 434 508 467 Oros.
534 435 566 467 V
590 435 652 467 24:
687 435 846 467 Consules
872 436 996 468 Gellius
1026 439 1060 467 el
1083 436 1246 467 Lentulus
1273 435 1437 466 adversus
1459 442 1519 465 eos
1541 442 1613 464 cum

91 481 247 513 exercitu
269 482 377 520 missi,
411 491 550 523 quorum
575 480 699 513 Gellius
726 480 865 512 Gratum
894 482 1058 512 acerrime
1078 484 1284 522 puynantem
1312 479 1446 521 proelio
1470 487 1613 520 oppres-

89 526 145 562 sit,
171 526 335 557 Lentulus
358 536 380 557 a
396 525 567 567 Spartaco
583 529 764 566 superatus
781 525 922 567 aufugit.
964 526 1048 557 Post
1063 542 1106 547 —
1124 525 1218 557 ambo
1242 527 1395 557 consules
1410 541 1454 546 -
1470 526 1615 565 accepta

89 572 189 612 yram·
215 571 312 602 clade
340 570 514 612 fuyerunt.
561 571 714 612 Eutrop.
746 570 797 602 VI
822 570 860 601 7.
894 570 1020 602 duobus
1049 572 1144 602 simul
1173 570 1397 602 Romanorum
1425 567 1614 601 consulibus

90 616 197 647 victt's.
243 615 337 666 App.
363 615 399 647 b.
425 625 456 647 c.
483 615 507 647 I
529 614 591 646 117
615 627 649 658 p.
675 614 760 647 532:
779 609 1022 666 Σπάρτακον
1039 610 1082 647 δὲ
1100 609 1164 647 διὰ
1189 613 1264 647 τῶν
1277 607 1500 646 Ἀπεννίνων
1516 605 1615 654 ὀρῶν

92 654 155 692 ἐπὶ
178 654 225 692 τά
243 653 395 692 ’Λλπειᾶ
419 657 484 692 καὶ
511 654 549 698 ές
573 655 739 698 Κελτοὺς
763 653 840 692 α’πὸ
864 659 939 692 ταῖν
960 653 1134 692 ’Λλπείων
1167 654 1444 709 ἐπειγόμενον
1445 651 1465 691 ὃ
1490 654 1615 712 ἕτερος

91 697 235 742 ὕπατος
264 700 467 756 προλαβών
498 699 638 738 ἐκώλυε
667 704 734 757 τῆς
767 704 909 756 φυγῆς
916 702 983 737 καὶ
1008 698 1028 737 ὁ
1054 700 1180 760 ἕτερος
1212 698 1384 736 ἐδίωκεν.
1424 695 1444 736 ὃ
1475 698 1518 735 δε
1544 713 1593 746 ξφ

92 744 276 801 ἑκάτερον
297 743 424 782 αυτῶν
446 748 793 802 περιστρεφόμενος
807 745 912 803 παρὰ
937 744 1189 801 μέρος-ἐνίκα.
1209 746 1275 781 καὶ
1300 745 1338 781 οἳ
1362 744 1433 790 μὲν
1456 757 1526 780 συν
1542 743 1613 780 θο-

91 789 194 838 ρύβῳ
217 790 260 827 τὸ
292 788 370 828 άπὸ
402 794 517 828 τοῦδε
548 788 792 847 ἀπεχώρουν,
824 789 844 828 ὁ
871 790 913 828 δὲ
938 791 1168 845 Σπάρτακος
1193 812 1235 816 -
1260 813 1298 816 —-
1327 791 1394 826 καὶ
1417 792 1492 825 τῶν
1515 786 1613 824 υπά·

90 850 165 872 των
195 833 314 872 αυτὸν
344 830 463 878 αὖθις
492 838 580 883 περὶ
609 836 682 883 τὴν
699 839 950 891 Πικηνίτιδα
966 838 1072 893 γῆν
1083 833 1331 872 ὑποστάντων
1362 834 1479 880 μέγας
1509 831 1614 880 άγων

91 881 217 936 ἕτερος
241 877 310 918 ὅδε
333 884 503 938 γίγνεται
519 883 587 918 καὶ
610 879 766 938 μεγάλη
772 883 839 918 καὶ
855 895 939 918 τοτε
956 876 1051 938 ἧσσα
1062 878 1268 938 Ρωμαίων.
1316 883 1411 915 Plut.
1431 882 1553 915 Crass.
1571 881 1612 915 9:

89 923 331 983 ἀμφοτέρους
349 924 561 984 ἐξέπεμπον
574 926 662 968 τοὺς
685 924 866 968 ὑπάτους.
892 921 964 963 av
990 926 1143 967 Γέλλιος
1160 939 1238 972 -μεν
1253 923 1295 961 τὸ
1314 923 1553 981 Γερμανικὸν
1568 944 1613 950 —-

91 971 315 1028 διέφθειρε,
346 971 514 1008 Λέντλου
546 971 590 1008 δε
614 971 680 1008 τὸν
704 970 939 1027 Σπάρτακον
963 969 1142 1030 μεγάλοις
1165 970 1435 1027 στρατοπέδοις
1459 973 1612 1014 περιλα-
1676 1002 1679 1004 ,

90 1015 224 1071 βόντος
249 1015 432 1074 ὁρμήσας
443 1015 556 1073 ὁμόσε
588 1018 655 1054 καὶ
684 1015 814 1072 μάχην
838 1015 1016 1060 συνάψας
1041 1014 1224 1062 ἐκράτησε
1247 1029 1318 1062 μεν
1341 1017 1416 1050 τῶν
1431 1017 1612 1061 πρεσβευ-

89 1063 176 1106 τῶν,
203 1061 314 1108 ἔλαβε
331 1061 375 1098 δὲ
391 1060 462 1109 τὴν
477 1060 697 1109 ἀποσκευὴν
711 1075 881 1099 απασαν.
934 1066 992 1098 Ex
1015 1065 1146 1108 quibus
1172 1064 1325 1107 adparet
1354 1063 1470 1106 primo
1496 1074 1518 1095 a
1543 1062 1611 1095 Gn.

89 1110 247 1143 Lentulo
265 1110 494 1153 Spartacum,
521 1112 788 1154 septentriones
812 1120 958 1144 vorsum
982 1113 1108 1143 secuto
1132 1110 1175 1142 L.
1204 1109 1324 1142 Gellio
1342 1111 1611 1152 properantem,

90 1158 281 1198 exceptum
306 1158 344 1187 et
368 1166 486 1198 paene
512 1156 789 1191 circumclusum
822 1166 922 1196 esse,
955 1158 1013 1188 set
1041 1156 1079 1189 vi
1110 1166 1177 1199 per
1208 1155 1286 1187 eius
1319 1154 1519 1186 exereitum
1542 1153 1614 1185 iter

89 1200 162 1232 sibi
191 1200 436 1242 patefecisse,
467 1204 543 1233 tum
573 1212 696 1233 rursus
729 1201 855 1234 ambos
887 1200 1057 1234 consules
1089 1210 1171 1233 eum
1204 1199 1397 1242 adgressos
1421 1199 1461 1230 in
1485 1198 1612 1240 fugam

88 1255 216 1277 vorsos
233 1255 326 1278 esse.
375 1245 455 1278 Iam
480 1247 513 1278 si
538 1247 585 1279 ad
609 1246 835 1279 Sallustiana
861 1247 1002 1279 animos
1031 1245 1307 1284 advorterimus,
1334 1254 1415 1276 cum
1438 1248 1473 1275 et
1496 1244 1613 1276 eodem

88 1294 239 1331 tempore
263 1290 428 1323 Lentulus
460 1291 633 1334 scriptum
658 1291 725 1330 sit,
756 1291 849 1324 illud
872 1291 1104 1334 perspicuum
1129 1293 1203 1330 est,
1235 1290 1280 1322 de
1311 1288 1453 1331 proelio
1477 1288 1614 1320 dictum

89 1335 223 1375 fuisse,
256 1335 295 1367 in
319 1345 390 1378 quo
413 1335 477 1368 ille
503 1347 585 1369 cum
611 1336 684 1371 alio
709 1315 802 1369 duce
826 1337 990 1369 Romano
1013 1346 1087 1368 una
1111 1335 1363 1379 pugnavisset.
1413 1332 1527 1366 Simul
1552 1343 1612 1364 ex-

88 1382 206 1413 trema
227 1380 344 1413 verba
368 1381 574 1421 ostendunt,
602 1381 714 1414 alium
738 1382 939 1414 exercitum
962 1392 1108 1424 pugnae
1133 1381 1195 1413 diu
1217 1380 1292 1413 iam
1308 1381 1536 1413 sustentatae
1554 1388 1612 1409 su-

87 1425 312 1467 pervenisse.
344 1426 438 1458 Eum
454 1426 600 1469 legati
588 1427 704 1469 1psius
718 1427 868 1460 Lentuli
882 1427 1007 1466 fuisse,
1027 1436 1246 1469 quamquam
1258 1424 1470 1468 praefracte
1483 1423 1614 1465 negari

87 1470 234 1512 nequit,
261 1473 386 1503 tamen
408 1472 488 1504 veri
505 1472 623 1504 simile
640 1483 712 1505 non
730 1476 803 1512 est,
828 1451 1055 1515 probabilior
1075 1472 1170 1504 haec
1190 1470 1367 1514 suspicio:
1392 1470 1436 1501 L.
1455 1468 1613 1501 Gellium

86 1515 322 1558 inexpectato
346 1516 402 1548 illi
428 1517 564 1550 auxilio
588 1519 745 1554 venisse,
793 1517 897 1557 Quod
920 1518 1032 1560 igitur
1058 1517 1153 1559 apud
1169 1517 1260 1548 Non.
1281 1516 1319 1547 in
1342 1514 1446 1546 libris
1470 1516 1527 1546 est
1543 1516 1613 1545 lon-

85 1570 176 1602 9um,
209 1561 283 1592 iam
317 1560 406 1593 1526
437 1562 669 1594 emendatum
701 1565 758 1595 est
781 1565 896 1595 locum.
945 1562 1088 1594 Deinde
1115 1572 1196 1594 cum
1220 1561 1305 1593 libri
1329 1560 1488 1601 defensus
1513 1558 1611 1591 exhi-

86 1605 220 1646 beant
238 1605 356 1638 minus
381 1609 466 1649 apte
484 1607 680 1639 Lentulum
703 1607 816 1639 multo
841 1618 987 1640 suorum
1012 1606 1192 1650 sanguine
1217 1606 1410 1638 defensum
1433 1604 1508 1636 dici
1530 1614 1611 1646 per-

87 1650 310 1692 spicientes,
336 1651 502 1694 plerique
528 1655 640 1685 antea
663 1653 733 1685 viri
757 1653 858 1688 docti
883 1653 1088 1693 defendens,
1120 1651 1284 1684 Kritzius
1309 1650 1482 1690 defensum
1506 1648 1611 1681 resti-

86 1693 168 1727 tuit.
217 1695 274 1727 De
300 1705 372 1738 qua
396 1707 435 1728 re
462 1707 680 1739 quamquam
706 1700 808 1730 certo
832 1697 1028 1729 diiudicari
1052 1697 1197 1739 nequit,
1225 1696 1396 1739 quoniam
1420 1694 1516 1737 quod
1531 1704 1611 1726 ver-

86 1740 172 1771 bum
198 1739 340 1772 finitum
374 1741 423 1773 ad
446 1742 611 1774 Lentulus
641 1742 798 1774 relatum
829 1742 959 1782 fuerit,
992 1743 1196 1782 nescimus,
1227 1744 1353 1773 tamen
1384 1750 1466 1772 cnm
1496 1739 1612 1772 verba

86 1786 214 1826 duplici
243 1787 316 1817 acie
347 1787 467 1818 minus
500 1790 598 1819 recte
625 1797 706 1819 cum
731 1788 920 1828 defendens
946 1787 1120 1830 coniungi
1146 1790 1182 1818 et
1206 1785 1400 1818 ostendere
1418 1785 1538 1827 potius
1557 1784 1610 1815 vi-

87 1829 259 1871 deantur,
286 1830 494 1871 Lentulum,
521 1842 602 1864 cum
620 1832 821 1864 adventare
839 1831 976 1864 auxilia
1000 1832 1165 1872 vidisset,
1191 1832 1266 1863 iam
1284 1832 1320 1862 in
1336 1829 1480 1862 hostis
1470 1839 1611 1871 ingres-

69 1871 164 1906 'sum
190 1884 290 1916 esse,
318 1886 404 1919 ergo
429 1876 549 1909 locum
574 1877 677 1909 illum
702 1877 840 1909 editum
865 1880 928 1909 aut
953 1878 1135 1915 evasisse,
1163 1879 1226 1908 aut
1251 1875 1346 1917 quod
1369 1873 1608 1917 probabilius,

85 1919 278 1962 reliquisse
304 1919 317 1962 (
328 1920 482 1964 ‘duplici
507 1922 588 1954 acie
612 1912 732 1954 locum
758 1922 913 1962 editum,
941 1932 1047 1964 quem
1072 1901 1190 1954 adime
1215 1920 1330 1952 multo
1355 1929 1502 1952 suorum
1526 1929 1609 1951 san-

85 1964 196 2007 guine
221 1964 455 2006 defenderat,
482 1966 632 2019 reliquit
657 1970 693 1998 et
717 1967 756 1999 in
771 1967 896 2000 hostes
913 1967 1076 2009 inpetum
1094 1966 1203 1998 fecit'
1213 1966 1237 2007 )‚
1263 1966 1343 1998 veri
1367 1964 1522 1997 similius
1540 1966 1610 2003 est,

86 2010 182 2051 quod
204 2009 367 2043 Kritzius
392 2012 593 2054 proposuit,
619 2022 736 2054 eoque
760 2012 880 2054 magis
906 2011 1221 2054 conprobandum,
1254 2010 1341 2053 quia
1364 2019 1538 2053 proxume
1564 1988 1611 2041 ad

82 2054 259 2087 librorum
275 2056 493 2098 scripturam
511 2057 668 2089 adcedit.
700 2057 792 2089 Tum
810 2056 975 2099 plerique
991 2057 1078 2088 libri
1095 2059 1214 2093 astari,
1233 2056 1366 2088 obstari
1387 2065 1454 2087 ms
1471 2053 1609 2093 Palat„

85 2099 223 2132 obstare
247 2110 354 2132 mscr.
379 2101 506 2142 Basil„
535 2102 583 2134 al.
602 2103 724 2143 ostar-i,
746 2103 889 2135 bostar-i.
929 2103 1002 2135 Pro
1021 2102 1149 2144 quibus
1168 2101 1263 2143 quod
1280 2100 1432 2133 Colerus
1450 2099 1611 2132 coniecit

84 2145 317 2177 scribendum
343 2156 423 2178 esse
441 2147 584 2188 hastati,
612 2147 702 2179 ferri
719 2158 791 2180 non
815 2157 923 2190 posse
941 2147 1055 2180 facile
1074 2146 1313 2189 intellegitur,
1332 2156 1401 2178 nec
1419 2144 1610 2177 difficilius

83 2189 347 2232 paludamenta
371 2201 488 2233 neque
515 2192 662 2225 adstare
688 2203 808 2235 neque
841 2193 989 2225 obstare
1022 2193 1116 2225 satis
1148 2191 1334 2224 commode
1360 2190 1446 2223 dici.
1495 2189 1611 2223 Simul
1659 2223 1661 2225 ,

84 2235 239 2278 adparet
255 2236 406 2268 verbum
423 2237 551 2269 similis
569 2238 730 2270 notionis
749 2248 830 2270 esse
849 2237 1002 2278 debere,
1027 2241 1136 2280 atque
1155 2237 1250 2279 quod
1268 2236 1432 2279 sequitur
1447 2237 1608 2276 intelleffi,

82 2290 148 2322 pro
166 2289 237 2322 qua
255 2281 350 2322 quod
366 2291 430 2313 ms.
450 2281 571 2314 Palat.
591 2282 739 2314 exhibet
755 2284 867 2315 deleri
881 2287 1033 2325 coeptae,
1058 2282 1166 2315 nihili
1182 2281 1396 2314 faciundum
1414 2283 1481 2314 est.
1522 2280 1611 2313 Sen-

82 2325 223 2357 tentiae
240 2325 354 2368 igitur
370 2326 618 2368 satisfaceret,
637 2328 731 2370 quod
747 2328 911 2360 Kritzius
926 2328 1071 2370 'recepit
1087 2331 1273 2368 ostentari,
1289 2326 1395 2359 modo
1409 2336 1454 2359 ea
1467 2325 1610 2358 ratione

82 2369 120 2401 id
143 2370 296 2403 verbum
319 2371 455 2403 dictum
480 2382 562 2405 esse
587 2353 829 2405 demonstrari
853 2376 990 2426 posset:
1040 2373 1123 2413 Qua
1148 2383 1187 2404 re
1222 2383 1291 2415 ego
1317 2372 1450 2414 scripsi
1474 2375 1609 2408 extare,

83 2415 177 2457 quod
201 2426 283 2447 cum
307 2415 352 2448 de
378 2417 430 2449 eis
456 2427 550 2458 quae
574 2417 612 2449 in
637 2418 835 2460 sculpendo
866 2421 929 2450 aut
954 2418 1016 2460 pin
1045 2418 1137 2450 endo
1160 2417 1357 2449 luminibus
1382 2417 1610 2459 distinguun-

82 2463 142 2491 tur
173 2460 311 2492 dictum
336 2461 386 2493 sit
410 2461 581 2502 (Ellendt
606 2463 653 2494 ad
669 2463 746 2495 Cic.
773 2463 818 2495 de
845 2474 895 2495 or.
913 2464 972 2496 111
994 2463 1014 2494 2
1041 2462 1136 2503 ,101
1161 2473 1196 2505 p.
1216 2461 1283 2495 399
1299 2461 1380 2503 sq.),
1407 2464 1510 2494 recte
1529 2460 1609 2493 Sal-

81 2504 214 2537 lustius
240 2505 286 2538 ad
310 2506 590 2548 paludamenta,
619 2518 711 2550 quae
737 2508 916 2551 paulatim
941 2509 1039 2541 inter
1063 2508 1235 2540 sarcinas
1259 2507 1359 2540 cerni
1383 2517 1427 2538 ac
1444 2505 1610 2549 dignosci

83 2560 258 2593 coepere,
285 2551 487 2584 transferre
511 2552 640 2596 potuit.

196 2639 378 2673 Secuntur
400 2641 475 2673 iam
500 2652 546 2674 ea
570 2642 799 2686 fragmenta,
834 2652 927 2684 quae
961 2653 1006 2675 ex
1028 2642 1123 2675 libro
1149 2641 1310 2674 secundo
1336 2636 1628 2673 conmemorata'

83 2694 153 2726 quo
177 2685 375 2718 referunda
399 2686 490 2727 sint,
516 2687 663 2720 dubium
690 2691 754 2720 aut
777 2688 958 2730 incertum
984 2691 1050 2720 est.

197 2775 245 2814 71
286 2774 366 2828 [Kr.
389 2780 446 2814 86.
487 2779 526 2815 G.
549 2776 626 2829 94].
684 2776 796 2823 Quod
828 2777 896 2816 ubi
926 2776 1073 2815 f1··ustna
1099 2779 1331 2826 temptatum
1363 2779 1440 2820 est,
1472 2787 1607 2814 socor-

82 2840 170 2898 dius
194 2841 335 2882 milites
362 2843 420 2882 ire
442 2856 657 2895 occepere,
690 2857 770 2884 non
795 2844 895 2895 aptis
923 2844 1061 2888 armis,
1093 2846 1136 2882 ιιι
1159 2843 1198 2881 in
1221 2843 1436 2895 principie,
1452 2842 1607 2903 'laxiore

82 2918 248 2958 agmine.
