<?xml version="1.0" encoding="UTF-8"?>
<!DOCTYPE html PUBLIC "-//W3C//DTD XHTML 1.0 Transitional//EN"
    "http://www.w3.org/TR/xhtml1/DTD/xhtml1-transitional.dtd">
<html xmlns="http://www.w3.org/1999/xhtml" xml:lang="en" lang="en">
 <head>
  <title>
</title>
<meta http-equiv="Content-Type" content="text/html;charset=utf-8" />
  <meta name='ocr-system' content='tesseract 3.04.00' />
  <meta name='ocr-capabilities' content='ocr_page ocr_carea ocr_par ocr_line ocrx_word'/>
</head>
<body>
  <div class='ocr_page' id='page_1' title='image "./quaesupersunt02salluoft_0384.png"; bbox 0 0 1812 3268; ppageno 0'>
   <div class='ocr_carea' id='block_1_1' title="bbox 214 190 1042 232">
    <p class='ocr_par' dir='ltr' id='par_1_1' title="bbox 214 190 1042 232">
     <span class='ocr_line' id='line_1_1' title="bbox 214 190 1042 232; baseline -0.002 0"><span class='ocrx_word' id='word_1_1' title='bbox 214 190 298 232; x_wconf 84' lang='lat'>376</span> <span class='ocrx_word' id='word_1_2' title='bbox 908 205 1042 231; x_wconf 76' lang='lat' dir='ltr'>mol-:x</span> 
     </span>
    </p>
   </div>
   <div class='ocr_carea' id='block_1_2' title="bbox 214 301 1739 840">
    <p class='ocr_par' dir='ltr' id='par_1_2' title="bbox 214 301 1739 526">
     <span class='ocr_line' id='line_1_2' title="bbox 214 301 1729 348; baseline 0.001 -11"><span class='ocrx_word' id='word_1_3' title='bbox 214 308 255 338; x_wconf 89' lang='lat' dir='ltr'>ut</span> <span class='ocrx_word' id='word_1_4' title='bbox 271 305 309 336; x_wconf 90' lang='lat' dir='ltr'>in</span> <span class='ocrx_word' id='word_1_5' title='bbox 325 305 393 337; x_wconf 90' lang='lat' dir='ltr'>tali</span> <span class='ocrx_word' id='word_1_6' title='bbox 411 304 557 346; x_wconf 83' lang='lat' dir='ltr'>negotio</span> <span class='ocrx_word' id='word_1_7' title='bbox 573 303 597 335; x_wconf 91' lang='lat' dir='ltr'><strong>J</strong></span> <span class='ocrx_word' id='word_1_8' title='bbox 618 302 697 342; x_wconf 88' lang='lat'>107,</span> <span class='ocrx_word' id='word_1_9' title='bbox 717 301 749 334; x_wconf 88' lang='grc'>6.</span> <span class='ocrx_word' id='word_1_10' title='bbox 791 304 828 335; x_wconf 88' lang='grc'>111</span> <span class='ocrx_word' id='word_1_11' title='bbox 854 304 921 336; x_wconf 88' lang='lat' dir='ltr'>tali</span> <span class='ocrx_word' id='word_1_12' title='bbox 936 307 1100 347; x_wconf 87' lang='lat' dir='ltr'>tempore</span> <span class='ocrx_word' id='word_1_13' title='bbox 1119 304 1146 336; x_wconf 88' lang='lat' dir='ltr'>C</span> <span class='ocrx_word' id='word_1_14' title='bbox 1164 304 1225 346; x_wconf 87' lang='grc'>48,</span> <span class='ocrx_word' id='word_1_15' title='bbox 1243 304 1276 337; x_wconf 88' lang='grc'>5.</span> <span class='ocrx_word' id='word_1_16' title='bbox 1319 306 1450 348; x_wconf 88' lang='lat' dir='ltr'>quippe</span> <span class='ocrx_word' id='word_1_17' title='bbox 1475 305 1513 338; x_wconf 87' lang='lat' dir='ltr'>in</span> <span class='ocrx_word' id='word_1_18' title='bbox 1536 305 1603 338; x_wconf 88' lang='lat' dir='ltr'>tali</span> <span class='ocrx_word' id='word_1_19' title='bbox 1627 305 1684 338; x_wconf 81' lang='lat' dir='ltr'>die</span> <span class='ocrx_word' id='word_1_20' title='bbox 1702 304 1729 338; x_wconf 84' lang='lat' dir='ltr'><strong>J</strong></span> 
     </span>
     <span class='ocr_line' id='line_1_3' title="bbox 216 347 1731 392; baseline -0.001 -9"><span class='ocrx_word' id='word_1_21' title='bbox 216 349 271 390; x_wconf 87' lang='lat'>66,</span> <span class='ocrx_word' id='word_1_22' title='bbox 290 349 321 382; x_wconf 90' lang='lat'>3.</span> <span class='ocrx_word' id='word_1_23' title='bbox 355 348 468 380; x_wconf 87' lang='lat' dir='ltr'>facile</span> <span class='ocrx_word' id='word_1_24' title='bbox 488 358 549 380; x_wconf 87' lang='lat' dir='ltr'>eos</span> <span class='ocrx_word' id='word_1_25' title='bbox 568 347 612 378; x_wconf 88' lang='lat' dir='ltr'>ad</span> <span class='ocrx_word' id='word_1_26' title='bbox 630 347 706 379; x_wconf 83' lang='lat' dir='ltr'>tale</span> <span class='ocrx_word' id='word_1_27' title='bbox 726 348 917 380; x_wconf 87' lang='lat' dir='ltr'>consilium</span> <span class='ocrx_word' id='word_1_28' title='bbox 935 349 1066 381; x_wconf 84' lang='lat' dir='ltr'><strong>adduci</strong></span> <span class='ocrx_word' id='word_1_29' title='bbox 1083 360 1190 392; x_wconf 88' lang='lat' dir='ltr'>posse</span> <span class='ocrx_word' id='word_1_30' title='bbox 1210 349 1237 382; x_wconf 86' lang='lat' dir='ltr'>C</span> <span class='ocrx_word' id='word_1_31' title='bbox 1255 349 1311 392; x_wconf 90' lang='lat'>40,</span> <span class='ocrx_word' id='word_1_32' title='bbox 1332 350 1347 381; x_wconf 93' lang='grc'>1</span> <span class='ocrx_word' id='word_1_33' title='bbox 1366 354 1452 383; x_wconf 80' lang='lat' dir='ltr'>conl.</span> <span class='ocrx_word' id='word_1_34' title='bbox 1469 351 1492 382; x_wconf 88' lang='lat' dir='ltr'>J</span> <span class='ocrx_word' id='word_1_35' title='bbox 1509 350 1606 391; x_wconf 90' lang='grc'>76,1.</span> <span class='ocrx_word' id='word_1_36' title='bbox 1639 350 1731 385; x_wconf 77' lang='lat' dir='ltr'>talia</span> 
     </span>
     <span class='ocr_line' id='line_1_4' title="bbox 217 391 1739 437; baseline 0.001 -10"><span class='ocrx_word' id='word_1_37' title='bbox 217 396 367 435; x_wconf 86' lang='lat' dir='ltr'>incepta</span> <span class='ocrx_word' id='word_1_38' title='bbox 385 393 419 424; x_wconf 92' lang='lat' dir='ltr'>H</span> <span class='ocrx_word' id='word_1_39' title='bbox 435 393 447 423; x_wconf 93' lang='lat' dir='ltr'>i</span> <span class='ocrx_word' id='word_1_40' title='bbox 464 391 518 424; x_wconf 88' lang='lat'>89.</span> <span class='ocrx_word' id='word_1_41' title='bbox 550 392 714 425; x_wconf 85' lang='lat' dir='ltr'>homines</span> <span class='ocrx_word' id='word_1_42' title='bbox 732 393 818 426; x_wconf 85' lang='lat' dir='ltr'>talis</span> <span class='ocrx_word' id='word_1_43' title='bbox 835 394 963 436; x_wconf 80' lang='lat' dir='ltr'>negoti</span> <span class='ocrx_word' id='word_1_44' title='bbox 981 393 1141 427; x_wconf 85' lang='lat' dir='ltr'>artifices</span> <span class='ocrx_word' id='word_1_45' title='bbox 1158 395 1180 428; x_wconf 98' lang='lat' dir='ltr'><strong>J</strong></span> <span class='ocrx_word' id='word_1_46' title='bbox 1198 394 1252 436; x_wconf 91' lang='lat'>35,</span> <span class='ocrx_word' id='word_1_47' title='bbox 1268 395 1300 428; x_wconf 88' lang='lat'>5.</span> <span class='ocrx_word' id='word_1_48' title='bbox 1335 396 1452 428; x_wconf 89' lang='lat' dir='ltr'>studio</span> <span class='ocrx_word' id='word_1_49' title='bbox 1469 395 1597 437; x_wconf 88' lang='lat' dir='ltr'>talium</span> <span class='ocrx_word' id='word_1_50' title='bbox 1613 402 1739 428; x_wconf 85' lang='lat' dir='ltr'>rerum·</span> 
     </span>
     <span class='ocr_line' id='line_1_5' title="bbox 217 435 1733 482; baseline 0.001 -12"><span class='ocrx_word' id='word_1_51' title='bbox 217 438 365 470; x_wconf 86' lang='lat' dir='ltr'>incitati</span> <span class='ocrx_word' id='word_1_52' title='bbox 380 438 403 469; x_wconf 91' lang='lat' dir='ltr'><strong>J</strong></span> <span class='ocrx_word' id='word_1_53' title='bbox 420 435 516 477; x_wconf 90' lang='lat'>66,4.</span> <span class='ocrx_word' id='word_1_54' title='bbox 550 447 595 470; x_wconf 84' lang='lat' dir='ltr'>ne</span> <span class='ocrx_word' id='word_1_55' title='bbox 614 447 722 480; x_wconf 83' lang='lat' dir='ltr'>super</span> <span class='ocrx_word' id='word_1_56' title='bbox 738 438 807 470; x_wconf 86' lang='lat' dir='ltr'>tali</span> <span class='ocrx_word' id='word_1_57' title='bbox 825 438 964 471; x_wconf 82' lang='lat' dir='ltr'>scelere</span> <span class='ocrx_word' id='word_1_58' title='bbox 982 443 1192 482; x_wconf 82' lang='lat' dir='ltr'>suspectum</span> <span class='ocrx_word' id='word_1_59' title='bbox 1211 450 1290 472; x_wconf 87' lang='lat' dir='ltr'>sese</span> <span class='ocrx_word' id='word_1_60' title='bbox 1307 440 1463 473; x_wconf 86' lang='lat' dir='ltr'>haberet</span> <span class='ocrx_word' id='word_1_61' title='bbox 1478 441 1501 473; x_wconf 89' lang='lat' dir='ltr'><strong>J</strong></span> <span class='ocrx_word' id='word_1_62' title='bbox 1517 440 1614 480; x_wconf 89' lang='grc'>71,5.</span> <span class='ocrx_word' id='word_1_63' title='bbox 1646 440 1733 473; x_wconf 86' lang='lat' dir='ltr'>talis</span> 
     </span>
     <span class='ocr_line' id='line_1_6' title="bbox 219 481 1732 526; baseline 0.001 -11"><span class='ocrx_word' id='word_1_64' title='bbox 219 484 319 515; x_wconf 84' lang='lat' dir='ltr'>fama</span> <span class='ocrx_word' id='word_1_65' title='bbox 336 483 380 514; x_wconf 88' lang='lat' dir='ltr'>de</span> <span class='ocrx_word' id='word_1_66' title='bbox 393 481 522 514; x_wconf 86' lang='lat' dir='ltr'>Cassio</span> <span class='ocrx_word' id='word_1_67' title='bbox 538 481 751 523; x_wconf 87' lang='lat' dir='ltr'>eratJ32,5.</span> <span class='ocrx_word' id='word_1_68' title='bbox 786 483 899 516; x_wconf 89' lang='lat' dir='ltr'>talem</span> <span class='ocrx_word' id='word_1_69' title='bbox 917 484 1088 516; x_wconf 86' lang='lat' dir='ltr'><strong>honorem</strong></span> <span class='ocrx_word' id='word_1_70' title='bbox 1103 495 1209 519; x_wconf 85' lang='lat' dir='ltr'>nemo</span> <span class='ocrx_word' id='word_1_71' title='bbox 1226 485 1335 525; x_wconf 89' lang='lat' dir='ltr'>volet,</span> <span class='ocrx_word' id='word_1_72' title='bbox 1356 496 1436 517; x_wconf 91' lang='lat' dir='ltr'>cum</span> <span class='ocrx_word' id='word_1_73' title='bbox 1450 503 1490 508; x_wconf 93' lang='lat'>-—</span> <span class='ocrx_word' id='word_1_74' title='bbox 1508 486 1544 517; x_wconf 91' lang='lat' dir='ltr'>H</span> <span class='ocrx_word' id='word_1_75' title='bbox 1559 485 1595 517; x_wconf 93' lang='lat'>11</span> <span class='ocrx_word' id='word_1_76' title='bbox 1611 484 1732 526; x_wconf 87' lang='grc'>41,11.</span> 
     </span>
    </p>

    <p class='ocr_par' dir='ltr' id='par_1_3' title="bbox 218 527 1737 840">
     <span class='ocr_line' id='line_1_7' title="bbox 263 527 1737 572; baseline 0.005 -15"><span class='ocrx_word' id='word_1_77' title='bbox 263 529 340 558; x_wconf 79' lang='lat' dir='ltr'>tam.</span> <span class='ocrx_word' id='word_1_78' title='bbox 379 527 411 558; x_wconf 86' lang='lat' dir='ltr'>si</span> <span class='ocrx_word' id='word_1_79' title='bbox 434 530 509 558; x_wconf 90' lang='lat' dir='ltr'>tam</span> <span class='ocrx_word' id='word_1_80' title='bbox 532 537 596 559; x_wconf 88' lang='lat' dir='ltr'>vos</span> <span class='ocrx_word' id='word_1_81' title='bbox 618 527 804 560; x_wconf 79' lang='lat' dir='ltr'>libertatis</span> <span class='ocrx_word' id='word_1_82' title='bbox 829 539 952 561; x_wconf 86' lang='lat' dir='ltr'>curam</span> <span class='ocrx_word' id='word_1_83' title='bbox 976 529 1181 569; x_wconf 87' lang='lat' dir='ltr'>haberetis,</span> <span class='ocrx_word' id='word_1_84' title='bbox 1209 540 1316 572; x_wconf 88' lang='lat' dir='ltr'>quam</span> <span class='ocrx_word' id='word_1_85' title='bbox 1342 530 1399 562; x_wconf 89' lang='lat' dir='ltr'>illi</span> <span class='ocrx_word' id='word_1_86' title='bbox 1420 547 1463 553; x_wconf 86' lang='lat'>——</span> <span class='ocrx_word' id='word_1_87' title='bbox 1481 529 1630 562; x_wconf 83' lang='lat' dir='ltr'>adcensi</span> <span class='ocrx_word' id='word_1_88' title='bbox 1652 532 1737 564; x_wconf 76' lang='lat' dir='ltr'>sunt</span> 
     </span>
     <span class='ocr_line' id='line_1_8' title="bbox 218 570 1735 618; baseline 0.002 -14"><span class='ocrx_word' id='word_1_89' title='bbox 218 572 242 604; x_wconf 93' lang='lat' dir='ltr'><strong>J</strong></span> <span class='ocrx_word' id='word_1_90' title='bbox 259 570 313 611; x_wconf 87' lang='grc'>31,</span> <span class='ocrx_word' id='word_1_91' title='bbox 332 570 383 603; x_wconf 90' lang='grc'>16.</span> <span class='ocrx_word' id='word_1_92' title='bbox 418 582 525 613; x_wconf 84' lang='lat' dir='ltr'>quam</span> <span class='ocrx_word' id='word_1_93' title='bbox 543 572 692 612; x_wconf 79' lang='lat' dir='ltr'>audeas,</span> <span class='ocrx_word' id='word_1_94' title='bbox 708 575 783 605; x_wconf 91' lang='lat' dir='ltr'>tam</span> <span class='ocrx_word' id='word_1_95' title='bbox 797 574 914 606; x_wconf 86' lang='lat' dir='ltr'>videri</span> <span class='ocrx_word' id='word_1_96' title='bbox 924 574 1114 606; x_wconf 85' lang='lat' dir='ltr'>felicemH</span> <span class='ocrx_word' id='word_1_97' title='bbox 1126 576 1144 607; x_wconf 95' lang='lat' dir='ltr'>I</span> <span class='ocrx_word' id='word_1_98' title='bbox 1156 574 1210 615; x_wconf 91' lang='lat'>41,</span> <span class='ocrx_word' id='word_1_99' title='bbox 1221 575 1265 606; x_wconf 89' lang='lat'>20</span> <span class='ocrx_word' id='word_1_100' title='bbox 1277 585 1368 617; x_wconf 79' lang='lat' dir='ltr'>susp.</span> <span class='ocrx_word' id='word_1_101' title='bbox 1404 586 1510 618; x_wconf 84' lang='lat' dir='ltr'>quam</span> <span class='ocrx_word' id='word_1_102' title='bbox 1520 575 1735 607; x_wconf 79' lang='lat' dir='ltr'>formidatus</span> 
     </span>
     <span class='ocr_line' id='line_1_9' title="bbox 221 618 1733 663; baseline 0.003 -15"><span class='ocrx_word' id='word_1_103' title='bbox 221 620 292 655; x_wconf 89' lang='lat' dir='ltr'>est,</span> <span class='ocrx_word' id='word_1_104' title='bbox 318 620 391 648; x_wconf 88' lang='lat' dir='ltr'>tam</span> <span class='ocrx_word' id='word_1_105' title='bbox 412 620 664 649; x_wconf 77' lang='lat' dir='ltr'>contemnetur</span> <span class='ocrx_word' id='word_1_106' title='bbox 680 618 715 648; x_wconf 92' lang='lat' dir='ltr'>H</span> <span class='ocrx_word' id='word_1_107' title='bbox 732 619 749 650; x_wconf 94' lang='grc' dir='ltr'>Ι</span> <span class='ocrx_word' id='word_1_108' title='bbox 766 618 829 659; x_wconf 90' lang='lat'>41,</span> <span class='ocrx_word' id='word_1_109' title='bbox 848 619 902 651; x_wconf 89' lang='lat'>24.</span> <span class='ocrx_word' id='word_1_110' title='bbox 944 630 1025 661; x_wconf 90' lang='lat' dir='ltr'>neq.</span> <span class='ocrx_word' id='word_1_111' title='bbox 1043 623 1118 651; x_wconf 89' lang='lat' dir='ltr'>tam</span> <span class='ocrx_word' id='word_1_112' title='bbox 1141 620 1336 663; x_wconf 85' lang='lat' dir='ltr'>magnifice</span> <span class='ocrx_word' id='word_1_113' title='bbox 1354 620 1529 652; x_wconf 86' lang='lat' dir='ltr'>sumentis</span> <span class='ocrx_word' id='word_1_114' title='bbox 1545 619 1733 662; x_wconf 82' lang='lat' dir='ltr'>proelium,</span> 
     </span>
     <span class='ocr_line' id='line_1_10' title="bbox 220 661 1735 707; baseline 0.002 -14"><span class='ocrx_word' id='word_1_115' title='bbox 220 672 326 704; x_wconf 91' lang='lat' dir='ltr'>quam</span> <span class='ocrx_word' id='word_1_116' title='bbox 344 661 622 704; x_wconf 80' lang='lat' dir='ltr'>postulaverant</span> <span class='ocrx_word' id='word_1_117' title='bbox 638 663 672 694; x_wconf 89' lang='lat' dir='ltr'>H</span> <span class='ocrx_word' id='word_1_118' title='bbox 690 663 744 695; x_wconf 95' lang='lat' dir='ltr'>III</span> <span class='ocrx_word' id='word_1_119' title='bbox 757 662 812 703; x_wconf 87' lang='grc'>67,</span> <span class='ocrx_word' id='word_1_120' title='bbox 824 663 877 696; x_wconf 88' lang='grc'>10.</span> <span class='ocrx_word' id='word_1_121' title='bbox 913 674 1019 706; x_wconf 90' lang='lat' dir='ltr'>quam</span> <span class='ocrx_word' id='word_1_122' title='bbox 1038 665 1154 707; x_wconf 86' lang='lat' dir='ltr'>quisq.</span> <span class='ocrx_word' id='word_1_123' title='bbox 1173 675 1339 707; x_wconf 78' lang='lat' dir='ltr'>pessume</span> <span class='ocrx_word' id='word_1_124' title='bbox 1358 665 1458 705; x_wconf 87' lang='lat' dir='ltr'>fecit,</span> <span class='ocrx_word' id='word_1_125' title='bbox 1478 669 1551 698; x_wconf 86' lang='lat' dir='ltr'>tam</span> <span class='ocrx_word' id='word_1_126' title='bbox 1569 674 1735 697; x_wconf 80' lang='lat' dir='ltr'>maxume</span> 
     </span>
     <span class='ocr_line' id='line_1_11' title="bbox 220 706 1735 752; baseline 0.001 -13"><span class='ocrx_word' id='word_1_127' title='bbox 220 710 318 739; x_wconf 90' lang='lat' dir='ltr'>tutus</span> <span class='ocrx_word' id='word_1_128' title='bbox 337 712 392 738; x_wconf 84' lang='lat' dir='ltr'>est</span> <span class='ocrx_word' id='word_1_129' title='bbox 408 707 431 738; x_wconf 89' lang='lat' dir='ltr'><strong>J</strong></span> <span class='ocrx_word' id='word_1_130' title='bbox 448 706 510 747; x_wconf 89' lang='lat'>31,</span> <span class='ocrx_word' id='word_1_131' title='bbox 532 706 582 740; x_wconf 90' lang='lat'>14.</span> <span class='ocrx_word' id='word_1_132' title='bbox 623 707 661 739; x_wconf 90' lang='lat' dir='ltr'>in</span> <span class='ocrx_word' id='word_1_133' title='bbox 684 711 790 740; x_wconf 86' lang='lat' dir='ltr'>tanta</span> <span class='ocrx_word' id='word_1_134' title='bbox 807 711 918 751; x_wconf 86' lang='lat' dir='ltr'>tamq.</span> <span class='ocrx_word' id='word_1_135' title='bbox 939 713 1116 752; x_wconf 78' lang='lat' dir='ltr'>conrupta</span> <span class='ocrx_word' id='word_1_136' title='bbox 1134 710 1286 742; x_wconf 90' lang='lat' dir='ltr'>civitate</span> <span class='ocrx_word' id='word_1_137' title='bbox 1305 710 1331 742; x_wconf 82' lang='lat' dir='ltr'>C</span> <span class='ocrx_word' id='word_1_138' title='bbox 1355 709 1410 748; x_wconf 89' lang='lat'>14,</span> <span class='ocrx_word' id='word_1_139' title='bbox 1433 710 1461 742; x_wconf 93' lang='lat' dir='ltr'>l.</span> <span class='ocrx_word' id='word_1_140' title='bbox 1503 713 1605 742; x_wconf 87' lang='lat' dir='ltr'>tanto</span> <span class='ocrx_word' id='word_1_141' title='bbox 1623 712 1735 751; x_wconf 88' lang='lat' dir='ltr'>tamq.</span> 
     </span>
     <span class='ocr_line' id='line_1_12' title="bbox 220 751 1736 795; baseline 0.002 -12"><span class='ocrx_word' id='word_1_142' title='bbox 220 752 304 783; x_wconf 88' lang='lat' dir='ltr'>utili</span> <span class='ocrx_word' id='word_1_143' title='bbox 333 751 452 784; x_wconf 89' lang='lat' dir='ltr'>labori</span> <span class='ocrx_word' id='word_1_144' title='bbox 476 752 499 790; x_wconf 82' lang='lat' dir='ltr'><strong>J</strong></span> <span class='ocrx_word' id='word_1_145' title='bbox 523 752 562 793; x_wconf 89' lang='grc'>4,</span> <span class='ocrx_word' id='word_1_146' title='bbox 590 751 621 784; x_wconf 88' lang='grc'>3.</span> <span class='ocrx_word' id='word_1_147' title='bbox 663 763 721 785; x_wconf 87' lang='lat' dir='ltr'>res</span> <span class='ocrx_word' id='word_1_148' title='bbox 745 756 850 786; x_wconf 87' lang='lat' dir='ltr'>tanta</span> <span class='ocrx_word' id='word_1_149' title='bbox 875 758 911 785; x_wconf 85' lang='lat' dir='ltr'>et</span> <span class='ocrx_word' id='word_1_150' title='bbox 935 757 1010 786; x_wconf 87' lang='lat' dir='ltr'>tam</span> <span class='ocrx_word' id='word_1_151' title='bbox 1035 758 1139 787; x_wconf 79' lang='lat' dir='ltr'>atrox</span> <span class='ocrx_word' id='word_1_152' title='bbox 1162 755 1189 787; x_wconf 85' lang='lat' dir='ltr'>O</span> <span class='ocrx_word' id='word_1_153' title='bbox 1213 754 1274 795; x_wconf 93' lang='lat'>51,</span> <span class='ocrx_word' id='word_1_154' title='bbox 1303 753 1356 787; x_wconf 87' lang='lat'>10.</span> <span class='ocrx_word' id='word_1_155' title='bbox 1399 765 1479 787; x_wconf 90' lang='lat' dir='ltr'>cum</span> <span class='ocrx_word' id='word_1_156' title='bbox 1502 758 1577 786; x_wconf 84' lang='lat' dir='ltr'>tam</span> <span class='ocrx_word' id='word_1_157' title='bbox 1600 753 1736 787; x_wconf 81' lang='lat' dir='ltr'>multae</span> 
     </span>
     <span class='ocr_line' id='line_1_13' title="bbox 221 797 1736 840; baseline 0.003 -12"><span class='ocrx_word' id='word_1_158' title='bbox 221 797 386 839; x_wconf 87' lang='lat' dir='ltr'>variaeq.</span> <span class='ocrx_word' id='word_1_159' title='bbox 415 797 489 828; x_wconf 90' lang='lat' dir='ltr'>sint</span> <span class='ocrx_word' id='word_1_160' title='bbox 514 801 612 829; x_wconf 87' lang='lat' dir='ltr'>artes</span> <span class='ocrx_word' id='word_1_161' title='bbox 635 798 658 830; x_wconf 91' lang='lat' dir='ltr'><strong>J</strong></span> <span class='ocrx_word' id='word_1_162' title='bbox 675 799 713 838; x_wconf 93' lang='lat'>2,</span> <span class='ocrx_word' id='word_1_163' title='bbox 733 799 766 830; x_wconf 89' lang='lat'>4.</span> <span class='ocrx_word' id='word_1_164' title='bbox 808 809 918 830; x_wconf 83' lang='lat' dir='ltr'>unam</span> <span class='ocrx_word' id='word_1_165' title='bbox 945 810 988 831; x_wconf 83' lang='lat' dir='ltr'>ex</span> <span class='ocrx_word' id='word_1_166' title='bbox 1010 802 1086 831; x_wconf 89' lang='lat' dir='ltr'>tam</span> <span class='ocrx_word' id='word_1_167' title='bbox 1109 799 1232 831; x_wconf 88' lang='lat' dir='ltr'>multis</span> <span class='ocrx_word' id='word_1_168' title='bbox 1249 800 1449 832; x_wconf 87' lang='lat' dir='ltr'>orationem</span> <span class='ocrx_word' id='word_1_169' title='bbox 1466 800 1490 832; x_wconf 90' lang='lat' dir='ltr'><strong>J</strong></span> <span class='ocrx_word' id='word_1_170' title='bbox 1507 799 1567 840; x_wconf 91' lang='grc'>30,</span> <span class='ocrx_word' id='word_1_171' title='bbox 1586 799 1619 831; x_wconf 87' lang='lat'>4.</span> <span class='ocrx_word' id='word_1_172' title='bbox 1661 803 1736 831; x_wconf 78' lang='lat' dir='ltr'>tam</span> 
     </span>
    </p>
   </div>
   <div class='ocr_carea' id='block_1_3' title="bbox 153 842 1739 887">
    <p class='ocr_par' dir='ltr' id='par_1_4' title="bbox 153 842 1739 887">
     <span class='ocr_line' id='line_1_14' title="bbox 153 842 1739 887; baseline 0.001 -13"><span class='ocrx_word' id='word_1_173' title='bbox 153 878 156 881; x_wconf 50' lang='grc'>,</span> <span class='ocrx_word' id='word_1_174' title='bbox 221 842 349 885; x_wconf 82' lang='lat' dir='ltr'>paucis</span> <span class='ocrx_word' id='word_1_175' title='bbox 366 842 579 884; x_wconf 78' lang='lat' dir='ltr'>proscriptis</span> <span class='ocrx_word' id='word_1_176' title='bbox 596 843 632 874; x_wconf 90' lang='lat' dir='ltr'>H</span> <span class='ocrx_word' id='word_1_177' title='bbox 649 843 661 874; x_wconf 86' lang='lat' dir='ltr'>i</span> <span class='ocrx_word' id='word_1_178' title='bbox 678 843 709 875; x_wconf 88' lang='lat'>5.</span> <span class='ocrx_word' id='word_1_179' title='bbox 751 844 934 876; x_wconf 87' lang='lat' dir='ltr'>hominem</span> <span class='ocrx_word' id='word_1_180' title='bbox 957 848 1033 876; x_wconf 88' lang='lat' dir='ltr'>tam</span> <span class='ocrx_word' id='word_1_181' title='bbox 1056 848 1248 886; x_wconf 86' lang='lat' dir='ltr'>acceptum</span> <span class='ocrx_word' id='word_1_182' title='bbox 1272 845 1507 887; x_wconf 88' lang='lat' dir='ltr'>popularibus</span> <span class='ocrx_word' id='word_1_183' title='bbox 1529 845 1553 876; x_wconf 98' lang='lat' dir='ltr'><strong>J</strong></span> <span class='ocrx_word' id='word_1_184' title='bbox 1570 844 1609 885; x_wconf 89' lang='lat'>7,</span> <span class='ocrx_word' id='word_1_185' title='bbox 1630 844 1659 876; x_wconf 93' lang='lat' dir='ltr'>l.</span> <span class='ocrx_word' id='word_1_186' title='bbox 1699 844 1739 876; x_wconf 88' lang='lat' dir='ltr'>in</span> 
     </span>
    </p>
   </div>
   <div class='ocr_carea' id='block_1_4' title="bbox 222 887 1750 2100">
    <p class='ocr_par' dir='ltr' id='par_1_5' title="bbox 222 887 1742 1155">
     <span class='ocr_line' id='line_1_15' title="bbox 222 887 1739 931; baseline 0.002 -13"><span class='ocrx_word' id='word_1_187' title='bbox 222 890 295 919; x_wconf 87' lang='lat' dir='ltr'>tam</span> <span class='ocrx_word' id='word_1_188' title='bbox 315 887 468 919; x_wconf 83' lang='lat' dir='ltr'>divorsis</span> <span class='ocrx_word' id='word_1_189' title='bbox 485 887 666 920; x_wconf 86' lang='lat' dir='ltr'>mentibus</span> <span class='ocrx_word' id='word_1_190' title='bbox 682 888 706 919; x_wconf 90' lang='lat' dir='ltr'><strong>J</strong></span> <span class='ocrx_word' id='word_1_191' title='bbox 722 887 776 928; x_wconf 95' lang='lat'>31,</span> <span class='ocrx_word' id='word_1_192' title='bbox 796 888 851 920; x_wconf 92' lang='lat'>24.</span> <span class='ocrx_word' id='word_1_193' title='bbox 888 899 933 920; x_wconf 92' lang='lat' dir='ltr'>ne</span> <span class='ocrx_word' id='word_1_194' title='bbox 952 891 1026 920; x_wconf 90' lang='lat' dir='ltr'>tam</span> <span class='ocrx_word' id='word_1_195' title='bbox 1043 900 1157 931; x_wconf 85' lang='lat' dir='ltr'>prava</span> <span class='ocrx_word' id='word_1_196' title='bbox 1174 889 1354 931; x_wconf 80' lang='lat' dir='ltr'>inciperet</span> <span class='ocrx_word' id='word_1_197' title='bbox 1370 890 1393 922; x_wconf 91' lang='lat' dir='ltr'><strong>J</strong></span> <span class='ocrx_word' id='word_1_198' title='bbox 1410 888 1465 929; x_wconf 88' lang='lat'>64,</span> <span class='ocrx_word' id='word_1_199' title='bbox 1482 890 1515 921; x_wconf 90' lang='lat'>2.</span> <span class='ocrx_word' id='word_1_200' title='bbox 1549 889 1587 921; x_wconf 92' lang='lat' dir='ltr'>in</span> <span class='ocrx_word' id='word_1_201' title='bbox 1605 899 1646 921; x_wconf 86' lang='lat' dir='ltr'>co</span> <span class='ocrx_word' id='word_1_202' title='bbox 1663 891 1739 921; x_wconf 84' lang='lat' dir='ltr'>tam</span> 
     </span>
     <span class='ocr_line' id='line_1_16' title="bbox 222 931 1740 1022; baseline 0.001 -14"><span class='ocrx_word' id='word_1_203' title='bbox 222 942 353 1008; x_wconf 48' lang='grc'>1333)</span> <span class='ocrx_word' id='word_1_204' title='bbox 370 932 565 1009; x_wconf 49' lang='grc' dir='ltr'>Ἳξῐὲῇιίἶῑ</span> <span class='ocrx_word' id='word_1_205' title='bbox 577 931 696 1019; x_wconf 57' lang='grc' dir='ltr'>ἶῗρῑὲ.</span> <span class='ocrx_word' id='word_1_206' title='bbox 719 936 803 1010; x_wconf 39' lang='lat'>111³&amp;1¹</span> <span class='ocrx_word' id='word_1_207' title='bbox 800 945 844 1011; x_wconf 58' lang='lat' dir='ltr'>a}</span> <span class='ocrx_word' id='word_1_208' title='bbox 849 944 941 1011; x_wconf 63' lang='grc' dir='ltr'>Ἥ</span> <span class='ocrx_word' id='word_1_209' title='bbox 955 935 1069 1011; x_wconf 55' lang='lat' dir='ltr'>‘33,ss</span> <span class='ocrx_word' id='word_1_210' title='bbox 1081 933 1740 1022; x_wconf 41' lang='grc' dir='ltr'>1334ὲὲ11..ι’ἷξέῗεέἓῑῖἒῖῗᾎίἷῖιὲ</span> 
     </span>
     <span class='ocr_line' id='line_1_17' title="bbox 224 1021 1741 1066; baseline 0.001 -13"><span class='ocrx_word' id='word_1_211' title='bbox 224 1021 358 1054; x_wconf 90' lang='lat' dir='ltr'>bellum</span> <span class='ocrx_word' id='word_1_212' title='bbox 376 1022 399 1054; x_wconf 90' lang='lat' dir='ltr'><strong>J</strong></span> <span class='ocrx_word' id='word_1_213' title='bbox 416 1021 476 1062; x_wconf 89' lang='lat'>36,</span> <span class='ocrx_word' id='word_1_214' title='bbox 495 1022 527 1054; x_wconf 93' lang='lat'>4.</span> <span class='ocrx_word' id='word_1_215' title='bbox 569 1033 652 1065; x_wconf 87' lang='lat' dir='ltr'>neq.</span> <span class='ocrx_word' id='word_1_216' title='bbox 676 1027 751 1055; x_wconf 84' lang='lat' dir='ltr'>tam</span> <span class='ocrx_word' id='word_1_217' title='bbox 777 1024 884 1055; x_wconf 82' lang='lat' dir='ltr'>anxie</span> <span class='ocrx_word' id='word_1_218' title='bbox 908 1023 1067 1055; x_wconf 86' lang='lat' dir='ltr'>laturum</span> <span class='ocrx_word' id='word_1_219' title='bbox 1084 1024 1217 1064; x_wconf 88' lang='lat' dir='ltr'>fuisse,</span> <span class='ocrx_word' id='word_1_220' title='bbox 1243 1025 1275 1056; x_wconf 92' lang='lat' dir='ltr'>si</span> <span class='ocrx_word' id='word_1_221' title='bbox 1300 1041 1336 1046; x_wconf 90' lang='lat'>—</span> <span class='ocrx_word' id='word_1_222' title='bbox 1357 1025 1380 1057; x_wconf 93' lang='lat' dir='ltr'><strong>J</strong></span> <span class='ocrx_word' id='word_1_223' title='bbox 1396 1023 1457 1064; x_wconf 90' lang='lat'>82,</span> <span class='ocrx_word' id='word_1_224' title='bbox 1476 1023 1508 1057; x_wconf 88' lang='grc'><strong>3.</strong></span> <span class='ocrx_word' id='word_1_225' title='bbox 1550 1023 1640 1066; x_wconf 78' lang='lat' dir='ltr'>nihil</span> <span class='ocrx_word' id='word_1_226' title='bbox 1665 1026 1741 1055; x_wconf 71' lang='lat' dir='ltr'>tan</span> 
     </span>
     <span class='ocr_line' id='line_1_18' title="bbox 225 1067 1742 1110; baseline 0.001 -12"><span class='ocrx_word' id='word_1_227' title='bbox 225 1077 395 1109; x_wconf 88' lang='lat' dir='ltr'>asperum</span> <span class='ocrx_word' id='word_1_228' title='bbox 412 1067 502 1108; x_wconf 86' lang='lat' dir='ltr'>fore,</span> <span class='ocrx_word' id='word_1_229' title='bbox 523 1068 616 1109; x_wconf 91' lang='lat' dir='ltr'>quod</span> <span class='ocrx_word' id='word_1_230' title='bbox 633 1078 705 1100; x_wconf 89' lang='lat' dir='ltr'>non</span> <span class='ocrx_word' id='word_1_231' title='bbox 722 1086 764 1090; x_wconf 92' lang='lat'><strong>—</strong></span> <span class='ocrx_word' id='word_1_232' title='bbox 783 1068 915 1100; x_wconf 86' lang='lat' dir='ltr'>facturi</span> <span class='ocrx_word' id='word_1_233' title='bbox 934 1072 1058 1101; x_wconf 77' lang='lat' dir='ltr'>essent</span> <span class='ocrx_word' id='word_1_234' title='bbox 1075 1069 1101 1101; x_wconf 82' lang='lat' dir='ltr'>G</span> <span class='ocrx_word' id='word_1_235' title='bbox 1120 1068 1180 1110; x_wconf 91' lang='lat'>40,</span> <span class='ocrx_word' id='word_1_236' title='bbox 1200 1069 1232 1101; x_wconf 89' lang='lat'>4.</span> <span class='ocrx_word' id='word_1_237' title='bbox 1274 1080 1387 1102; x_wconf 90' lang='lat' dir='ltr'>novos</span> <span class='ocrx_word' id='word_1_238' title='bbox 1403 1080 1508 1102; x_wconf 91' lang='lat' dir='ltr'>nemo</span> <span class='ocrx_word' id='word_1_239' title='bbox 1525 1072 1601 1101; x_wconf 85' lang='lat' dir='ltr'>tam</span> <span class='ocrx_word' id='word_1_240' title='bbox 1619 1068 1742 1102; x_wconf 84' lang='lat' dir='ltr'>clarus</span> 
     </span>
     <span class='ocr_line' id='line_1_19' title="bbox 224 1112 1648 1155; baseline 0.002 -12"><span class='ocrx_word' id='word_1_241' title='bbox 224 1123 306 1154; x_wconf 89' lang='lat' dir='ltr'>neq.</span> <span class='ocrx_word' id='word_1_242' title='bbox 327 1115 402 1143; x_wconf 88' lang='lat' dir='ltr'>tam</span> <span class='ocrx_word' id='word_1_243' title='bbox 421 1114 592 1155; x_wconf 85' lang='lat' dir='ltr'>egregius</span> <span class='ocrx_word' id='word_1_244' title='bbox 611 1116 700 1153; x_wconf 85' lang='lat' dir='ltr'>erat,</span> <span class='ocrx_word' id='word_1_245' title='bbox 722 1113 806 1155; x_wconf 91' lang='lat' dir='ltr'>quin</span> <span class='ocrx_word' id='word_1_246' title='bbox 823 1114 854 1146; x_wconf 89' lang='lat' dir='ltr'>is</span> <span class='ocrx_word' id='word_1_247' title='bbox 872 1131 915 1135; x_wconf 91' lang='lat'>—</span> <span class='ocrx_word' id='word_1_248' title='bbox 930 1114 955 1146; x_wconf 89' lang='lat' dir='ltr'><strong>J</strong></span> <span class='ocrx_word' id='word_1_249' title='bbox 971 1112 1027 1154; x_wconf 88' lang='lat'>63,</span> <span class='ocrx_word' id='word_1_250' title='bbox 1045 1114 1076 1145; x_wconf 90' lang='lat'>7.</span> <span class='ocrx_word' id='word_1_251' title='bbox 1646 1140 1648 1142; x_wconf 39' lang='lat'>.</span> 
     </span>
    </p>

    <p class='ocr_par' dir='ltr' id='par_1_6' title="bbox 224 1156 1748 1877">
     <span class='ocr_line' id='line_1_20' title="bbox 270 1156 1742 1201; baseline 0.001 -13"><span class='ocrx_word' id='word_1_252' title='bbox 270 1158 390 1189; x_wconf 77' lang='lat' dir='ltr'>tamen.</span> <span class='ocrx_word' id='word_1_253' title='bbox 421 1160 546 1190; x_wconf 89' lang='lat' dir='ltr'>tamen</span> <span class='ocrx_word' id='word_1_254' title='bbox 563 1158 656 1190; x_wconf 84' lang='lat' dir='ltr'>haec</span> <span class='ocrx_word' id='word_1_255' title='bbox 677 1175 712 1180; x_wconf 87' lang='lat'>—</span> <span class='ocrx_word' id='word_1_256' title='bbox 734 1159 941 1201; x_wconf 80' lang='lat' dir='ltr'>suscepisse</span> <span class='ocrx_word' id='word_1_257' title='bbox 958 1169 1094 1201; x_wconf 62' lang='grc' dir='ltr'>1111111111Δ</span> <span class='ocrx_word' id='word_1_258' title='bbox 1103 1159 1263 1191; x_wconf 86' lang='lat' dir='ltr'>habuere</span> <span class='ocrx_word' id='word_1_259' title='bbox 1280 1159 1303 1191; x_wconf 90' lang='lat' dir='ltr'><strong>J</strong></span> <span class='ocrx_word' id='word_1_260' title='bbox 1321 1159 1375 1198; x_wconf 88' lang='lat'>31,</span> <span class='ocrx_word' id='word_1_261' title='bbox 1394 1157 1428 1192; x_wconf 93' lang='lat'>9.</span> <span class='ocrx_word' id='word_1_262' title='bbox 1453 1159 1508 1201; x_wconf 85' lang='lat'>54,</span> <span class='ocrx_word' id='word_1_263' title='bbox 1527 1159 1560 1191; x_wconf 91' lang='lat'>2.</span> <span class='ocrx_word' id='word_1_264' title='bbox 1578 1158 1610 1191; x_wconf 89' lang='lat'>9.</span> <span class='ocrx_word' id='word_1_265' title='bbox 1634 1157 1690 1199; x_wconf 88' lang='grc'>63,</span> <span class='ocrx_word' id='word_1_266' title='bbox 1708 1156 1742 1190; x_wconf 85' lang='grc'>6.</span> 
     </span>
     <span class='ocr_line' id='line_1_21' title="bbox 225 1201 1740 1244; baseline 0.001 -10"><span class='ocrx_word' id='word_1_267' title='bbox 225 1201 287 1241; x_wconf 88' lang='grc'>95,</span> <span class='ocrx_word' id='word_1_268' title='bbox 306 1201 337 1235; x_wconf 89' lang='grc'>3.</span> <span class='ocrx_word' id='word_1_269' title='bbox 366 1201 447 1242; x_wconf 88' lang='grc'>113,</span> <span class='ocrx_word' id='word_1_270' title='bbox 465 1203 497 1234; x_wconf 90' lang='lat'>4.</span> <span class='ocrx_word' id='word_1_271' title='bbox 540 1203 660 1235; x_wconf 88' lang='lat' dir='ltr'>Fuere</span> <span class='ocrx_word' id='word_1_272' title='bbox 684 1207 816 1235; x_wconf 81' lang='lat' dir='ltr'>tamen·</span> <span class='ocrx_word' id='word_1_273' title='bbox 832 1207 935 1236; x_wconf 82' lang='lat' dir='ltr'>extra</span> <span class='ocrx_word' id='word_1_274' title='bbox 953 1204 1242 1237; x_wconf 88' lang='lat' dir='ltr'>coniurationem</span> <span class='ocrx_word' id='word_1_275' title='bbox 1262 1221 1299 1227; x_wconf 85' lang='lat'>—</span> <span class='ocrx_word' id='word_1_276' title='bbox 1320 1204 1347 1236; x_wconf 86' lang='lat' dir='ltr'>O</span> <span class='ocrx_word' id='word_1_277' title='bbox 1365 1203 1429 1244; x_wconf 87' lang='lat'>39,</span> <span class='ocrx_word' id='word_1_278' title='bbox 1449 1204 1481 1236; x_wconf 88' lang='lat'>5.</span> <span class='ocrx_word' id='word_1_279' title='bbox 1507 1204 1531 1237; x_wconf 93' lang='lat' dir='ltr'><strong>J</strong></span> <span class='ocrx_word' id='word_1_280' title='bbox 1551 1203 1609 1244; x_wconf 89' lang='lat'>16,</span> <span class='ocrx_word' id='word_1_281' title='bbox 1631 1203 1660 1236; x_wconf 86' lang='lat' dir='ltr'>l.</span> <span class='ocrx_word' id='word_1_282' title='bbox 1686 1203 1740 1242; x_wconf 81' lang='lat'>25,</span> 
     </span>
     <span class='ocr_line' id='line_1_22' title="bbox 224 1245 1744 1291; baseline 0.003 -13"><span class='ocrx_word' id='word_1_283' title='bbox 224 1248 257 1278; x_wconf 89' lang='lat'>4.</span> <span class='ocrx_word' id='word_1_284' title='bbox 276 1245 309 1279; x_wconf 91' lang='grc'><strong>8.</strong></span> <span class='ocrx_word' id='word_1_285' title='bbox 335 1247 391 1286; x_wconf 88' lang='grc'>44,</span> <span class='ocrx_word' id='word_1_286' title='bbox 414 1246 441 1279; x_wconf 91' lang='grc'>1.</span> <span class='ocrx_word' id='word_1_287' title='bbox 468 1247 523 1287; x_wconf 88' lang='lat'>55,</span> <span class='ocrx_word' id='word_1_288' title='bbox 542 1247 574 1280; x_wconf 89' lang='lat'>3.</span> <span class='ocrx_word' id='word_1_289' title='bbox 600 1247 655 1288; x_wconf 87' lang='lat'>93,</span> <span class='ocrx_word' id='word_1_290' title='bbox 674 1247 696 1280; x_wconf 90' lang='lat'>8</span> <span class='ocrx_word' id='word_1_291' title='bbox 714 1248 885 1289; x_wconf 84' lang='lat' dir='ltr'>(consulis</span> <span class='ocrx_word' id='word_1_292' title='bbox 904 1250 1044 1281; x_wconf 83' lang='lat' dir='ltr'>animus</span> <span class='ocrx_word' id='word_1_293' title='bbox 1064 1252 1186 1281; x_wconf 87' lang='lat' dir='ltr'>tamen</span> <span class='ocrx_word' id='word_1_294' title='bbox 1207 1248 1272 1291; x_wconf 91' lang='lat'>—).</span> <span class='ocrx_word' id='word_1_295' title='bbox 1297 1250 1333 1282; x_wconf 93' lang='lat' dir='ltr'>H</span> <span class='ocrx_word' id='word_1_296' title='bbox 1348 1249 1361 1280; x_wconf 89' lang='lat' dir='ltr'>i</span> <span class='ocrx_word' id='word_1_297' title='bbox 1378 1248 1431 1282; x_wconf 91' lang='lat'>83.</span> <span class='ocrx_word' id='word_1_298' title='bbox 1473 1249 1558 1281; x_wconf 89' lang='lat' dir='ltr'>dein</span> <span class='ocrx_word' id='word_1_299' title='bbox 1578 1252 1704 1281; x_wconf 80' lang='lat' dir='ltr'>tamen</span> <span class='ocrx_word' id='word_1_300' title='bbox 1719 1247 1744 1282; x_wconf 86' lang='lat' dir='ltr'><strong>J</strong></span> 
     </span>
     <span class='ocr_line' id='line_1_23' title="bbox 228 1291 1744 1335; baseline 0.001 -12"><span class='ocrx_word' id='word_1_301' title='bbox 228 1291 281 1332; x_wconf 90' lang='grc'>11,</span> <span class='ocrx_word' id='word_1_302' title='bbox 299 1292 332 1324; x_wconf 89' lang='lat'>4.</span> <span class='ocrx_word' id='word_1_303' title='bbox 364 1293 441 1325; x_wconf 86' lang='lat' dir='ltr'>Vid.</span> <span class='ocrx_word' id='word_1_304' title='bbox 462 1303 678 1335; x_wconf 89' lang='lat' dir='ltr'>quamquam</span> <span class='ocrx_word' id='word_1_305' title='bbox 695 1298 729 1325; x_wconf 83' lang='lat' dir='ltr'>et</span> <span class='ocrx_word' id='word_1_306' title='bbox 746 1294 906 1326; x_wconf 85' lang='lat' dir='ltr'>tametsi.</span> <span class='ocrx_word' id='word_1_307' title='bbox 942 1304 1022 1326; x_wconf 91' lang='lat' dir='ltr'>cum</span> <span class='ocrx_word' id='word_1_308' title='bbox 1039 1311 1083 1317; x_wconf 87' lang='lat'>——</span> <span class='ocrx_word' id='word_1_309' title='bbox 1097 1294 1265 1334; x_wconf 85' lang='lat' dir='ltr'>trahunt,</span> <span class='ocrx_word' id='word_1_310' title='bbox 1284 1297 1408 1326; x_wconf 85' lang='lat' dir='ltr'>tamen</span> <span class='ocrx_word' id='word_1_311' title='bbox 1429 1294 1577 1327; x_wconf 85' lang='lat' dir='ltr'>divitias</span> <span class='ocrx_word' id='word_1_312' title='bbox 1594 1294 1744 1333; x_wconf 77' lang='lat' dir='ltr'>vincere</span> 
     </span>
     <span class='ocr_line' id='line_1_24' title="bbox 226 1336 1744 1379; baseline 0.001 -11"><span class='ocrx_word' id='word_1_313' title='bbox 226 1340 413 1379; x_wconf 89' lang='lat' dir='ltr'>nequeunt</span> <span class='ocrx_word' id='word_1_314' title='bbox 431 1336 458 1369; x_wconf 84' lang='lat' dir='ltr'>C</span> <span class='ocrx_word' id='word_1_315' title='bbox 476 1336 538 1377; x_wconf 89' lang='lat'>20,</span> <span class='ocrx_word' id='word_1_316' title='bbox 560 1338 610 1370; x_wconf 92' lang='grc'>12.</span> <span class='ocrx_word' id='word_1_317' title='bbox 653 1349 733 1370; x_wconf 90' lang='lat' dir='ltr'>cum</span> <span class='ocrx_word' id='word_1_318' title='bbox 753 1355 789 1361; x_wconf 76' lang='lat'>—</span> <span class='ocrx_word' id='word_1_319' title='bbox 811 1338 1028 1379; x_wconf 83' lang='lat' dir='ltr'>adfluerent,</span> <span class='ocrx_word' id='word_1_320' title='bbox 1057 1340 1159 1371; x_wconf 88' lang='lat' dir='ltr'>fuere</span> <span class='ocrx_word' id='word_1_321' title='bbox 1184 1342 1307 1371; x_wconf 87' lang='lat' dir='ltr'>tamen</span> <span class='ocrx_word' id='word_1_322' title='bbox 1325 1339 1426 1371; x_wconf 90' lang='lat' dir='ltr'>cives</span> <span class='ocrx_word' id='word_1_323' title='bbox 1444 1339 1471 1371; x_wconf 83' lang='lat' dir='ltr'>O</span> <span class='ocrx_word' id='word_1_324' title='bbox 1491 1337 1552 1379; x_wconf 87' lang='lat'>36,</span> <span class='ocrx_word' id='word_1_325' title='bbox 1570 1339 1592 1371; x_wconf 92' lang='lat'>4</span> <span class='ocrx_word' id='word_1_326' title='bbox 1614 1340 1702 1372; x_wconf 80' lang='lat' dir='ltr'>conl.</span> <span class='ocrx_word' id='word_1_327' title='bbox 1721 1337 1744 1370; x_wconf 90' lang='lat' dir='ltr'><strong>J</strong></span> 
     </span>
     <span class='ocr_line' id='line_1_25' title="bbox 226 1381 1744 1425; baseline 0.001 -12"><span class='ocrx_word' id='word_1_328' title='bbox 226 1381 258 1421; x_wconf 93' lang='lat'>6,</span> <span class='ocrx_word' id='word_1_329' title='bbox 282 1381 309 1413; x_wconf 91' lang='lat'>1.</span> <span class='ocrx_word' id='word_1_330' title='bbox 354 1382 386 1413; x_wconf 88' lang='lat' dir='ltr'>si</span> <span class='ocrx_word' id='word_1_331' title='bbox 412 1382 458 1414; x_wconf 87' lang='lat' dir='ltr'>ad</span> <span class='ocrx_word' id='word_1_332' title='bbox 475 1383 731 1425; x_wconf 79' lang='lat' dir='ltr'>inpetrandam</span> <span class='ocrx_word' id='word_1_333' title='bbox 754 1383 845 1415; x_wconf 88' lang='grc'>1111111</span> <span class='ocrx_word' id='word_1_334' title='bbox 862 1394 1016 1416; x_wconf 82' lang='lat' dir='ltr'>caussae</span> <span class='ocrx_word' id='word_1_335' title='bbox 1034 1384 1209 1416; x_wconf 88' lang='lat' dir='ltr'>haberem</span> <span class='ocrx_word' id='word_1_336' title='bbox 1227 1402 1287 1423; x_wconf 83' lang='lat'>—-,</span> <span class='ocrx_word' id='word_1_337' title='bbox 1304 1387 1427 1416; x_wconf 84' lang='lat' dir='ltr'>tamen</span> <span class='ocrx_word' id='word_1_338' title='bbox 1447 1387 1526 1416; x_wconf 87' lang='lat' dir='ltr'>erat</span> <span class='ocrx_word' id='word_1_339' title='bbox 1538 1401 1583 1406; x_wconf 70' lang='lat'>—</span> <span class='ocrx_word' id='word_1_340' title='bbox 1598 1384 1622 1416; x_wconf 89' lang='lat' dir='ltr'><strong>J</strong></span> <span class='ocrx_word' id='word_1_341' title='bbox 1642 1383 1693 1423; x_wconf 88' lang='lat'>14,</span> <span class='ocrx_word' id='word_1_342' title='bbox 1711 1382 1744 1414; x_wconf 92' lang='lat'>7.</span> 
     </span>
     <span class='ocr_line' id='line_1_26' title="bbox 231 1425 1746 1467; baseline 0.001 -9"><span class='ocrx_word' id='word_1_343' title='bbox 231 1425 283 1458; x_wconf 89' lang='lat'>16.</span> <span class='ocrx_word' id='word_1_344' title='bbox 309 1425 369 1467; x_wconf 87' lang='lat'>85,</span> <span class='ocrx_word' id='word_1_345' title='bbox 389 1425 445 1458; x_wconf 84' lang='lat'>48.</span> <span class='ocrx_word' id='word_1_346' title='bbox 486 1429 524 1459; x_wconf 89' lang='lat' dir='ltr'>in</span> <span class='ocrx_word' id='word_1_347' title='bbox 549 1428 703 1460; x_wconf 90' lang='lat' dir='ltr'>advorso</span> <span class='ocrx_word' id='word_1_348' title='bbox 727 1428 807 1460; x_wconf 85' lang='lat' dir='ltr'>loco</span> <span class='ocrx_word' id='word_1_349' title='bbox 832 1429 949 1461; x_wconf 90' lang='lat' dir='ltr'>victor</span> <span class='ocrx_word' id='word_1_350' title='bbox 967 1432 1090 1460; x_wconf 87' lang='lat' dir='ltr'>tamen</span> <span class='ocrx_word' id='word_1_351' title='bbox 1107 1429 1244 1461; x_wconf 91' lang='lat' dir='ltr'>virtute</span> <span class='ocrx_word' id='word_1_352' title='bbox 1262 1429 1393 1461; x_wconf 86' lang='lat' dir='ltr'>fuisset</span> <span class='ocrx_word' id='word_1_353' title='bbox 1409 1429 1433 1460; x_wconf 92' lang='lat' dir='ltr'><strong>J</strong></span> <span class='ocrx_word' id='word_1_354' title='bbox 1449 1429 1511 1467; x_wconf 88' lang='lat'>55,</span> <span class='ocrx_word' id='word_1_355' title='bbox 1533 1429 1549 1460; x_wconf 91' lang='lat'>1</span> <span class='ocrx_word' id='word_1_356' title='bbox 1574 1431 1659 1461; x_wconf 83' lang='lat' dir='ltr'>conl.</span> <span class='ocrx_word' id='word_1_357' title='bbox 1677 1427 1712 1460; x_wconf 90' lang='lat' dir='ltr'>H</span> <span class='ocrx_word' id='word_1_358' title='bbox 1728 1428 1746 1460; x_wconf 87' lang='grc' dir='ltr'>Ι</span> 
     </span>
     <span class='ocr_line' id='line_1_27' title="bbox 227 1470 1746 1516; baseline 0.002 -14"><span class='ocrx_word' id='word_1_359' title='bbox 227 1471 288 1512; x_wconf 91' lang='grc'>41,</span> <span class='ocrx_word' id='word_1_360' title='bbox 308 1470 340 1503; x_wconf 88' lang='grc'><strong>8.</strong></span> <span class='ocrx_word' id='word_1_361' title='bbox 371 1472 425 1503; x_wconf 92' lang='lat' dir='ltr'>III</span> <span class='ocrx_word' id='word_1_362' title='bbox 445 1470 496 1504; x_wconf 90' lang='lat'>18.</span> <span class='ocrx_word' id='word_1_363' title='bbox 523 1472 577 1504; x_wconf 82' lang='lat'>24.</span> <span class='ocrx_word' id='word_1_364' title='bbox 604 1471 663 1512; x_wconf 88' lang='lat'>67,</span> <span class='ocrx_word' id='word_1_365' title='bbox 683 1471 715 1504; x_wconf 89' lang='lat'>8.</span> <span class='ocrx_word' id='word_1_366' title='bbox 739 1472 790 1504; x_wconf 91' lang='lat'>10.</span> <span class='ocrx_word' id='word_1_367' title='bbox 822 1474 871 1505; x_wconf 93' lang='lat' dir='ltr'>IV</span> <span class='ocrx_word' id='word_1_368' title='bbox 889 1473 950 1512; x_wconf 89' lang='lat'>61,</span> <span class='ocrx_word' id='word_1_369' title='bbox 974 1472 1023 1505; x_wconf 90' lang='lat'>13.</span> <span class='ocrx_word' id='word_1_370' title='bbox 1051 1474 1063 1504; x_wconf 96' lang='lat' dir='ltr'>i</span> <span class='ocrx_word' id='word_1_371' title='bbox 1084 1473 1134 1505; x_wconf 90' lang='lat'>16.</span> <span class='ocrx_word' id='word_1_372' title='bbox 1182 1474 1275 1515; x_wconf 88' lang='lat' dir='ltr'>quod</span> <span class='ocrx_word' id='word_1_373' title='bbox 1299 1477 1423 1505; x_wconf 85' lang='lat' dir='ltr'>tamen</span> <span class='ocrx_word' id='word_1_374' title='bbox 1447 1473 1575 1506; x_wconf 91' lang='lat' dir='ltr'>vitium</span> <span class='ocrx_word' id='word_1_375' title='bbox 1599 1473 1746 1516; x_wconf 86' lang='lat' dir='ltr'>propius</span> 
     </span>
     <span class='ocr_line' id='line_1_28' title="bbox 227 1517 1745 1560; baseline 0.001 -11"><span class='ocrx_word' id='word_1_376' title='bbox 227 1517 400 1549; x_wconf 82' lang='lat' dir='ltr'>virtutem</span> <span class='ocrx_word' id='word_1_377' title='bbox 431 1520 512 1548; x_wconf 88' lang='lat' dir='ltr'>erat</span> <span class='ocrx_word' id='word_1_378' title='bbox 543 1517 570 1549; x_wconf 81' lang='lat' dir='ltr'>C</span> <span class='ocrx_word' id='word_1_379' title='bbox 605 1517 663 1558; x_wconf 88' lang='grc'>11,</span> <span class='ocrx_word' id='word_1_380' title='bbox 694 1517 708 1548; x_wconf 89' lang='grc'>1</span> <span class='ocrx_word' id='word_1_381' title='bbox 740 1521 825 1550; x_wconf 79' lang='lat' dir='ltr'>conl.</span> <span class='ocrx_word' id='word_1_382' title='bbox 855 1519 890 1549; x_wconf 92' lang='lat' dir='ltr'>H</span> <span class='ocrx_word' id='word_1_383' title='bbox 918 1519 971 1549; x_wconf 93' lang='lat' dir='ltr'>III</span> <span class='ocrx_word' id='word_1_384' title='bbox 1001 1517 1063 1558; x_wconf 87' lang='lat'>61,</span> <span class='ocrx_word' id='word_1_385' title='bbox 1092 1518 1144 1550; x_wconf 83' lang='lat'>19.</span> <span class='ocrx_word' id='word_1_386' title='bbox 1169 1517 1223 1550; x_wconf 76' lang='lat'>⁴20.</span> <span class='ocrx_word' id='word_1_387' title='bbox 1266 1521 1307 1550; x_wconf 86' lang='lat' dir='ltr'>al.</span> <span class='ocrx_word' id='word_1_388' title='bbox 1335 1519 1347 1550; x_wconf 92' lang='lat' dir='ltr'>i</span> <span class='ocrx_word' id='word_1_389' title='bbox 1374 1517 1425 1550; x_wconf 85' lang='lat'>16.</span> <span class='ocrx_word' id='word_1_390' title='bbox 1480 1519 1570 1550; x_wconf 85' lang='lat' dir='ltr'>satis</span> <span class='ocrx_word' id='word_1_391' title='bbox 1601 1517 1745 1560; x_wconf 77' lang='lat' dir='ltr'>amplae</span> 
     </span>
     <span class='ocr_line' id='line_1_29' title="bbox 228 1561 1747 1605; baseline 0.001 -13"><span class='ocrx_word' id='word_1_392' title='bbox 228 1561 482 1603; x_wconf 88' lang='lat' dir='ltr'>magnificaeq.</span> <span class='ocrx_word' id='word_1_393' title='bbox 508 1562 629 1602; x_wconf 87' lang='lat' dir='ltr'>fuere,</span> <span class='ocrx_word' id='word_1_394' title='bbox 655 1573 779 1595; x_wconf 91' lang='lat' dir='ltr'>verum</span> <span class='ocrx_word' id='word_1_395' title='bbox 803 1563 992 1605; x_wconf 84' lang='lat' dir='ltr'>aliquanto</span> <span class='ocrx_word' id='word_1_396' title='bbox 1017 1563 1175 1595; x_wconf 85' lang='lat' dir='ltr'>minores</span> <span class='ocrx_word' id='word_1_397' title='bbox 1200 1566 1323 1594; x_wconf 87' lang='lat' dir='ltr'>tamen</span> <span class='ocrx_word' id='word_1_398' title='bbox 1341 1563 1367 1594; x_wconf 91' lang='lat' dir='ltr'>C</span> <span class='ocrx_word' id='word_1_399' title='bbox 1385 1562 1423 1602; x_wconf 89' lang='lat'>8,</span> <span class='ocrx_word' id='word_1_400' title='bbox 1442 1563 1477 1598; x_wconf 87' lang='lat'>2.</span> <span class='ocrx_word' id='word_1_401' title='bbox 1517 1566 1554 1594; x_wconf 88' lang='lat' dir='ltr'>et</span> <span class='ocrx_word' id='word_1_402' title='bbox 1575 1566 1700 1596; x_wconf 83' lang='lat' dir='ltr'>tamen</span> <span class='ocrx_word' id='word_1_403' title='bbox 1723 1562 1747 1594; x_wconf 92' lang='lat' dir='ltr'><strong>J</strong></span> 
     </span>
     <span class='ocr_line' id='line_1_30' title="bbox 229 1605 1745 1649; baseline 0.001 -12"><span class='ocrx_word' id='word_1_404' title='bbox 229 1605 291 1647; x_wconf 88' lang='lat'>39,</span> <span class='ocrx_word' id='word_1_405' title='bbox 310 1606 341 1637; x_wconf 78' lang='lat'>2.</span> <span class='ocrx_word' id='word_1_406' title='bbox 367 1605 428 1646; x_wconf 87' lang='grc'>49,</span> <span class='ocrx_word' id='word_1_407' title='bbox 449 1606 480 1638; x_wconf 89' lang='grc'>5.</span> <span class='ocrx_word' id='word_1_408' title='bbox 508 1607 543 1638; x_wconf 91' lang='grc' dir='ltr'><strong>Η</strong></span> <span class='ocrx_word' id='word_1_409' title='bbox 559 1608 611 1639; x_wconf 88' lang='lat'>111</span> <span class='ocrx_word' id='word_1_410' title='bbox 628 1607 690 1647; x_wconf 89' lang='lat'>67,</span> <span class='ocrx_word' id='word_1_411' title='bbox 710 1607 742 1640; x_wconf 89' lang='lat'>3.</span> <span class='ocrx_word' id='word_1_412' title='bbox 786 1619 829 1639; x_wconf 86' lang='lat' dir='ltr'>ac</span> <span class='ocrx_word' id='word_1_413' title='bbox 848 1611 970 1640; x_wconf 87' lang='lat' dir='ltr'>tamen</span> <span class='ocrx_word' id='word_1_414' title='bbox 988 1608 1011 1640; x_wconf 90' lang='lat' dir='ltr'><strong>J</strong></span> <span class='ocrx_word' id='word_1_415' title='bbox 1027 1607 1070 1639; x_wconf 87' lang='lat'>97</span> <span class='ocrx_word' id='word_1_416' title='bbox 1083 1634 1090 1647; x_wconf 93' lang='lat'>,</span> <span class='ocrx_word' id='word_1_417' title='bbox 1110 1608 1142 1640; x_wconf 90' lang='lat'>5.</span> <span class='ocrx_word' id='word_1_418' title='bbox 1184 1618 1303 1649; x_wconf 83' lang='lat' dir='ltr'>neque</span> <span class='ocrx_word' id='word_1_419' title='bbox 1321 1610 1444 1640; x_wconf 85' lang='lat' dir='ltr'>tamen</span> <span class='ocrx_word' id='word_1_420' title='bbox 1463 1607 1490 1640; x_wconf 84' lang='lat' dir='ltr'>C</span> <span class='ocrx_word' id='word_1_421' title='bbox 1511 1607 1563 1647; x_wconf 90' lang='lat'>19,</span> <span class='ocrx_word' id='word_1_422' title='bbox 1581 1608 1614 1642; x_wconf 91' lang='lat'>2.</span> <span class='ocrx_word' id='word_1_423' title='bbox 1639 1607 1695 1648; x_wconf 85' lang='lat'>24,</span> <span class='ocrx_word' id='word_1_424' title='bbox 1713 1607 1745 1639; x_wconf 88' lang='grc'>2.</span> 
     </span>
     <span class='ocr_line' id='line_1_31' title="bbox 229 1650 1747 1695; baseline 0.001 -12"><span class='ocrx_word' id='word_1_425' title='bbox 229 1650 284 1691; x_wconf 87' lang='grc'>26,</span> <span class='ocrx_word' id='word_1_426' title='bbox 302 1652 323 1683; x_wconf 93' lang='grc'>2</span> <span class='ocrx_word' id='word_1_427' title='bbox 342 1651 473 1693; x_wconf 89' lang='lat' dir='ltr'>(neque</span> <span class='ocrx_word' id='word_1_428' title='bbox 491 1652 547 1683; x_wconf 89' lang='lat' dir='ltr'>illi</span> <span class='ocrx_word' id='word_1_429' title='bbox 564 1652 714 1693; x_wconf 87' lang='lat' dir='ltr'>tamen).</span> <span class='ocrx_word' id='word_1_430' title='bbox 740 1653 802 1691; x_wconf 90' lang='lat'>57,</span> <span class='ocrx_word' id='word_1_431' title='bbox 822 1653 854 1684; x_wconf 91' lang='lat'>4.</span> <span class='ocrx_word' id='word_1_432' title='bbox 881 1652 921 1685; x_wconf 89' lang='lat'>61</span> <span class='ocrx_word' id='word_1_433' title='bbox 934 1678 941 1692; x_wconf 90' lang='lat'>,</span> <span class='ocrx_word' id='word_1_434' title='bbox 963 1653 993 1685; x_wconf 94' lang='lat'>7.</span> <span class='ocrx_word' id='word_1_435' title='bbox 1019 1653 1042 1685; x_wconf 92' lang='lat' dir='ltr'><strong>J</strong></span> <span class='ocrx_word' id='word_1_436' title='bbox 1058 1652 1120 1691; x_wconf 90' lang='lat'>98,</span> <span class='ocrx_word' id='word_1_437' title='bbox 1139 1653 1170 1685; x_wconf 92' lang='grc'>5.</span> <span class='ocrx_word' id='word_1_438' title='bbox 1201 1651 1274 1692; x_wconf 88' lang='grc'>100,</span> <span class='ocrx_word' id='word_1_439' title='bbox 1298 1652 1325 1684; x_wconf 92' lang='grc'>1.</span> <span class='ocrx_word' id='word_1_440' title='bbox 1367 1653 1476 1695; x_wconf 87' lang='lat' dir='ltr'>paulo</span> <span class='ocrx_word' id='word_1_441' title='bbox 1494 1652 1674 1685; x_wconf 79' lang='lat' dir='ltr'>diversius</span> <span class='ocrx_word' id='word_1_442' title='bbox 1690 1670 1747 1693; x_wconf 80' lang='lat'>-,</span> 
     </span>
     <span class='ocr_line' id='line_1_32' title="bbox 229 1696 1748 1740; baseline 0.001 -12"><span class='ocrx_word' id='word_1_443' title='bbox 229 1699 285 1728; x_wconf 84' lang='lat' dir='ltr'>set</span> <span class='ocrx_word' id='word_1_444' title='bbox 302 1706 426 1729; x_wconf 87' lang='lat' dir='ltr'>omnes</span> <span class='ocrx_word' id='word_1_445' title='bbox 444 1699 566 1729; x_wconf 86' lang='lat' dir='ltr'>tamen</span> <span class='ocrx_word' id='word_1_446' title='bbox 584 1697 611 1729; x_wconf 85' lang='lat' dir='ltr'>C</span> <span class='ocrx_word' id='word_1_447' title='bbox 629 1696 688 1737; x_wconf 88' lang='lat'>61,</span> <span class='ocrx_word' id='word_1_448' title='bbox 709 1697 740 1730; x_wconf 88' lang='lat'>3.</span> <span class='ocrx_word' id='word_1_449' title='bbox 782 1698 861 1729; x_wconf 89' lang='lat' dir='ltr'>Nisi</span> <span class='ocrx_word' id='word_1_450' title='bbox 884 1701 1008 1729; x_wconf 86' lang='lat' dir='ltr'>tamen</span> <span class='ocrx_word' id='word_1_451' title='bbox 1031 1697 1209 1740; x_wconf 84' lang='lat' dir='ltr'>intellego</span> <span class='ocrx_word' id='word_1_452' title='bbox 1227 1698 1250 1730; x_wconf 91' lang='lat' dir='ltr'><strong>J</strong></span> <span class='ocrx_word' id='word_1_453' title='bbox 1267 1698 1329 1738; x_wconf 90' lang='lat'>24,</span> <span class='ocrx_word' id='word_1_454' title='bbox 1348 1697 1373 1730; x_wconf 81' lang='grc'>5,</span> <span class='ocrx_word' id='word_1_455' title='bbox 1386 1700 1472 1730; x_wconf 83' lang='lat' dir='ltr'>conl.</span> <span class='ocrx_word' id='word_1_456' title='bbox 1494 1696 1575 1736; x_wconf 89' lang='lat'>100,</span> <span class='ocrx_word' id='word_1_457' title='bbox 1593 1697 1625 1729; x_wconf 91' lang='lat'>5.</span> <span class='ocrx_word' id='word_1_458' title='bbox 1668 1697 1748 1730; x_wconf 81' lang='lat' dir='ltr'>dies</span> 
     </span>
     <span class='ocr_line' id='line_1_33' title="bbox 230 1741 1747 1785; baseline 0.001 -13"><span class='ocrx_word' id='word_1_459' title='bbox 230 1744 465 1783; x_wconf 83' lang='lat' dir='ltr'>consumptus</span> <span class='ocrx_word' id='word_1_460' title='bbox 483 1746 580 1782; x_wconf 85' lang='lat' dir='ltr'>erat,</span> <span class='ocrx_word' id='word_1_461' title='bbox 606 1752 687 1773; x_wconf 91' lang='lat' dir='ltr'>cum</span> <span class='ocrx_word' id='word_1_462' title='bbox 712 1745 834 1774; x_wconf 89' lang='lat' dir='ltr'>tamen</span> <span class='ocrx_word' id='word_1_463' title='bbox 857 1742 1005 1774; x_wconf 90' lang='lat' dir='ltr'>barbari</span> <span class='ocrx_word' id='word_1_464' title='bbox 1022 1742 1114 1774; x_wconf 87' lang='lat' dir='ltr'>nihil</span> <span class='ocrx_word' id='word_1_465' title='bbox 1131 1743 1317 1774; x_wconf 77' lang='lat' dir='ltr'>remittere</span> <span class='ocrx_word' id='word_1_466' title='bbox 1334 1742 1358 1775; x_wconf 93' lang='lat' dir='ltr'><strong>J</strong></span> <span class='ocrx_word' id='word_1_467' title='bbox 1375 1741 1436 1783; x_wconf 91' lang='lat'>98,</span> <span class='ocrx_word' id='word_1_468' title='bbox 1457 1743 1488 1775; x_wconf 90' lang='grc'>2.</span> <span class='ocrx_word' id='word_1_469' title='bbox 1528 1743 1647 1785; x_wconf 86' lang='lat' dir='ltr'>Igitur</span> <span class='ocrx_word' id='word_1_470' title='bbox 1664 1752 1747 1775; x_wconf 92' lang='lat' dir='ltr'>con-</span> 
     </span>
     <span class='ocr_line' id='line_1_34' title="bbox 230 1786 1747 1829; baseline 0.001 -12"><span class='ocrx_word' id='word_1_471' title='bbox 230 1786 304 1826; x_wconf 88' lang='lat' dir='ltr'>sul,</span> <span class='ocrx_word' id='word_1_472' title='bbox 331 1786 439 1818; x_wconf 88' lang='lat' dir='ltr'>credo</span> <span class='ocrx_word' id='word_1_473' title='bbox 463 1786 541 1818; x_wconf 87' lang='lat' dir='ltr'>deis</span> <span class='ocrx_word' id='word_1_474' title='bbox 566 1787 682 1819; x_wconf 82' lang='lat' dir='ltr'>fretus</span> <span class='ocrx_word' id='word_1_475' title='bbox 707 1786 805 1828; x_wconf 88' lang='lat' dir='ltr'>(nam</span> <span class='ocrx_word' id='word_1_476' title='bbox 823 1791 950 1820; x_wconf 82' lang='lat' dir='ltr'>contra</span> <span class='ocrx_word' id='word_1_477' title='bbox 967 1791 1092 1820; x_wconf 88' lang='lat' dir='ltr'>tantas</span> <span class='ocrx_word' id='word_1_478' title='bbox 1110 1787 1347 1820; x_wconf 84' lang='lat' dir='ltr'>difficultates</span> <span class='ocrx_word' id='word_1_479' title='bbox 1364 1805 1407 1810; x_wconf 85' lang='lat'>—</span> <span class='ocrx_word' id='word_1_480' title='bbox 1425 1790 1624 1820; x_wconf 87' lang='lat' dir='ltr'>extremum</span> <span class='ocrx_word' id='word_1_481' title='bbox 1642 1786 1747 1829; x_wconf 84' lang='lat' dir='ltr'>erat),</span> 
     </span>
     <span class='ocr_line' id='line_1_35' title="bbox 230 1831 1683 1877; baseline 0.001 -15"><span class='ocrx_word' id='word_1_482' title='bbox 230 1834 355 1862; x_wconf 91' lang='lat' dir='ltr'>tamen</span> <span class='ocrx_word' id='word_1_483' title='bbox 371 1842 435 1873; x_wconf 90' lang='lat' dir='ltr'>pro</span> <span class='ocrx_word' id='word_1_484' title='bbox 453 1832 507 1863; x_wconf 89' lang='lat' dir='ltr'>rei</span> <span class='ocrx_word' id='word_1_485' title='bbox 526 1832 631 1874; x_wconf 88' lang='lat' dir='ltr'>copia</span> <span class='ocrx_word' id='word_1_486' title='bbox 649 1832 739 1864; x_wconf 85' lang='lat' dir='ltr'>satis</span> <span class='ocrx_word' id='word_1_487' title='bbox 758 1833 992 1874; x_wconf 88' lang='lat' dir='ltr'>providenter</span> <span class='ocrx_word' id='word_1_488' title='bbox 1009 1835 1160 1864; x_wconf 84' lang='lat' dir='ltr'>exornat</span> <span class='ocrx_word' id='word_1_489' title='bbox 1175 1833 1199 1864; x_wconf 93' lang='lat' dir='ltr'><strong>J</strong></span> <span class='ocrx_word' id='word_1_490' title='bbox 1215 1831 1270 1873; x_wconf 92' lang='lat'>90,</span> <span class='ocrx_word' id='word_1_491' title='bbox 1291 1832 1320 1864; x_wconf 93' lang='lat' dir='ltr'>l.</span> <span class='ocrx_word' id='word_1_492' title='bbox 1678 1875 1683 1877; x_wconf 10' lang='grc' dir='ltr'>μ</span> 
     </span>
    </p>

    <p class='ocr_par' dir='ltr' id='par_1_7' title="bbox 230 1876 1749 2054">
     <span class='ocr_line' id='line_1_36' title="bbox 274 1876 1748 1920; baseline 0.001 -13"><span class='ocrx_word' id='word_1_493' title='bbox 274 1876 419 1907; x_wconf 71' lang='lat' dir='ltr'>tametsi.</span> <span class='ocrx_word' id='word_1_494' title='bbox 451 1876 634 1909; x_wconf 84' lang='lat' dir='ltr'>Catilinae</span> <span class='ocrx_word' id='word_1_495' title='bbox 654 1878 795 1909; x_wconf 82' lang='lat' dir='ltr'>animus</span> <span class='ocrx_word' id='word_1_496' title='bbox 815 1878 942 1909; x_wconf 88' lang='lat' dir='ltr'>eadem</span> <span class='ocrx_word' id='word_1_497' title='bbox 966 1877 1032 1910; x_wconf 89' lang='lat' dir='ltr'>illa</span> <span class='ocrx_word' id='word_1_498' title='bbox 1049 1878 1240 1916; x_wconf 86' lang='lat' dir='ltr'>movebat,</span> <span class='ocrx_word' id='word_1_499' title='bbox 1264 1877 1412 1910; x_wconf 87' lang='lat' dir='ltr'>tametsi</span> <span class='ocrx_word' id='word_1_500' title='bbox 1434 1878 1620 1919; x_wconf 81' lang='lat' dir='ltr'>praesidia</span> <span class='ocrx_word' id='word_1_501' title='bbox 1641 1887 1748 1920; x_wconf 83' lang='lat' dir='ltr'>para-</span> 
     </span>
     <span class='ocr_line' id='line_1_37' title="bbox 230 1921 1748 1962; baseline 0.001 -10"><span class='ocrx_word' id='word_1_502' title='bbox 230 1921 366 1952; x_wconf 88' lang='lat' dir='ltr'>bantur</span> <span class='ocrx_word' id='word_1_503' title='bbox 383 1921 410 1952; x_wconf 84' lang='lat' dir='ltr'>C</span> <span class='ocrx_word' id='word_1_504' title='bbox 429 1921 483 1962; x_wconf 89' lang='lat'>31,</span> <span class='ocrx_word' id='word_1_505' title='bbox 503 1922 535 1952; x_wconf 89' lang='lat'>4.</span> <span class='ocrx_word' id='word_1_506' title='bbox 579 1923 726 1954; x_wconf 84' lang='lat' dir='ltr'>tametsi</span> <span class='ocrx_word' id='word_1_507' title='bbox 745 1940 784 1945; x_wconf 87' lang='lat'>—-</span> <span class='ocrx_word' id='word_1_508' title='bbox 803 1926 927 1955; x_wconf 90' lang='lat' dir='ltr'>tamen</span> <span class='ocrx_word' id='word_1_509' title='bbox 946 1922 972 1954; x_wconf 90' lang='lat' dir='ltr'>C</span> <span class='ocrx_word' id='word_1_510' title='bbox 992 1922 1023 1962; x_wconf 87' lang='lat'>3,</span> <span class='ocrx_word' id='word_1_511' title='bbox 1042 1923 1073 1954; x_wconf 92' lang='lat'>2.</span> <span class='ocrx_word' id='word_1_512' title='bbox 1093 1923 1126 1954; x_wconf 89' lang='lat'>4.</span> <span class='ocrx_word' id='word_1_513' title='bbox 1153 1921 1207 1962; x_wconf 88' lang='grc'>20,</span> <span class='ocrx_word' id='word_1_514' title='bbox 1231 1922 1258 1954; x_wconf 91' lang='grc'>1.</span> <span class='ocrx_word' id='word_1_515' title='bbox 1285 1921 1340 1962; x_wconf 90' lang='grc'>21,</span> <span class='ocrx_word' id='word_1_516' title='bbox 1363 1922 1390 1954; x_wconf 90' lang='lat'>1.</span> <span class='ocrx_word' id='word_1_517' title='bbox 1417 1921 1470 1962; x_wconf 85' lang='lat'>48,</span> <span class='ocrx_word' id='word_1_518' title='bbox 1490 1922 1521 1954; x_wconf 91' lang='grc'>5.</span> <span class='ocrx_word' id='word_1_519' title='bbox 1546 1922 1602 1962; x_wconf 90' lang='grc'>52,</span> <span class='ocrx_word' id='word_1_520' title='bbox 1617 1921 1649 1954; x_wconf 88' lang='grc'>9.</span> <span class='ocrx_word' id='word_1_521' title='bbox 1674 1922 1699 1954; x_wconf 92' lang='lat' dir='ltr'><strong>J</strong></span> <span class='ocrx_word' id='word_1_522' title='bbox 1715 1921 1748 1962; x_wconf 90' lang='lat'>6,</span> 
     </span>
     <span class='ocr_line' id='line_1_38' title="bbox 231 1965 1749 2010; baseline 0.002 -14"><span class='ocrx_word' id='word_1_523' title='bbox 231 1967 262 2000; x_wconf 85' lang='lat'>2.</span> <span class='ocrx_word' id='word_1_524' title='bbox 293 1965 350 2006; x_wconf 89' lang='grc'>11,</span> <span class='ocrx_word' id='word_1_525' title='bbox 373 1965 401 1997; x_wconf 92' lang='grc'>1.</span> <span class='ocrx_word' id='word_1_526' title='bbox 431 1966 490 2007; x_wconf 89' lang='grc'>13,</span> <span class='ocrx_word' id='word_1_527' title='bbox 509 1966 540 1999; x_wconf 91' lang='lat'>3.</span> <span class='ocrx_word' id='word_1_528' title='bbox 572 1965 628 2006; x_wconf 89' lang='grc'>16,</span> <span class='ocrx_word' id='word_1_529' title='bbox 648 1967 680 2000; x_wconf 87' lang='grc'>3.</span> <span class='ocrx_word' id='word_1_530' title='bbox 706 1966 767 2007; x_wconf 90' lang='grc'>20,</span> <span class='ocrx_word' id='word_1_531' title='bbox 787 1967 818 1999; x_wconf 88' lang='grc'>5.</span> <span class='ocrx_word' id='word_1_532' title='bbox 846 1967 900 2008; x_wconf 85' lang='grc'>25,</span> <span class='ocrx_word' id='word_1_533' title='bbox 921 1967 972 2000; x_wconf 94' lang='grc'>11.</span> <span class='ocrx_word' id='word_1_534' title='bbox 998 1966 1052 2008; x_wconf 90' lang='grc'>26,</span> <span class='ocrx_word' id='word_1_535' title='bbox 1072 1968 1102 1999; x_wconf 89' lang='grc'>2.</span> <span class='ocrx_word' id='word_1_536' title='bbox 1130 1966 1183 2008; x_wconf 88' lang='grc'>29,</span> <span class='ocrx_word' id='word_1_537' title='bbox 1203 1968 1236 1999; x_wconf 94' lang='grc'>2.</span> <span class='ocrx_word' id='word_1_538' title='bbox 1262 1966 1318 2007; x_wconf 88' lang='grc'>31,</span> <span class='ocrx_word' id='word_1_539' title='bbox 1336 1967 1390 1999; x_wconf 89' lang='grc'>21.</span> <span class='ocrx_word' id='word_1_540' title='bbox 1417 1966 1472 2007; x_wconf 91' lang='grc'>33,</span> <span class='ocrx_word' id='word_1_541' title='bbox 1490 1968 1521 1999; x_wconf 89' lang='grc'>2.</span> <span class='ocrx_word' id='word_1_542' title='bbox 1549 1966 1749 2010; x_wconf 78' lang='lat' dir='ltr'>34‚1ub1·q.</span> 
     </span>
     <span class='ocr_line' id='line_1_39' title="bbox 231 2011 949 2054; baseline 0.003 -12"><span class='ocrx_word' id='word_1_543' title='bbox 231 2022 301 2053; x_wconf 70' lang='lat' dir='ltr'>eum</span> <span class='ocrx_word' id='word_1_544' title='bbox 318 2012 442 2048; x_wconf 84' lang='lat' dir='ltr'>indic.‚·</span> <span class='ocrx_word' id='word_1_545' title='bbox 460 2023 530 2043; x_wconf 83' lang='lat' dir='ltr'>cum</span> <span class='ocrx_word' id='word_1_546' title='bbox 547 2013 631 2045; x_wconf 85' lang='lat' dir='ltr'>coni.</span> <span class='ocrx_word' id='word_1_547' title='bbox 651 2023 701 2044; x_wconf 86' lang='lat' dir='ltr'>or.</span> <span class='ocrx_word' id='word_1_548' title='bbox 721 2013 784 2045; x_wconf 88' lang='lat' dir='ltr'>obl.</span> <span class='ocrx_word' id='word_1_549' title='bbox 801 2013 826 2044; x_wconf 90' lang='lat' dir='ltr'><strong>J</strong></span> <span class='ocrx_word' id='word_1_550' title='bbox 842 2011 896 2054; x_wconf 87' lang='lat'>38,</span> <span class='ocrx_word' id='word_1_551' title='bbox 916 2012 949 2045; x_wconf 90' lang='lat'>9.</span> 
     </span>
    </p>

    <p class='ocr_par' dir='ltr' id='par_1_8' title="bbox 275 2057 1750 2100">
     <span class='ocr_line' id='line_1_40' title="bbox 275 2057 1750 2100; baseline 0.001 -13"><span class='ocrx_word' id='word_1_552' title='bbox 275 2058 449 2096; x_wconf 77' lang='lat' dir='ltr'>tamquam.</span> <span class='ocrx_word' id='word_1_553' title='bbox 482 2057 637 2088; x_wconf 90' lang='lat' dir='ltr'>omnium</span> <span class='ocrx_word' id='word_1_554' title='bbox 661 2058 882 2100; x_wconf 86' lang='lat' dir='ltr'>flagitiorum</span> <span class='ocrx_word' id='word_1_555' title='bbox 906 2075 950 2080; x_wconf 87' lang='lat'>—-—</span> <span class='ocrx_word' id='word_1_556' title='bbox 974 2058 1108 2090; x_wconf 86' lang='lat' dir='ltr'>circum</span> <span class='ocrx_word' id='word_1_557' title='bbox 1134 2068 1172 2089; x_wconf 88' lang='lat' dir='ltr'>se</span> <span class='ocrx_word' id='word_1_558' title='bbox 1197 2060 1382 2099; x_wconf 84' lang='lat' dir='ltr'>tamquam</span> <span class='ocrx_word' id='word_1_559' title='bbox 1400 2057 1615 2099; x_wconf 88' lang='lat' dir='ltr'>stipatorum</span> <span class='ocrx_word' id='word_1_560' title='bbox 1634 2059 1750 2090; x_wconf 81' lang='lat' dir='ltr'>cater-</span> 
     </span>
    </p>
   </div>
   <div class='ocr_carea' id='block_1_5' title="bbox 231 2100 1751 2190">
    <p class='ocr_par' dir='ltr' id='par_1_9' title="bbox 231 2100 1751 2190">
     <span class='ocr_line' id='line_1_41' title="bbox 231 2100 1751 2144; baseline 0.002 -13"><span class='ocrx_word' id='word_1_561' title='bbox 231 2111 298 2132; x_wconf 84' lang='lat' dir='ltr'>vas</span> <span class='ocrx_word' id='word_1_562' title='bbox 316 2101 479 2132; x_wconf 88' lang='lat' dir='ltr'>habebat</span> <span class='ocrx_word' id='word_1_563' title='bbox 497 2101 524 2132; x_wconf 81' lang='lat' dir='ltr'>C</span> <span class='ocrx_word' id='word_1_564' title='bbox 547 2101 603 2142; x_wconf 87' lang='grc'>14,</span> <span class='ocrx_word' id='word_1_565' title='bbox 626 2102 654 2133; x_wconf 95' lang='lat' dir='ltr'>l.</span> <span class='ocrx_word' id='word_1_566' title='bbox 696 2103 749 2133; x_wconf 89' lang='lat' dir='ltr'>uti</span> <span class='ocrx_word' id='word_1_567' title='bbox 766 2106 951 2144; x_wconf 81' lang='lat' dir='ltr'>tamquam</span> <span class='ocrx_word' id='word_1_568' title='bbox 976 2113 1042 2135; x_wconf 90' lang='lat' dir='ltr'>sua</span> <span class='ocrx_word' id='word_1_569' title='bbox 1058 2103 1182 2135; x_wconf 89' lang='lat' dir='ltr'>visens</span> <span class='ocrx_word' id='word_1_570' title='bbox 1200 2102 1340 2134; x_wconf 85' lang='lat' dir='ltr'>domum</span> <span class='ocrx_word' id='word_1_571' title='bbox 1360 2105 1420 2134; x_wconf 86' lang='lat' dir='ltr'>eat</span> <span class='ocrx_word' id='word_1_572' title='bbox 1435 2102 1458 2134; x_wconf 91' lang='lat' dir='ltr'><strong>J</strong></span> <span class='ocrx_word' id='word_1_573' title='bbox 1479 2102 1536 2143; x_wconf 89' lang='lat'>12,</span> <span class='ocrx_word' id='word_1_574' title='bbox 1556 2100 1588 2134; x_wconf 88' lang='grc'>3.</span> <span class='ocrx_word' id='word_1_575' title='bbox 1628 2112 1751 2142; x_wconf 78' lang='lat' dir='ltr'>rursus</span> 
     </span>
     <span class='ocr_line' id='line_1_42' title="bbox 232 2146 1271 2190; baseline 0.003 -14"><span class='ocrx_word' id='word_1_576' title='bbox 232 2148 416 2187; x_wconf 88' lang='lat' dir='ltr'>tamquam</span> <span class='ocrx_word' id='word_1_577' title='bbox 436 2146 481 2177; x_wconf 89' lang='lat' dir='ltr'>ad</span> <span class='ocrx_word' id='word_1_578' title='bbox 499 2146 679 2188; x_wconf 86' lang='lat' dir='ltr'>integrum</span> <span class='ocrx_word' id='word_1_579' title='bbox 696 2147 831 2178; x_wconf 91' lang='lat' dir='ltr'>bellum</span> <span class='ocrx_word' id='word_1_580' title='bbox 850 2151 984 2180; x_wconf 87' lang='lat' dir='ltr'>cuncta</span> <span class='ocrx_word' id='word_1_581' title='bbox 1001 2150 1109 2190; x_wconf 85' lang='lat' dir='ltr'>parat</span> <span class='ocrx_word' id='word_1_582' title='bbox 1124 2148 1148 2180; x_wconf 94' lang='lat' dir='ltr'><strong>J</strong></span> <span class='ocrx_word' id='word_1_583' title='bbox 1165 2146 1221 2188; x_wconf 87' lang='lat'>73,</span> <span class='ocrx_word' id='word_1_584' title='bbox 1242 2146 1271 2179; x_wconf 94' lang='grc'>1.</span> 
     </span>
    </p>
   </div>
   <div class='ocr_carea' id='block_1_6' title="bbox 232 2190 1754 2908">
    <p class='ocr_par' dir='ltr' id='par_1_10' title="bbox 277 2190 1174 2232">
     <span class='ocr_line' id='line_1_43' title="bbox 277 2190 1174 2232; baseline 0.003 -12"><span class='ocrx_word' id='word_1_585' title='bbox 277 2190 399 2221; x_wconf 72' lang='lat' dir='ltr'>Tanais</span> <span class='ocrx_word' id='word_1_586' title='bbox 415 2192 467 2222; x_wconf 85' lang='lat' dir='ltr'>vel</span> <span class='ocrx_word' id='word_1_587' title='bbox 482 2192 590 2222; x_wconf 73' lang='lat' dir='ltr'>&#39;ranas</span> <span class='ocrx_word' id='word_1_588' title='bbox 605 2192 629 2222; x_wconf 89' lang='lat' dir='ltr'><strong>J</strong></span> <span class='ocrx_word' id='word_1_589' title='bbox 645 2190 699 2223; x_wconf 91' lang='grc'>90.</span> <span class='ocrx_word' id='word_1_590' title='bbox 718 2204 764 2220; x_wconf 70' lang='lat'>:2-</span> <span class='ocrx_word' id='word_1_591' title='bbox 779 2194 810 2224; x_wconf 84' lang='lat' dir='ltr'>fl.</span> <span class='ocrx_word' id='word_1_592' title='bbox 826 2193 979 2232; x_wconf 80' lang='lat' dir='ltr'>Europae</span> <span class='ocrx_word' id='word_1_593' title='bbox 997 2194 1032 2224; x_wconf 91' lang='lat' dir='ltr'>H</span> <span class='ocrx_word' id='word_1_594' title='bbox 1048 2193 1102 2224; x_wconf 93' lang='lat' dir='ltr'>III</span> <span class='ocrx_word' id='word_1_595' title='bbox 1119 2192 1174 2224; x_wconf 86' lang='grc'>49.</span> 
     </span>
    </p>

    <p class='ocr_par' dir='ltr' id='par_1_11' title="bbox 232 2235 1752 2401">
     <span class='ocr_line' id='line_1_44' title="bbox 276 2235 1750 2282; baseline 0.002 -16"><span class='ocrx_word' id='word_1_596' title='bbox 276 2235 420 2282; x_wconf 51' lang='lat' dir='ltr'>tan-dem.</span> <span class='ocrx_word' id='word_1_597' title='bbox 452 2235 513 2266; x_wconf 89' lang='lat' dir='ltr'>diu</span> <span class='ocrx_word' id='word_1_598' title='bbox 537 2235 723 2278; x_wconf 86' lang='lat' dir='ltr'>multumq.</span> <span class='ocrx_word' id='word_1_599' title='bbox 749 2237 901 2279; x_wconf 83' lang='lat' dir='ltr'>fatigati</span> <span class='ocrx_word' id='word_1_600' title='bbox 926 2238 1074 2270; x_wconf 88' lang='lat' dir='ltr'>tandem</span> <span class='ocrx_word' id='word_1_601' title='bbox 1097 2238 1135 2269; x_wconf 92' lang='lat' dir='ltr'>in</span> <span class='ocrx_word' id='word_1_602' title='bbox 1154 2236 1346 2269; x_wconf 88' lang='lat' dir='ltr'>castellum</span> <span class='ocrx_word' id='word_1_603' title='bbox 1363 2237 1582 2279; x_wconf 85' lang='lat' dir='ltr'>perveniunt</span> <span class='ocrx_word' id='word_1_604' title='bbox 1596 2236 1621 2269; x_wconf 88' lang='lat' dir='ltr'><strong>J</strong></span> <span class='ocrx_word' id='word_1_605' title='bbox 1636 2235 1698 2278; x_wconf 89' lang='lat'>94,</span> <span class='ocrx_word' id='word_1_606' title='bbox 1718 2236 1750 2274; x_wconf 90' lang='lat'>3,</span> 
     </span>
     <span class='ocr_line' id='line_1_45' title="bbox 232 2279 1752 2324; baseline 0.002 -13"><span class='ocrx_word' id='word_1_607' title='bbox 232 2280 338 2311; x_wconf 88' lang='lat' dir='ltr'>Haec</span> <span class='ocrx_word' id='word_1_608' title='bbox 355 2279 429 2311; x_wconf 88' lang='lat' dir='ltr'>illis</span> <span class='ocrx_word' id='word_1_609' title='bbox 448 2279 682 2312; x_wconf 82' lang='lat' dir='ltr'>volventibus</span> <span class='ocrx_word' id='word_1_610' title='bbox 707 2282 854 2313; x_wconf 85' lang='lat' dir='ltr'>tandem</span> <span class='ocrx_word' id='word_1_611' title='bbox 878 2283 968 2314; x_wconf 86' lang='lat' dir='ltr'>vicit</span> <span class='ocrx_word' id='word_1_612' title='bbox 993 2283 1139 2314; x_wconf 87' lang='lat' dir='ltr'>fortuna</span> <span class='ocrx_word' id='word_1_613' title='bbox 1165 2283 1219 2314; x_wconf 91' lang='lat' dir='ltr'>rei</span> <span class='ocrx_word' id='word_1_614' title='bbox 1242 2293 1275 2324; x_wconf 93' lang='lat' dir='ltr'>p.</span> <span class='ocrx_word' id='word_1_615' title='bbox 1301 2282 1328 2314; x_wconf 82' lang='lat' dir='ltr'>C</span> <span class='ocrx_word' id='word_1_616' title='bbox 1346 2282 1407 2322; x_wconf 87' lang='lat'>41,</span> <span class='ocrx_word' id='word_1_617' title='bbox 1425 2281 1457 2314; x_wconf 91' lang='grc'>3.</span> <span class='ocrx_word' id='word_1_618' title='bbox 1499 2282 1604 2314; x_wconf 82' lang='lat' dir='ltr'>Haec</span> <span class='ocrx_word' id='word_1_619' title='bbox 1627 2292 1752 2315; x_wconf 85' lang='lat' dir='ltr'>secum</span> 
     </span>
     <span class='ocr_line' id='line_1_46' title="bbox 233 2324 1752 2401; baseline 0.003 -46"><span class='ocrx_word' id='word_1_620' title='bbox 233 2324 462 2401; x_wconf 52' lang='lat' dir='ltr'>diugolvens</span> <span class='ocrx_word' id='word_1_621' title='bbox 479 2325 628 2356; x_wconf 84' lang='lat' dir='ltr'>tandem</span> <span class='ocrx_word' id='word_1_622' title='bbox 645 2326 811 2367; x_wconf 87' lang='lat' dir='ltr'>promisit</span> <span class='ocrx_word' id='word_1_623' title='bbox 829 2327 851 2358; x_wconf 92' lang='lat' dir='ltr'><strong>J</strong></span> <span class='ocrx_word' id='word_1_624' title='bbox 873 2326 952 2367; x_wconf 90' lang='lat'>113,</span> <span class='ocrx_word' id='word_1_625' title='bbox 975 2327 1004 2359; x_wconf 93' lang='grc'>1.</span> <span class='ocrx_word' id='word_1_626' title='bbox 1049 2328 1151 2367; x_wconf 80' lang='lat' dir='ltr'>Quae</span> <span class='ocrx_word' id='word_1_627' title='bbox 1171 2338 1238 2369; x_wconf 92' lang='lat' dir='ltr'>quo</span> <span class='ocrx_word' id='word_1_628' title='bbox 1263 2337 1377 2369; x_wconf 90' lang='lat' dir='ltr'>usque</span> <span class='ocrx_word' id='word_1_629' title='bbox 1396 2326 1542 2359; x_wconf 89' lang='lat' dir='ltr'>tandem</span> <span class='ocrx_word' id='word_1_630' title='bbox 1558 2326 1752 2369; x_wconf 85' lang='lat' dir='ltr'>patiemini</span> 
     </span>
    </p>

    <p class='ocr_par' dir='ltr' id='par_1_12' title="bbox 233 2415 1754 2908">
     <span class='ocr_line' id='line_1_47' title="bbox 278 2415 1752 2459; baseline 0.003 -14"><span class='ocrx_word' id='word_1_631' title='bbox 278 2415 404 2446; x_wconf 78' lang='lat' dir='ltr'>tantus.</span> <span class='ocrx_word' id='word_1_632' title='bbox 436 2417 574 2456; x_wconf 88' lang='lat' dir='ltr'>quanta</span> <span class='ocrx_word' id='word_1_633' title='bbox 593 2415 731 2456; x_wconf 84' lang='lat' dir='ltr'>cuiusq.</span> <span class='ocrx_word' id='word_1_634' title='bbox 752 2415 871 2447; x_wconf 87' lang='lat' dir='ltr'>animo</span> <span class='ocrx_word' id='word_1_635' title='bbox 890 2434 926 2438; x_wconf 93' lang='lat'>—</span> <span class='ocrx_word' id='word_1_636' title='bbox 951 2417 1108 2448; x_wconf 84' lang='lat' dir='ltr'>audacia</span> <span class='ocrx_word' id='word_1_637' title='bbox 1126 2418 1241 2457; x_wconf 87' lang='lat' dir='ltr'>inest,</span> <span class='ocrx_word' id='word_1_638' title='bbox 1260 2419 1365 2449; x_wconf 85' lang='lat' dir='ltr'>tanta</span> <span class='ocrx_word' id='word_1_639' title='bbox 1382 2417 1419 2448; x_wconf 91' lang='lat' dir='ltr'>in</span> <span class='ocrx_word' id='word_1_640' title='bbox 1437 2416 1534 2449; x_wconf 91' lang='lat' dir='ltr'>bello</span> <span class='ocrx_word' id='word_1_641' title='bbox 1551 2419 1678 2459; x_wconf 85' lang='lat' dir='ltr'>patere</span> <span class='ocrx_word' id='word_1_642' title='bbox 1696 2426 1752 2449; x_wconf 85' lang='lat' dir='ltr'>so-</span> 
     </span>
     <span class='ocr_line' id='line_1_48' title="bbox 233 2458 1752 2503; baseline 0.003 -13"><span class='ocrx_word' id='word_1_643' title='bbox 233 2458 287 2491; x_wconf 88' lang='lat' dir='ltr'>let</span> <span class='ocrx_word' id='word_1_644' title='bbox 305 2459 331 2491; x_wconf 90' lang='lat' dir='ltr'>C</span> <span class='ocrx_word' id='word_1_645' title='bbox 349 2458 403 2499; x_wconf 90' lang='lat'>58,</span> <span class='ocrx_word' id='word_1_646' title='bbox 422 2459 456 2491; x_wconf 89' lang='grc'>2.</span> <span class='ocrx_word' id='word_1_647' title='bbox 497 2460 529 2492; x_wconf 90' lang='lat' dir='ltr'>si</span> <span class='ocrx_word' id='word_1_648' title='bbox 546 2460 750 2493; x_wconf 88' lang='lat' dir='ltr'>hominibus</span> <span class='ocrx_word' id='word_1_649' title='bbox 768 2460 943 2492; x_wconf 82' lang='lat' dir='ltr'>bonarum</span> <span class='ocrx_word' id='word_1_650' title='bbox 962 2471 1080 2492; x_wconf 90' lang='lat' dir='ltr'>rerum</span> <span class='ocrx_word' id='word_1_651' title='bbox 1098 2465 1202 2493; x_wconf 87' lang='lat' dir='ltr'>tanta</span> <span class='ocrx_word' id='word_1_652' title='bbox 1227 2472 1315 2494; x_wconf 86' lang='lat' dir='ltr'>cura</span> <span class='ocrx_word' id='word_1_653' title='bbox 1334 2464 1449 2500; x_wconf 83' lang='lat' dir='ltr'>esset,</span> <span class='ocrx_word' id='word_1_654' title='bbox 1477 2465 1611 2503; x_wconf 87' lang='lat' dir='ltr'>quanto</span> <span class='ocrx_word' id='word_1_655' title='bbox 1635 2461 1752 2494; x_wconf 83' lang='lat' dir='ltr'>studio</span> 
     </span>
     <span class='ocr_line' id='line_1_49' title="bbox 236 2504 1751 2548; baseline 0.002 -12"><span class='ocrx_word' id='word_1_656' title='bbox 236 2522 276 2526; x_wconf 91' lang='lat'>—-</span> <span class='ocrx_word' id='word_1_657' title='bbox 295 2507 424 2546; x_wconf 88' lang='lat' dir='ltr'>petunt</span> <span class='ocrx_word' id='word_1_658' title='bbox 439 2505 463 2536; x_wconf 93' lang='lat' dir='ltr'><strong>J</strong></span> <span class='ocrx_word' id='word_1_659' title='bbox 482 2504 518 2544; x_wconf 93' lang='grc'>1,</span> <span class='ocrx_word' id='word_1_660' title='bbox 536 2505 567 2537; x_wconf 87' lang='lat'>5.</span> <span class='ocrx_word' id='word_1_661' title='bbox 608 2505 723 2537; x_wconf 88' lang='lat' dir='ltr'>virtus</span> <span class='ocrx_word' id='word_1_662' title='bbox 746 2508 852 2538; x_wconf 87' lang='lat' dir='ltr'>tanta</span> <span class='ocrx_word' id='word_1_663' title='bbox 874 2505 1048 2544; x_wconf 85' lang='lat' dir='ltr'>habetur,</span> <span class='ocrx_word' id='word_1_664' title='bbox 1075 2509 1247 2547; x_wconf 87' lang='lat' dir='ltr'>quantum</span> <span class='ocrx_word' id='word_1_665' title='bbox 1274 2517 1355 2538; x_wconf 88' lang='lat' dir='ltr'>eam</span> <span class='ocrx_word' id='word_1_666' title='bbox 1379 2506 1499 2538; x_wconf 85' lang='lat' dir='ltr'>verbis</span> <span class='ocrx_word' id='word_1_667' title='bbox 1523 2510 1672 2548; x_wconf 80' lang='lat' dir='ltr'>potuere</span> <span class='ocrx_word' id='word_1_668' title='bbox 1692 2516 1751 2539; x_wconf 80' lang='lat' dir='ltr'>ex-</span> 
     </span>
     <span class='ocr_line' id='line_1_50' title="bbox 234 2548 1751 2590; baseline 0.001 -9"><span class='ocrx_word' id='word_1_669' title='bbox 234 2549 364 2581; x_wconf 87' lang='lat' dir='ltr'>tollere</span> <span class='ocrx_word' id='word_1_670' title='bbox 383 2550 410 2581; x_wconf 86' lang='lat' dir='ltr'>C</span> <span class='ocrx_word' id='word_1_671' title='bbox 428 2548 460 2588; x_wconf 90' lang='grc'>8,</span> <span class='ocrx_word' id='word_1_672' title='bbox 479 2550 511 2581; x_wconf 89' lang='lat'>4.</span> <span class='ocrx_word' id='word_1_673' title='bbox 554 2553 658 2582; x_wconf 87' lang='lat' dir='ltr'>tanta</span> <span class='ocrx_word' id='word_1_674' title='bbox 677 2550 896 2582; x_wconf 83' lang='lat' dir='ltr'>conmutatio</span> <span class='ocrx_word' id='word_1_675' title='bbox 913 2551 1079 2590; x_wconf 82' lang='lat' dir='ltr'>incessit,</span> <span class='ocrx_word' id='word_1_676' title='bbox 1098 2554 1137 2582; x_wconf 91' lang='lat' dir='ltr'>ut</span> <span class='ocrx_word' id='word_1_677' title='bbox 1153 2569 1196 2573; x_wconf 94' lang='lat'>——</span> <span class='ocrx_word' id='word_1_678' title='bbox 1211 2552 1235 2582; x_wconf 92' lang='lat' dir='ltr'><strong>J</strong></span> <span class='ocrx_word' id='word_1_679' title='bbox 1255 2550 1306 2590; x_wconf 89' lang='grc'>13,</span> <span class='ocrx_word' id='word_1_680' title='bbox 1325 2551 1358 2583; x_wconf 88' lang='grc'>7.</span> <span class='ocrx_word' id='word_1_681' title='bbox 1383 2551 1436 2589; x_wconf 87' lang='grc'>24,</span> <span class='ocrx_word' id='word_1_682' title='bbox 1456 2551 1488 2582; x_wconf 89' lang='grc'>2.</span> <span class='ocrx_word' id='word_1_683' title='bbox 1513 2550 1568 2590; x_wconf 89' lang='grc'>46,</span> <span class='ocrx_word' id='word_1_684' title='bbox 1587 2550 1620 2583; x_wconf 91' lang='grc'>8.</span> <span class='ocrx_word' id='word_1_685' title='bbox 1643 2551 1751 2584; x_wconf 83' lang='lat' dir='ltr'>,civi-</span> 
     </span>
     <span class='ocr_line' id='line_1_51' title="bbox 235 2594 1754 2637; baseline 0.001 -11"><span class='ocrx_word' id='word_1_686' title='bbox 235 2598 293 2626; x_wconf 86' lang='lat' dir='ltr'>tas</span> <span class='ocrx_word' id='word_1_687' title='bbox 310 2594 526 2627; x_wconf 86' lang='lat' dir='ltr'>incredibile</span> <span class='ocrx_word' id='word_1_688' title='bbox 546 2598 602 2627; x_wconf 89' lang='lat' dir='ltr'>est</span> <span class='ocrx_word' id='word_1_689' title='bbox 619 2598 791 2636; x_wconf 85' lang='lat' dir='ltr'>quantum</span> <span class='ocrx_word' id='word_1_690' title='bbox 807 2595 910 2628; x_wconf 89' lang='lat' dir='ltr'>brevi</span> <span class='ocrx_word' id='word_1_691' title='bbox 926 2595 1093 2627; x_wconf 86' lang='lat' dir='ltr'>creverit.</span> <span class='ocrx_word' id='word_1_692' title='bbox 1119 2598 1224 2627; x_wconf 85' lang='lat' dir='ltr'>tanta</span> <span class='ocrx_word' id='word_1_693' title='bbox 1242 2596 1373 2637; x_wconf 89' lang='lat' dir='ltr'>cupido</span> <span class='ocrx_word' id='word_1_694' title='bbox 1391 2595 1532 2637; x_wconf 83' lang='lat' dir='ltr'>gloriae</span> <span class='ocrx_word' id='word_1_695' title='bbox 1548 2595 1754 2628; x_wconf 80' lang='lat' dir='ltr'>incesserat</span> 
     </span>
     <span class='ocr_line' id='line_1_52' title="bbox 237 2638 1752 2681; baseline 0.001 -11"><span class='ocrx_word' id='word_1_696' title='bbox 237 2639 264 2670; x_wconf 84' lang='lat' dir='ltr'>O</span> <span class='ocrx_word' id='word_1_697' title='bbox 282 2639 314 2680; x_wconf 93' lang='lat'>7,</span> <span class='ocrx_word' id='word_1_698' title='bbox 334 2639 354 2672; x_wconf 90' lang='lat'>3</span> <span class='ocrx_word' id='word_1_699' title='bbox 371 2642 456 2672; x_wconf 86' lang='lat' dir='ltr'>conl.</span> <span class='ocrx_word' id='word_1_700' title='bbox 476 2639 530 2679; x_wconf 89' lang='lat'>33,</span> <span class='ocrx_word' id='word_1_701' title='bbox 552 2640 582 2672; x_wconf 93' lang='grc'>1.</span> <span class='ocrx_word' id='word_1_702' title='bbox 609 2639 665 2680; x_wconf 88' lang='grc'>36,</span> <span class='ocrx_word' id='word_1_703' title='bbox 684 2640 716 2672; x_wconf 90' lang='grc'>5.</span> <span class='ocrx_word' id='word_1_704' title='bbox 742 2641 767 2672; x_wconf 89' lang='lat' dir='ltr'><strong>J</strong></span> <span class='ocrx_word' id='word_1_705' title='bbox 782 2640 836 2680; x_wconf 89' lang='grc'>27,</span> <span class='ocrx_word' id='word_1_706' title='bbox 855 2641 887 2673; x_wconf 92' lang='grc'>2.</span> <span class='ocrx_word' id='word_1_707' title='bbox 912 2639 969 2681; x_wconf 91' lang='grc'>32,</span> <span class='ocrx_word' id='word_1_708' title='bbox 987 2640 1019 2671; x_wconf 91' lang='grc'>4.</span> <span class='ocrx_word' id='word_1_709' title='bbox 1044 2638 1099 2680; x_wconf 92' lang='grc'>40,</span> <span class='ocrx_word' id='word_1_710' title='bbox 1118 2639 1151 2671; x_wconf 90' lang='grc'>3.</span> <span class='ocrx_word' id='word_1_711' title='bbox 1176 2640 1231 2680; x_wconf 86' lang='grc'>45,</span> <span class='ocrx_word' id='word_1_712' title='bbox 1254 2639 1282 2672; x_wconf 90' lang='grc'>1.</span> <span class='ocrx_word' id='word_1_713' title='bbox 1307 2639 1362 2679; x_wconf 85' lang='grc'>56,</span> <span class='ocrx_word' id='word_1_714' title='bbox 1380 2640 1412 2672; x_wconf 93' lang='lat'>5.</span> <span class='ocrx_word' id='word_1_715' title='bbox 1436 2639 1491 2677; x_wconf 83' lang='lat'>84,</span> <span class='ocrx_word' id='word_1_716' title='bbox 1510 2639 1543 2672; x_wconf 89' lang='lat'>3.</span> <span class='ocrx_word' id='word_1_717' title='bbox 1569 2639 1646 2672; x_wconf 86' lang='lat' dir='ltr'>dub.</span> <span class='ocrx_word' id='word_1_718' title='bbox 1671 2643 1752 2672; x_wconf 85' lang='lat' dir='ltr'>tan-</span> 
     </span>
     <span class='ocr_line' id='line_1_53' title="bbox 236 2683 1754 2728; baseline 0 -12"><span class='ocrx_word' id='word_1_719' title='bbox 236 2688 311 2717; x_wconf 89' lang='lat' dir='ltr'>tum</span> <span class='ocrx_word' id='word_1_720' title='bbox 331 2685 562 2727; x_wconf 85' lang='lat' dir='ltr'>antiquitatis</span> <span class='ocrx_word' id='word_1_721' title='bbox 580 2696 724 2728; x_wconf 85' lang='lat' dir='ltr'>curaeq.</span> <span class='ocrx_word' id='word_1_722' title='bbox 743 2686 778 2717; x_wconf 92' lang='lat' dir='ltr'><strong>H</strong></span> <span class='ocrx_word' id='word_1_723' title='bbox 795 2686 812 2718; x_wconf 95' lang='lat' dir='ltr'>I</span> <span class='ocrx_word' id='word_1_724' title='bbox 831 2684 882 2717; x_wconf 88' lang='lat'>14.</span> <span class='ocrx_word' id='word_1_725' title='bbox 921 2688 1026 2717; x_wconf 85' lang='lat' dir='ltr'>tanto</span> <span class='ocrx_word' id='word_1_726' title='bbox 1052 2685 1196 2726; x_wconf 87' lang='lat' dir='ltr'>agmine</span> <span class='ocrx_word' id='word_1_727' title='bbox 1216 2683 1289 2726; x_wconf 77' lang='lat' dir='ltr'>atq.</span> <span class='ocrx_word' id='word_1_728' title='bbox 1309 2685 1439 2716; x_wconf 88' lang='lat' dir='ltr'>animis</span> <span class='ocrx_word' id='word_1_729' title='bbox 1456 2684 1491 2716; x_wconf 92' lang='lat' dir='ltr'>H</span> <span class='ocrx_word' id='word_1_730' title='bbox 1509 2685 1525 2716; x_wconf 94' lang='lat'>1</span> <span class='ocrx_word' id='word_1_731' title='bbox 1542 2684 1601 2725; x_wconf 87' lang='lat'>41,</span> <span class='ocrx_word' id='word_1_732' title='bbox 1620 2685 1676 2717; x_wconf 88' lang='grc'>24.</span> <span class='ocrx_word' id='word_1_733' title='bbox 1715 2684 1754 2716; x_wconf 86' lang='grc'>111</span> 
     </span>
     <span class='ocr_line' id='line_1_54' title="bbox 238 2728 1752 2772; baseline 0 -10"><span class='ocrx_word' id='word_1_734' title='bbox 238 2740 283 2762; x_wconf 88' lang='lat' dir='ltr'>ea</span> <span class='ocrx_word' id='word_1_735' title='bbox 300 2733 406 2762; x_wconf 87' lang='lat' dir='ltr'>tanta</span> <span class='ocrx_word' id='word_1_736' title='bbox 425 2730 625 2772; x_wconf 88' lang='lat' dir='ltr'>asperitate</span> <span class='ocrx_word' id='word_1_737' title='bbox 643 2731 665 2763; x_wconf 91' lang='lat' dir='ltr'><strong>J</strong></span> <span class='ocrx_word' id='word_1_738' title='bbox 683 2729 744 2771; x_wconf 93' lang='lat'>67,</span> <span class='ocrx_word' id='word_1_739' title='bbox 764 2729 796 2762; x_wconf 89' lang='lat'>3.</span> <span class='ocrx_word' id='word_1_740' title='bbox 838 2730 934 2762; x_wconf 88' lang='lat' dir='ltr'>tanti</span> <span class='ocrx_word' id='word_1_741' title='bbox 958 2730 1058 2762; x_wconf 90' lang='lat' dir='ltr'>cives</span> <span class='ocrx_word' id='word_1_742' title='bbox 1077 2729 1103 2761; x_wconf 86' lang='lat' dir='ltr'>O</span> <span class='ocrx_word' id='word_1_743' title='bbox 1121 2728 1184 2770; x_wconf 89' lang='lat'>46,</span> <span class='ocrx_word' id='word_1_744' title='bbox 1203 2729 1236 2761; x_wconf 88' lang='grc'>2.</span> <span class='ocrx_word' id='word_1_745' title='bbox 1278 2747 1319 2766; x_wconf 80' lang='grc'>-,</span> <span class='ocrx_word' id='word_1_746' title='bbox 1337 2732 1447 2771; x_wconf 85' lang='lat' dir='ltr'>tamq.</span> <span class='ocrx_word' id='word_1_747' title='bbox 1469 2732 1645 2772; x_wconf 81' lang='lat' dir='ltr'>conrupta</span> <span class='ocrx_word' id='word_1_748' title='bbox 1663 2730 1752 2762; x_wconf 86' lang='lat' dir='ltr'>civi-</span> 
     </span>
     <span class='ocr_line' id='line_1_55' title="bbox 236 2773 1754 2815; baseline 0.001 -9"><span class='ocrx_word' id='word_1_749' title='bbox 236 2779 294 2806; x_wconf 86' lang='lat' dir='ltr'>tas</span> <span class='ocrx_word' id='word_1_750' title='bbox 313 2774 339 2807; x_wconf 83' lang='lat' dir='ltr'>C</span> <span class='ocrx_word' id='word_1_751' title='bbox 362 2774 412 2815; x_wconf 89' lang='lat'>14,</span> <span class='ocrx_word' id='word_1_752' title='bbox 435 2775 463 2807; x_wconf 93' lang='grc'>1.</span> <span class='ocrx_word' id='word_1_753' title='bbox 497 2793 538 2798; x_wconf 91' lang='lat'>—-</span> <span class='ocrx_word' id='word_1_754' title='bbox 558 2775 737 2808; x_wconf 88' lang='lat' dir='ltr'>claritudo</span> <span class='ocrx_word' id='word_1_755' title='bbox 754 2775 778 2808; x_wconf 93' lang='lat' dir='ltr'><strong>J</strong></span> <span class='ocrx_word' id='word_1_756' title='bbox 794 2775 832 2815; x_wconf 90' lang='lat'>7,</span> <span class='ocrx_word' id='word_1_757' title='bbox 849 2775 880 2807; x_wconf 91' lang='lat'>4.</span> <span class='ocrx_word' id='word_1_758' title='bbox 922 2793 964 2798; x_wconf 91' lang='lat'>——</span> <span class='ocrx_word' id='word_1_759' title='bbox 988 2774 1054 2806; x_wconf 90' lang='lat' dir='ltr'>illa</span> <span class='ocrx_word' id='word_1_760' title='bbox 1072 2773 1295 2807; x_wconf 79' lang='lat' dir='ltr'>contumelia</span> <span class='ocrx_word' id='word_1_761' title='bbox 1313 2774 1339 2806; x_wconf 87' lang='lat' dir='ltr'>C</span> <span class='ocrx_word' id='word_1_762' title='bbox 1357 2773 1420 2814; x_wconf 84' lang='lat'>48,</span> <span class='ocrx_word' id='word_1_763' title='bbox 1438 2773 1471 2808; x_wconf 86' lang='lat'>9.</span> <span class='ocrx_word' id='word_1_764' title='bbox 1512 2773 1754 2808; x_wconf 80' lang='lat' dir='ltr'>difficultates</span> 
     </span>
     <span class='ocr_line' id='line_1_56' title="bbox 235 2817 1752 2861; baseline -0.001 -10"><span class='ocrx_word' id='word_1_765' title='bbox 235 2820 258 2851; x_wconf 93' lang='lat' dir='ltr'><strong>J</strong></span> <span class='ocrx_word' id='word_1_766' title='bbox 275 2819 329 2859; x_wconf 85' lang='lat'>90,</span> <span class='ocrx_word' id='word_1_767' title='bbox 354 2819 382 2852; x_wconf 93' lang='lat'>1.</span> <span class='ocrx_word' id='word_1_768' title='bbox 425 2821 569 2852; x_wconf 82' lang='lat' dir='ltr'>facinus</span> <span class='ocrx_word' id='word_1_769' title='bbox 589 2820 616 2851; x_wconf 88' lang='lat' dir='ltr'>C</span> <span class='ocrx_word' id='word_1_770' title='bbox 635 2820 697 2859; x_wconf 88' lang='grc'>22,</span> <span class='ocrx_word' id='word_1_771' title='bbox 717 2821 749 2852; x_wconf 89' lang='grc'>2.</span> <span class='ocrx_word' id='word_1_772' title='bbox 776 2819 840 2861; x_wconf 64' lang='lat'>28„</span> <span class='ocrx_word' id='word_1_773' title='bbox 859 2819 891 2852; x_wconf 91' lang='lat'>3.</span> <span class='ocrx_word' id='word_1_774' title='bbox 919 2819 980 2860; x_wconf 90' lang='lat'>49,</span> <span class='ocrx_word' id='word_1_775' title='bbox 999 2820 1032 2851; x_wconf 89' lang='lat'>4.</span> <span class='ocrx_word' id='word_1_776' title='bbox 1057 2818 1119 2860; x_wconf 90' lang='lat'>51,</span> <span class='ocrx_word' id='word_1_777' title='bbox 1137 2818 1192 2852; x_wconf 89' lang='lat'>23.</span> <span class='ocrx_word' id='word_1_778' title='bbox 1217 2819 1240 2851; x_wconf 91' lang='lat' dir='ltr'><strong>J</strong></span> <span class='ocrx_word' id='word_1_779' title='bbox 1261 2818 1318 2859; x_wconf 84' lang='lat'>13,</span> <span class='ocrx_word' id='word_1_780' title='bbox 1341 2818 1370 2851; x_wconf 94' lang='grc'>1.</span> <span class='ocrx_word' id='word_1_781' title='bbox 1411 2819 1590 2860; x_wconf 79' lang='lat' dir='ltr'>flagitium</span> <span class='ocrx_word' id='word_1_782' title='bbox 1606 2819 1630 2852; x_wconf 90' lang='lat' dir='ltr'><strong>J</strong></span> <span class='ocrx_word' id='word_1_783' title='bbox 1646 2817 1702 2860; x_wconf 88' lang='lat'>30,</span> <span class='ocrx_word' id='word_1_784' title='bbox 1723 2818 1752 2851; x_wconf 91' lang='grc'>1.</span> 
     </span>
     <span class='ocr_line' id='line_1_57' title="bbox 233 2863 1754 2908; baseline 0 -12"><span class='ocrx_word' id='word_1_785' title='bbox 233 2867 324 2905; x_wconf 79' lang='lat' dir='ltr'>plur.</span> <span class='ocrx_word' id='word_1_786' title='bbox 345 2865 379 2897; x_wconf 88' lang='lat' dir='ltr'>H</span> <span class='ocrx_word' id='word_1_787' title='bbox 395 2866 413 2898; x_wconf 94' lang='lat'>1</span> <span class='ocrx_word' id='word_1_788' title='bbox 429 2864 484 2897; x_wconf 88' lang='lat'>29.</span> <span class='ocrx_word' id='word_1_789' title='bbox 527 2865 642 2908; x_wconf 87' lang='lat' dir='ltr'>gloria</span> <span class='ocrx_word' id='word_1_790' title='bbox 658 2865 694 2896; x_wconf 90' lang='lat' dir='ltr'><strong>H</strong></span> <span class='ocrx_word' id='word_1_791' title='bbox 710 2865 764 2898; x_wconf 92' lang='grc' dir='ltr'>ΙΙΙ</span> <span class='ocrx_word' id='word_1_792' title='bbox 780 2864 836 2907; x_wconf 92' lang='grc'>61,</span> <span class='ocrx_word' id='word_1_793' title='bbox 852 2864 906 2898; x_wconf 87' lang='grc'>23.</span> <span class='ocrx_word' id='word_1_794' title='bbox 940 2864 1118 2907; x_wconf 90' lang='lat' dir='ltr'>inperium</span> <span class='ocrx_word' id='word_1_795' title='bbox 1136 2863 1163 2896; x_wconf 82' lang='lat' dir='ltr'>C</span> <span class='ocrx_word' id='word_1_796' title='bbox 1182 2863 1236 2905; x_wconf 85' lang='lat'>51,</span> <span class='ocrx_word' id='word_1_797' title='bbox 1254 2863 1309 2895; x_wconf 85' lang='lat'>42.</span> <span class='ocrx_word' id='word_1_798' title='bbox 1343 2863 1449 2896; x_wconf 84' lang='lat' dir='ltr'>labor</span> <span class='ocrx_word' id='word_1_799' title='bbox 1463 2864 1487 2896; x_wconf 94' lang='lat' dir='ltr'><strong>J</strong></span> <span class='ocrx_word' id='word_1_800' title='bbox 1504 2864 1535 2905; x_wconf 88' lang='lat'>4,</span> <span class='ocrx_word' id='word_1_801' title='bbox 1555 2863 1587 2897; x_wconf 90' lang='lat'>3.</span> <span class='ocrx_word' id='word_1_802' title='bbox 1620 2863 1754 2896; x_wconf 79' lang='lat' dir='ltr'>malum</span> 
     </span>
    </p>
   </div>
  </div>
 </body>
</html>
