<?xml version="1.0" encoding="UTF-8"?>
<!DOCTYPE html PUBLIC "-//W3C//DTD XHTML 1.0 Transitional//EN"
    "http://www.w3.org/TR/xhtml1/DTD/xhtml1-transitional.dtd">
<html xmlns="http://www.w3.org/1999/xhtml" xml:lang="en" lang="en">
 <head>
  <title>
</title>
<meta http-equiv="Content-Type" content="text/html;charset=utf-8" />
  <meta name='ocr-system' content='tesseract 3.04.00' />
  <meta name='ocr-capabilities' content='ocr_page ocr_carea ocr_par ocr_line ocrx_word'/>
</head>
<body>
  <div class='ocr_page' id='page_1' title='image "./quaesupersunt02salluoft_0118.png"; bbox 0 0 1826 3282; ppageno 0'>
   <div class='ocr_carea' id='block_1_1' title="bbox 201 226 1308 267">
    <p class='ocr_par' dir='ltr' id='par_1_1' title="bbox 201 226 1308 267">
     <span class='ocr_line' id='line_1_1' title="bbox 201 226 1308 267; baseline -0.002 -1"><span class='ocrx_word' id='word_1_1' title='bbox 201 226 279 267; x_wconf 84' lang='grc'><em>110</em></span> <span class='ocrx_word' id='word_1_2' title='bbox 607 235 907 264; x_wconf 67' lang='lat' dir='ltr'><em>ms&#39;roumuvm</em></span> <span class='ocrx_word' id='word_1_3' title='bbox 941 235 1024 264; x_wconf 77' lang='lat' dir='ltr'><em>Lm.</em></span> <span class='ocrx_word' id='word_1_4' title='bbox 1057 236 1100 264; x_wconf 92' lang='lat' dir='ltr'><em>1v</em></span> <span class='ocrx_word' id='word_1_5' title='bbox 1131 228 1308 267; x_wconf 78' lang='lat'><strong>53—57.</strong></span> 
     </span>
    </p>
   </div>
   <div class='ocr_carea' id='block_1_2' title="bbox 198 336 1720 390">
    <p class='ocr_par' dir='ltr' id='par_1_2' title="bbox 198 336 1720 390">
     <span class='ocr_line' id='line_1_2' title="bbox 198 336 1720 390; baseline -0.001 -12"><span class='ocrx_word' id='word_1_6' title='bbox 198 340 437 388; x_wconf 74' lang='lat' dir='ltr'><em>Euphrates.</em></span> <span class='ocrx_word' id='word_1_7' title='bbox 490 337 672 376; x_wconf 85' lang='lat' dir='ltr'><em>Ceterum</em></span> <span class='ocrx_word' id='word_1_8' title='bbox 702 336 925 376; x_wconf 78' lang='lat' dir='ltr'>Sallustium</span> <span class='ocrx_word' id='word_1_9' title='bbox 953 351 1000 377; x_wconf 86' lang='lat' dir='ltr'><em>eo</em></span> <span class='ocrx_word' id='word_1_10' title='bbox 1027 337 1115 377; x_wconf 87' lang='lat' dir='ltr'><em>loco</em></span> <span class='ocrx_word' id='word_1_11' title='bbox 1146 337 1193 377; x_wconf 86' lang='lat' dir='ltr'><em>de</em></span> <span class='ocrx_word' id='word_1_12' title='bbox 1225 338 1298 378; x_wconf 88' lang='lat' dir='ltr'><em>illis</em></span> <span class='ocrx_word' id='word_1_13' title='bbox 1326 338 1453 378; x_wconf 86' lang='lat' dir='ltr'><em>fluviis</em></span> <span class='ocrx_word' id='word_1_14' title='bbox 1481 338 1720 390; x_wconf 78' lang='lat' dir='ltr'>exposuisse,</span> 
     </span>
    </p>
   </div>
   <div class='ocr_carea' id='block_1_3' title="bbox 200 403 1723 524">
    <p class='ocr_par' dir='ltr' id='par_1_3' title="bbox 200 403 1723 524">
     <span class='ocr_line' id='line_1_3' title="bbox 200 403 1723 456; baseline 0 -12"><span class='ocrx_word' id='word_1_15' title='bbox 200 406 263 444; x_wconf 87' lang='lat' dir='ltr'><em>uhi</em></span> <span class='ocrx_word' id='word_1_16' title='bbox 304 403 508 444; x_wconf 82' lang='lat' dir='ltr'>Lucullum</span> <span class='ocrx_word' id='word_1_17' title='bbox 545 405 584 442; x_wconf 91' lang='lat' dir='ltr'><em>in</em></span> <span class='ocrx_word' id='word_1_18' title='bbox 618 406 842 444; x_wconf 80' lang='lat' dir='ltr'>Armeniam</span> <span class='ocrx_word' id='word_1_19' title='bbox 882 407 1099 456; x_wconf 77' lang='lat' dir='ltr'><em>profectum</em></span> <span class='ocrx_word' id='word_1_20' title='bbox 1140 418 1225 445; x_wconf 89' lang='grc'><strong>6556</strong></span> <span class='ocrx_word' id='word_1_21' title='bbox 1257 408 1449 452; x_wconf 85' lang='lat' dir='ltr'><em>narravit,</em></span> <span class='ocrx_word' id='word_1_22' title='bbox 1487 418 1566 445; x_wconf 89' lang='lat' dir='ltr'><em>non</em></span> <span class='ocrx_word' id='word_1_23' title='bbox 1606 406 1723 446; x_wconf 88' lang='lat' dir='ltr'><em>modo</em></span> 
     </span>
     <span class='ocr_line' id='line_1_4' title="bbox 201 471 1211 524; baseline 0.001 -13"><span class='ocrx_word' id='word_1_24' title='bbox 201 474 279 511; x_wconf 89' lang='lat' dir='ltr'><em>veri</em></span> <span class='ocrx_word' id='word_1_25' title='bbox 307 471 577 517; x_wconf 87' lang='lat' dir='ltr'><em>simillumum,</em></span> <span class='ocrx_word' id='word_1_26' title='bbox 613 484 746 511; x_wconf 86' lang='lat' dir='ltr'><em>verum</em></span> <span class='ocrx_word' id='word_1_27' title='bbox 774 484 897 524; x_wconf 74' lang='lat' dir='ltr'><em>paene</em></span> <span class='ocrx_word' id='word_1_28' title='bbox 927 478 1076 512; x_wconf 78' lang='lat' dir='ltr'><em>certum</em></span> <span class='ocrx_word' id='word_1_29' title='bbox 1109 479 1178 513; x_wconf 81' lang='grc'><strong>651.</strong></span> <span class='ocrx_word' id='word_1_30' title='bbox 1196 472 1211 479; x_wconf 79' lang='grc'><em>”</em></span> 
     </span>
    </p>
   </div>
   <div class='ocr_carea' id='block_1_4' title="bbox 192 571 1726 761">
    <p class='ocr_par' dir='ltr' id='par_1_4' title="bbox 192 571 1726 761">
     <span class='ocr_line' id='line_1_5' title="bbox 313 571 1724 626; baseline 0.001 -15"><span class='ocrx_word' id='word_1_31' title='bbox 313 571 396 612; x_wconf 81' lang='grc'><em>*53</em></span> <span class='ocrx_word' id='word_1_32' title='bbox 430 572 508 625; x_wconf 84' lang='lat' dir='ltr'><strong>[Kr.</strong></span> <span class='ocrx_word' id='word_1_33' title='bbox 537 578 588 611; x_wconf 80' lang='lat'><em>12.</em></span> <span class='ocrx_word' id='word_1_34' title='bbox 628 577 666 612; x_wconf 82' lang='lat' dir='ltr'><em>G.</em></span> <span class='ocrx_word' id='word_1_35' title='bbox 690 573 766 626; x_wconf 71' lang='grc'><strong>50].</strong></span> <span class='ocrx_word' id='word_1_36' title='bbox 828 575 924 614; x_wconf 81' lang='lat' dir='ltr'><em>Cum</em></span> <span class='ocrx_word' id='word_1_37' title='bbox 955 574 1085 614; x_wconf 81' lang='lat' dir='ltr'><em>Schol.</em></span> <span class='ocrx_word' id='word_1_38' title='bbox 1116 576 1176 614; x_wconf 84' lang='lat' dir='ltr'><em>ad.</em></span> <span class='ocrx_word' id='word_1_39' title='bbox 1213 576 1298 614; x_wconf 80' lang='lat' dir='ltr'><em>Juv.</em></span> <span class='ocrx_word' id='word_1_40' title='bbox 1330 580 1400 614; x_wconf 83' lang='lat' dir='ltr'><em>sat.</em></span> <span class='ocrx_word' id='word_1_41' title='bbox 1432 575 1448 614; x_wconf 96' lang='lat'><em>1</em></span> <span class='ocrx_word' id='word_1_42' title='bbox 1485 575 1557 615; x_wconf 84' lang='lat'><em>104</em></span> <span class='ocrx_word' id='word_1_43' title='bbox 1587 576 1724 614; x_wconf 87' lang='lat' dir='ltr'><em>Meso—</em></span> 
     </span>
     <span class='ocr_line' id='line_1_6' title="bbox 192 641 1726 692; baseline 0.002 -14"><span class='ocrx_word' id='word_1_44' title='bbox 192 643 400 689; x_wconf 80' lang='lat' dir='ltr'><em>potameni</em></span> <span class='ocrx_word' id='word_1_45' title='bbox 437 641 585 692; x_wconf 80' lang='lat' dir='ltr'>inquiat</span> <span class='ocrx_word' id='word_1_46' title='bbox 629 643 802 681; x_wconf 76' lang='lat' dir='ltr'><em>homines</em></span> <span class='ocrx_word' id='word_1_47' title='bbox 849 643 1073 691; x_wconf 82' lang='lat' dir='ltr'><em>effrenatae</em></span> <span class='ocrx_word' id='word_1_48' title='bbox 1116 644 1304 682; x_wconf 74' lang='lat' dir='ltr'><em>lubidinis</em></span> <span class='ocrx_word' id='word_1_49' title='bbox 1345 647 1436 682; x_wconf 80' lang='lat' dir='ltr'><em>sunt</em></span> <span class='ocrx_word' id='word_1_50' title='bbox 1476 645 1516 682; x_wconf 90' lang='lat' dir='ltr'><em>in</em></span> <span class='ocrx_word' id='word_1_51' title='bbox 1561 646 1726 692; x_wconf 82' lang='lat' dir='ltr'><em>utroque</em></span> 
     </span>
     <span class='ocr_line' id='line_1_7' title="bbox 199 708 1726 761; baseline 0.001 -15"><span class='ocrx_word' id='word_1_52' title='bbox 199 720 317 755; x_wconf 70' lang='lat' dir='ltr'><em>sexu,</em></span> <span class='ocrx_word' id='word_1_53' title='bbox 356 713 399 746; x_wconf 89' lang='lat' dir='ltr'><em>ut</em></span> <span class='ocrx_word' id='word_1_54' title='bbox 426 708 637 748; x_wconf 75' lang='lat' dir='ltr'><em>Sallustius</em></span> <span class='ocrx_word' id='word_1_55' title='bbox 666 712 856 754; x_wconf 75' lang='lat' dir='ltr'><em>meminit,</em></span> <span class='ocrx_word' id='word_1_56' title='bbox 898 710 1014 749; x_wconf 82' lang='lat' dir='ltr'><em>verba</em></span> <span class='ocrx_word' id='word_1_57' title='bbox 1046 711 1126 761; x_wconf 87' lang='lat' dir='ltr'><em>ipsa</em></span> <span class='ocrx_word' id='word_1_58' title='bbox 1169 711 1370 761; x_wconf 81' lang='lat' dir='ltr'><em>scriptoris</em></span> <span class='ocrx_word' id='word_1_59' title='bbox 1403 723 1483 749; x_wconf 89' lang='lat' dir='ltr'><em>non</em></span> <span class='ocrx_word' id='word_1_60' title='bbox 1519 709 1726 761; x_wconf 84' lang='lat' dir='ltr'><em>diligenter</em></span> 
     </span>
    </p>
   </div>
   <div class='ocr_carea' id='block_1_5' title="bbox 200 775 1724 894">
    <p class='ocr_par' dir='ltr' id='par_1_5' title="bbox 200 775 1724 894">
     <span class='ocr_line' id='line_1_8' title="bbox 200 775 1724 827; baseline 0.001 -13"><span class='ocrx_word' id='word_1_61' title='bbox 200 775 352 826; x_wconf 83' lang='lat' dir='ltr'><em>prolata</em></span> <span class='ocrx_word' id='word_1_62' title='bbox 384 787 470 815; x_wconf 88' lang='lat' dir='ltr'><em>esse</em></span> <span class='ocrx_word' id='word_1_63' title='bbox 500 776 681 827; x_wconf 78' lang='lat' dir='ltr'><strong>adparet,</strong></span> <span class='ocrx_word' id='word_1_64' title='bbox 717 789 790 816; x_wconf 85' lang='lat' dir='ltr'><em>nec</em></span> <span class='ocrx_word' id='word_1_65' title='bbox 823 790 912 816; x_wconf 87' lang='lat' dir='ltr'><em>vero</em></span> <span class='ocrx_word' id='word_1_66' title='bbox 942 778 1071 817; x_wconf 86' lang='lat' dir='ltr'><em>minus</em></span> <span class='ocrx_word' id='word_1_67' title='bbox 1100 778 1237 817; x_wconf 88' lang='lat' dir='ltr'><em>eodem</em></span> <span class='ocrx_word' id='word_1_68' title='bbox 1268 779 1307 816; x_wconf 91' lang='lat' dir='ltr'><em>in</em></span> <span class='ocrx_word' id='word_1_69' title='bbox 1338 777 1424 817; x_wconf 88' lang='lat' dir='ltr'><em>loco</em></span> <span class='ocrx_word' id='word_1_70' title='bbox 1457 778 1551 817; x_wconf 91' lang='lat' dir='ltr'><em>illud</em></span> <span class='ocrx_word' id='word_1_71' title='bbox 1579 778 1724 816; x_wconf 77' lang='lat' dir='ltr'><em>dictum</em></span> 
     </span>
     <span class='ocr_line' id='line_1_9' title="bbox 201 843 756 894; baseline 0 -12"><span class='ocrx_word' id='word_1_72' title='bbox 201 843 320 882; x_wconf 87' lang='lat' dir='ltr'><em>fuisse</em></span> <span class='ocrx_word' id='word_1_73' title='bbox 351 847 467 894; x_wconf 85' lang='lat' dir='ltr'><em>atque</em></span> <span class='ocrx_word' id='word_1_74' title='bbox 498 843 656 894; x_wconf 84' lang='lat' dir='ltr'><em>Fragm.</em></span> <span class='ocrx_word' id='word_1_75' title='bbox 691 844 756 882; x_wconf 79' lang='lat'><em>52.</em></span> 
     </span>
    </p>
   </div>
   <div class='ocr_carea' id='block_1_6' title="bbox 199 944 1731 1741">
    <p class='ocr_par' dir='ltr' id='par_1_6' title="bbox 199 944 1731 1741">
     <span class='ocr_line' id='line_1_10' title="bbox 315 944 1727 998; baseline -0.001 -14"><span class='ocrx_word' id='word_1_76' title='bbox 315 945 368 984; x_wconf 82' lang='lat'><em>54</em></span> <span class='ocrx_word' id='word_1_77' title='bbox 403 944 481 998; x_wconf 87' lang='lat' dir='ltr'><strong>[Kr.</strong></span> <span class='ocrx_word' id='word_1_78' title='bbox 519 948 570 983; x_wconf 88' lang='grc'><em>13.</em></span> <span class='ocrx_word' id='word_1_79' title='bbox 611 948 648 983; x_wconf 90' lang='lat' dir='ltr'><em>G.</em></span> <span class='ocrx_word' id='word_1_80' title='bbox 682 944 758 998; x_wconf 75' lang='grc'><strong>83].</strong></span> <span class='ocrx_word' id='word_1_81' title='bbox 819 946 1043 998; x_wconf 84' lang='lat' dir='ltr'><em>Hieronym.</em></span> <span class='ocrx_word' id='word_1_82' title='bbox 1084 959 1223 985; x_wconf 86' lang='lat' dir='ltr'><em>conun.</em></span> <span class='ocrx_word' id='word_1_83' title='bbox 1266 947 1305 985; x_wconf 90' lang='lat' dir='ltr'><em>in</em></span> <span class='ocrx_word' id='word_1_84' title='bbox 1344 946 1438 985; x_wconf 85' lang='lat' dir='ltr'><em>Dan.</em></span> <span class='ocrx_word' id='word_1_85' title='bbox 1482 959 1514 985; x_wconf 84' lang='lat' dir='ltr'><em>c.</em></span> <span class='ocrx_word' id='word_1_86' title='bbox 1556 945 1580 985; x_wconf 89' lang='grc'>3</span> <span class='ocrx_word' id='word_1_87' title='bbox 1619 946 1663 986; x_wconf 91' lang='grc' dir='ltr'><em>Τ.</em></span> <span class='ocrx_word' id='word_1_88' title='bbox 1695 945 1727 983; x_wconf 88' lang='lat' dir='ltr'>V</span> 
     </span>
     <span class='ocr_line' id='line_1_11' title="bbox 199 1012 1731 1064; baseline 0.002 -14"><span class='ocrx_word' id='word_1_89' title='bbox 199 1025 236 1064; x_wconf 89' lang='lat' dir='ltr'><em>p.</em></span> <span class='ocrx_word' id='word_1_90' title='bbox 271 1013 345 1053; x_wconf 84' lang='grc'><em>641</em></span> <span class='ocrx_word' id='word_1_91' title='bbox 385 1013 445 1052; x_wconf 84' lang='lat' dir='ltr'><em>ed.</em></span> <span class='ocrx_word' id='word_1_92' title='bbox 479 1012 574 1051; x_wconf 86' lang='lat' dir='ltr'><em>Vall.</em></span> <span class='ocrx_word' id='word_1_93' title='bbox 606 1013 818 1053; x_wconf 82' lang='lat' dir='ltr'><em>Sallustius</em></span> <span class='ocrx_word' id='word_1_94' title='bbox 847 1015 984 1053; x_wconf 80' lang='lat' dir='ltr'><em>scribit</em></span> <span class='ocrx_word' id='word_1_95' title='bbox 1011 1017 1052 1054; x_wconf 87' lang='lat' dir='ltr'><em>in</em></span> <span class='ocrx_word' id='word_1_96' title='bbox 1082 1015 1283 1059; x_wconf 87' lang='lat' dir='ltr'><em>Historiis,</em></span> <span class='ocrx_word' id='word_1_97' title='bbox 1327 1016 1434 1063; x_wconf 83' lang='lat' dir='ltr'><em>quod</em></span> <span class='ocrx_word' id='word_1_98' title='bbox 1461 1015 1641 1064; x_wconf 75' lang='lat' dir='ltr'><em>naphtha</em></span> <span class='ocrx_word' id='word_1_99' title='bbox 1679 1015 1731 1053; x_wconf 77' lang='lat' dir='ltr'><em>sit</em></span> 
     </span>
     <span class='ocr_line' id='line_1_12' title="bbox 199 1081 1729 1131; baseline 0 -11"><span class='ocrx_word' id='word_1_100' title='bbox 199 1093 325 1130; x_wconf 71' lang='lat' dir='ltr'><em>yenus</em></span> <span class='ocrx_word' id='word_1_101' title='bbox 346 1081 498 1129; x_wconf 84' lang='lat' dir='ltr'><em>fomitis</em></span> <span class='ocrx_word' id='word_1_102' title='bbox 527 1081 641 1130; x_wconf 81' lang='lat' dir='ltr'><em>apud</em></span> <span class='ocrx_word' id='word_1_103' title='bbox 666 1082 832 1131; x_wconf 83' lang='lat' dir='ltr'><em>Persas,</em></span> <span class='ocrx_word' id='word_1_104' title='bbox 864 1093 940 1131; x_wconf 84' lang='lat' dir='ltr'><em>quo</em></span> <span class='ocrx_word' id='word_1_105' title='bbox 977 1085 1037 1121; x_wconf 85' lang='lat' dir='ltr'><em>vel</em></span> <span class='ocrx_word' id='word_1_106' title='bbox 1064 1085 1239 1131; x_wconf 70' lang='lat' dir='ltr'><em>maxime</em></span> <span class='ocrx_word' id='word_1_107' title='bbox 1269 1084 1500 1121; x_wconf 83' lang='lat' dir='ltr'><em>nutriantur</em></span> <span class='ocrx_word' id='word_1_108' title='bbox 1530 1082 1729 1121; x_wconf 81' lang='lat' dir='ltr'><em>incendia.</em></span> 
     </span>
     <span class='ocr_line' id='line_1_13' title="bbox 202 1147 1728 1200; baseline 0.001 -13"><span class='ocrx_word' id='word_1_109' title='bbox 202 1148 319 1187; x_wconf 87' lang='lat' dir='ltr'><em>Proh.</em></span> <span class='ocrx_word' id='word_1_110' title='bbox 361 1160 398 1199; x_wconf 88' lang='lat' dir='ltr'><em>p.</em></span> <span class='ocrx_word' id='word_1_111' title='bbox 444 1147 541 1187; x_wconf 77' lang='lat'>123:</span> <span class='ocrx_word' id='word_1_112' title='bbox 593 1148 720 1188; x_wconf 87' lang='lat' dir='ltr'><em>Unum</em></span> <span class='ocrx_word' id='word_1_113' title='bbox 760 1151 893 1189; x_wconf 83' lang='lat' dir='ltr'><em>inveni</em></span> <span class='ocrx_word' id='word_1_114' title='bbox 920 1151 1137 1190; x_wconf 81' lang='lat' dir='ltr'><em>barbarum</em></span> <span class='ocrx_word' id='word_1_115' title='bbox 1171 1155 1434 1200; x_wconf 78' lang='lat' dir='ltr'><em>monoptotum</em></span> <span class='ocrx_word' id='word_1_116' title='bbox 1475 1150 1728 1199; x_wconf 57' lang='lat' dir='ltr'><em>‘naplithasss</em></span> 
     </span>
     <span class='ocr_line' id='line_1_14' title="bbox 202 1217 1729 1268; baseline 0.001 -13"><span class='ocrx_word' id='word_1_117' title='bbox 202 1217 413 1255; x_wconf 87' lang='lat' dir='ltr'><em>Sallustius</em></span> <span class='ocrx_word' id='word_1_118' title='bbox 436 1218 587 1265; x_wconf 83' lang='lat' dir='ltr'><em>posuit,</em></span> <span class='ocrx_word' id='word_1_119' title='bbox 620 1221 657 1256; x_wconf 89' lang='lat' dir='ltr'><em>et</em></span> <span class='ocrx_word' id='word_1_120' title='bbox 686 1229 723 1267; x_wconf 88' lang='lat' dir='ltr'><em>p.</em></span> <span class='ocrx_word' id='word_1_121' title='bbox 762 1217 858 1257; x_wconf 87' lang='lat'>130:</span> <span class='ocrx_word' id='word_1_122' title='bbox 897 1222 935 1257; x_wconf 80' lang='lat' dir='ltr'><em>et</em></span> <span class='ocrx_word' id='word_1_123' title='bbox 963 1219 1060 1257; x_wconf 74' lang='lat' dir='ltr'><em>elioc</em></span> <span class='ocrx_word' id='word_1_124' title='bbox 1090 1219 1309 1267; x_wconf 62' lang='lat' dir='ltr'><em>naphtam,</em></span> <span class='ocrx_word' id='word_1_125' title='bbox 1350 1219 1467 1257; x_wconf 77' lang='lat' dir='ltr'><em>liuius</em></span> <span class='ocrx_word' id='word_1_126' title='bbox 1497 1217 1729 1268; x_wconf 60' lang='lat' dir='ltr'><em>naphthae?</em></span> 
     </span>
     <span class='ocr_line' id='line_1_15' title="bbox 199 1284 1729 1334; baseline 0 -12"><span class='ocrx_word' id='word_1_127' title='bbox 199 1295 326 1333; x_wconf 71' lang='lat' dir='ltr'><em>qenus</em></span> <span class='ocrx_word' id='word_1_128' title='bbox 351 1285 428 1323; x_wconf 84' lang='lat' dir='ltr'><em>olei</em></span> <span class='ocrx_word' id='word_1_129' title='bbox 451 1284 574 1322; x_wconf 80' lang='lat' dir='ltr'><em>cedro</em></span> <span class='ocrx_word' id='word_1_130' title='bbox 603 1286 745 1333; x_wconf 87' lang='lat' dir='ltr'><em>simile,</em></span> <span class='ocrx_word' id='word_1_131' title='bbox 784 1287 888 1324; x_wconf 86' lang='lat' dir='ltr'><em>sicut</em></span> <span class='ocrx_word' id='word_1_132' title='bbox 911 1285 1121 1324; x_wconf 81' lang='lat' dir='ltr'><em>Sallustius</em></span> <span class='ocrx_word' id='word_1_133' title='bbox 1150 1286 1419 1324; x_wconf 86' lang='lat' dir='ltr'><em>Historiarum</em></span> <span class='ocrx_word' id='word_1_134' title='bbox 1447 1286 1548 1324; x_wconf 86' lang='lat' dir='ltr'><em>libro</em></span> <span class='ocrx_word' id='word_1_135' title='bbox 1576 1289 1729 1334; x_wconf 75' lang='lat' dir='ltr'><em>quarto.</em></span> 
     </span>
     <span class='ocr_line' id='line_1_16' title="bbox 203 1351 1730 1404; baseline 0 -14"><span class='ocrx_word' id='word_1_136' title='bbox 203 1351 286 1390; x_wconf 89' lang='lat' dir='ltr'><em>Sed</em></span> <span class='ocrx_word' id='word_1_137' title='bbox 311 1353 450 1390; x_wconf 87' lang='lat' dir='ltr'><em>melius</em></span> <span class='ocrx_word' id='word_1_138' title='bbox 482 1353 560 1390; x_wconf 87' lang='lat' dir='ltr'><em>erit</em></span> <span class='ocrx_word' id='word_1_139' title='bbox 594 1353 884 1392; x_wconf 79' lang='lat' dir='ltr'><em>indeclinabile.</em></span> <span class='ocrx_word' id='word_1_140' title='bbox 943 1352 1001 1392; x_wconf 88' lang='lat' dir='ltr'><em>Ex</em></span> <span class='ocrx_word' id='word_1_141' title='bbox 1031 1352 1173 1404; x_wconf 89' lang='lat' dir='ltr'><em>quibus</em></span> <span class='ocrx_word' id='word_1_142' title='bbox 1209 1353 1438 1392; x_wconf 82' lang='lat' dir='ltr'><em>testimoniis</em></span> <span class='ocrx_word' id='word_1_143' title='bbox 1478 1353 1730 1404; x_wconf 81' lang='lat' dir='ltr'><em>perspicuum</em></span> 
     </span>
     <span class='ocr_line' id='line_1_17' title="bbox 205 1418 1730 1472; baseline -0.001 -14"><span class='ocrx_word' id='word_1_144' title='bbox 205 1423 264 1458; x_wconf 86' lang='lat' dir='ltr'><em>est</em></span> <span class='ocrx_word' id='word_1_145' title='bbox 294 1418 518 1458; x_wconf 69' lang='lat' dir='ltr'><em>Sallustium</em></span> <span class='ocrx_word' id='word_1_146' title='bbox 550 1431 629 1457; x_wconf 90' lang='lat' dir='ltr'><em>non</em></span> <span class='ocrx_word' id='word_1_147' title='bbox 659 1419 1089 1472; x_wconf 83' lang='lat' dir='ltr'><em>simpliciter-naphtha</em></span> <span class='ocrx_word' id='word_1_148' title='bbox 1121 1421 1496 1466; x_wconf 84' lang='lat' dir='ltr'><em>conmemoravisse,</em></span> <span class='ocrx_word' id='word_1_149' title='bbox 1528 1423 1586 1460; x_wconf 84' lang='lat' dir='ltr'><em>set</em></span> <span class='ocrx_word' id='word_1_150' title='bbox 1615 1419 1730 1458; x_wconf 86' lang='lat' dir='ltr'><em>etiam</em></span> 
     </span>
     <span class='ocr_line' id='line_1_18' title="bbox 206 1485 1730 1540; baseline -0.001 -15"><span class='ocrx_word' id='word_1_151' title='bbox 206 1487 253 1526; x_wconf 88' lang='lat' dir='ltr'><em>de</em></span> <span class='ocrx_word' id='word_1_152' title='bbox 282 1487 365 1526; x_wconf 88' lang='lat' dir='ltr'><em>eius</em></span> <span class='ocrx_word' id='word_1_153' title='bbox 393 1490 532 1525; x_wconf 84' lang='lat' dir='ltr'><em>natura</em></span> <span class='ocrx_word' id='word_1_154' title='bbox 564 1488 810 1538; x_wconf 81' lang='lat' dir='ltr'><em>exposuisse,</em></span> <span class='ocrx_word' id='word_1_155' title='bbox 848 1501 965 1540; x_wconf 89' lang='lat' dir='ltr'><em>quam</em></span> <span class='ocrx_word' id='word_1_156' title='bbox 996 1488 1045 1527; x_wconf 88' lang='lat' dir='ltr'><em>ob</em></span> <span class='ocrx_word' id='word_1_157' title='bbox 1077 1500 1253 1527; x_wconf 76' lang='lat' dir='ltr'><em>caussam</em></span> <span class='ocrx_word' id='word_1_158' title='bbox 1286 1500 1364 1526; x_wconf 88' lang='lat' dir='ltr'><em>non</em></span> <span class='ocrx_word' id='word_1_159' title='bbox 1401 1493 1478 1526; x_wconf 85' lang='lat' dir='ltr'><em>tam</em></span> <span class='ocrx_word' id='word_1_160' title='bbox 1511 1485 1730 1538; x_wconf 77' lang='lat' dir='ltr'><strong>praefracte</strong></span> 
     </span>
     <span class='ocr_line' id='line_1_19' title="bbox 206 1553 1731 1606; baseline -0.001 -13"><span class='ocrx_word' id='word_1_161' title='bbox 206 1554 430 1605; x_wconf 84' lang='lat' dir='ltr'><em>negandum</em></span> <span class='ocrx_word' id='word_1_162' title='bbox 464 1559 522 1593; x_wconf 88' lang='lat' dir='ltr'><em>est</em></span> <span class='ocrx_word' id='word_1_163' title='bbox 551 1554 672 1594; x_wconf 84' lang='lat' dir='ltr'><em>verba</em></span> <span class='ocrx_word' id='word_1_164' title='bbox 694 1567 754 1606; x_wconf 85' lang='lat' dir='ltr'><em>ap.</em></span> <span class='ocrx_word' id='word_1_165' title='bbox 781 1555 899 1595; x_wconf 82' lang='lat' dir='ltr'><em>Proh.</em></span> <span class='ocrx_word' id='word_1_166' title='bbox 923 1568 1048 1605; x_wconf 63' lang='lat' dir='ltr'><em>oenus</em></span> <span class='ocrx_word' id='word_1_167' title='bbox 1069 1559 1146 1596; x_wconf 90' lang='lat' dir='ltr'><em>olei</em></span> <span class='ocrx_word' id='word_1_168' title='bbox 1172 1558 1295 1596; x_wconf 85' lang='lat' dir='ltr'><em>cedro</em></span> <span class='ocrx_word' id='word_1_169' title='bbox 1321 1558 1446 1595; x_wconf 84' lang='lat' dir='ltr'><em>simile</em></span> <span class='ocrx_word' id='word_1_170' title='bbox 1473 1554 1523 1593; x_wconf 81' lang='lat' dir='ltr'><em>ab</em></span> <span class='ocrx_word' id='word_1_171' title='bbox 1549 1553 1731 1593; x_wconf 74' lang='lat' dir='ltr'><em>Sallustio</em></span> 
     </span>
     <span class='ocr_line' id='line_1_20' title="bbox 206 1623 1731 1673; baseline -0.002 -11"><span class='ocrx_word' id='word_1_172' title='bbox 206 1627 358 1673; x_wconf 86' lang='lat' dir='ltr'><em>sumpta</em></span> <span class='ocrx_word' id='word_1_173' title='bbox 399 1634 496 1661; x_wconf 86' lang='lat' dir='ltr'><em>esse.</em></span> <span class='ocrx_word' id='word_1_174' title='bbox 559 1623 741 1662; x_wconf 84' lang='lat' dir='ltr'><em>Ceterum</em></span> <span class='ocrx_word' id='word_1_175' title='bbox 779 1636 868 1662; x_wconf 85' lang='lat' dir='ltr'><em>cum</em></span> <span class='ocrx_word' id='word_1_176' title='bbox 907 1627 1077 1668; x_wconf 86' lang='lat' dir='ltr'><em>constet,</em></span> <span class='ocrx_word' id='word_1_177' title='bbox 1124 1624 1373 1668; x_wconf 86' lang='lat' dir='ltr'><em>Mancaeum,</em></span> <span class='ocrx_word' id='word_1_178' title='bbox 1427 1623 1731 1672; x_wconf 77' lang='lat' dir='ltr'><em>Tigranocertae</em></span> 
     </span>
     <span class='ocr_line' id='line_1_21' title="bbox 206 1679 1731 1741; baseline -0.001 -13"><span class='ocrx_word' id='word_1_179' title='bbox 206 1679 472 1740; x_wconf 84' lang='lat' dir='ltr'><em>praefectum,</em></span> <span class='ocrx_word' id='word_1_180' title='bbox 515 1691 686 1741; x_wconf 83' lang='lat' dir='ltr'><em>naphtha</em></span> <span class='ocrx_word' id='word_1_181' title='bbox 715 1690 983 1731; x_wconf 89' lang='lat' dir='ltr'><em>Romanorum</em></span> <span class='ocrx_word' id='word_1_182' title='bbox 1014 1692 1215 1731; x_wconf 85' lang='lat' dir='ltr'><em>machinas</em></span> <span class='ocrx_word' id='word_1_183' title='bbox 1253 1691 1471 1730; x_wconf 81' lang='lat' dir='ltr'><em>incendisse</em></span> <span class='ocrx_word' id='word_1_184' title='bbox 1504 1689 1650 1741; x_wconf 82' lang='lat' dir='ltr'><em>(Drum.</em></span> <span class='ocrx_word' id='word_1_185' title='bbox 1682 1688 1731 1727; x_wconf 89' lang='lat' dir='ltr'><em>lv</em></span> 
     </span>
    </p>
   </div>
   <div class='ocr_carea' id='block_1_7' title="bbox 207 1756 1732 1876">
    <p class='ocr_par' dir='ltr' id='par_1_7' title="bbox 207 1756 1732 1876">
     <span class='ocr_line' id='line_1_22' title="bbox 207 1756 1732 1811; baseline -0.001 -15"><span class='ocrx_word' id='word_1_186' title='bbox 207 1769 245 1809; x_wconf 85' lang='lat' dir='ltr'><em>p.</em></span> <span class='ocrx_word' id='word_1_187' title='bbox 282 1757 379 1802; x_wconf 84' lang='grc'><strong>146,</strong></span> <span class='ocrx_word' id='word_1_188' title='bbox 413 1757 478 1796; x_wconf 85' lang='grc'><em>37.</em></span> <span class='ocrx_word' id='word_1_189' title='bbox 520 1758 698 1797; x_wconf 86' lang='lat' dir='ltr'><em>Momms.</em></span> <span class='ocrx_word' id='word_1_190' title='bbox 731 1758 782 1797; x_wconf 85' lang='grc' dir='ltr'><em>ΙΙΙ</em></span> <span class='ocrx_word' id='word_1_191' title='bbox 812 1771 848 1810; x_wconf 92' lang='lat' dir='ltr'><em>p.</em></span> <span class='ocrx_word' id='word_1_192' title='bbox 881 1759 968 1811; x_wconf 69' lang='lat'>60),</span> <span class='ocrx_word' id='word_1_193' title='bbox 1010 1764 1117 1799; x_wconf 84' lang='lat' dir='ltr'><em>certe</em></span> <span class='ocrx_word' id='word_1_194' title='bbox 1145 1772 1222 1811; x_wconf 91' lang='lat' dir='ltr'><em>quo</em></span> <span class='ocrx_word' id='word_1_195' title='bbox 1255 1759 1343 1798; x_wconf 87' lang='lat' dir='ltr'><em>loco</em></span> <span class='ocrx_word' id='word_1_196' title='bbox 1373 1758 1422 1797; x_wconf 87' lang='lat' dir='ltr'><em>de</em></span> <span class='ocrx_word' id='word_1_197' title='bbox 1453 1770 1500 1797; x_wconf 90' lang='lat' dir='ltr'><em>eo</em></span> <span class='ocrx_word' id='word_1_198' title='bbox 1526 1756 1732 1796; x_wconf 77' lang='lat' dir='ltr'><em>Sallustius</em></span> 
     </span>
     <span class='ocr_line' id='line_1_23' title="bbox 208 1826 920 1876; baseline 0.003 -13"><span class='ocrx_word' id='word_1_199' title='bbox 208 1826 339 1864; x_wconf 82' lang='lat' dir='ltr'><em>dicere</em></span> <span class='ocrx_word' id='word_1_200' title='bbox 370 1827 540 1876; x_wconf 86' lang='lat' dir='ltr'><em>potuerit</em></span> <span class='ocrx_word' id='word_1_201' title='bbox 571 1838 650 1865; x_wconf 91' lang='lat' dir='ltr'><em>non</em></span> <span class='ocrx_word' id='word_1_202' title='bbox 681 1827 920 1876; x_wconf 80' lang='lat' dir='ltr'><em>ignoramus.</em></span> 
     </span>
    </p>
   </div>
   <div class='ocr_carea' id='block_1_8' title="bbox 323 1927 1560 1980">
    <p class='ocr_par' dir='ltr' id='par_1_8' title="bbox 323 1927 1560 1980">
     <span class='ocr_line' id='line_1_24' title="bbox 323 1927 1560 1980; baseline -0.001 -14"><span class='ocrx_word' id='word_1_203' title='bbox 323 1929 374 1966; x_wconf 85' lang='lat'><em>55</em></span> <span class='ocrx_word' id='word_1_204' title='bbox 408 1927 488 1979; x_wconf 69' lang='grc' dir='ltr'><strong>[ΚΓ.</strong></span> <span class='ocrx_word' id='word_1_205' title='bbox 513 1933 563 1965; x_wconf 84' lang='grc'><em>14.</em></span> <span class='ocrx_word' id='word_1_206' title='bbox 608 1930 646 1966; x_wconf 88' lang='lat' dir='ltr'><em>G.</em></span> <span class='ocrx_word' id='word_1_207' title='bbox 670 1927 745 1980; x_wconf 84' lang='lat'><strong>37].</strong></span> <span class='ocrx_word' id='word_1_208' title='bbox 808 1929 939 1968; x_wconf 83' lang='lat' dir='ltr'><em>Scalas</em></span> <span class='ocrx_word' id='word_1_209' title='bbox 970 1940 1087 1980; x_wconf 84' lang='lat' dir='ltr'><em>pares</em></span> <span class='ocrx_word' id='word_1_210' title='bbox 1117 1929 1314 1967; x_wconf 87' lang='lat' dir='ltr'><em>moenium</em></span> <span class='ocrx_word' id='word_1_211' title='bbox 1349 1927 1560 1967; x_wconf 81' lang='lat' dir='ltr'><em>altitudine.</em></span> 
     </span>
    </p>
   </div>
   <div class='ocr_carea' id='block_1_9' title="bbox 208 2002 1758 2229">
    <p class='ocr_par' dir='ltr' id='par_1_9' title="bbox 208 2002 1758 2229">
     <span class='ocr_line' id='line_1_25' title="bbox 320 2002 1730 2049; baseline -0.002 -11"><span class='ocrx_word' id='word_1_212' title='bbox 320 2006 425 2039; x_wconf 89' lang='lat' dir='ltr'><em>Arus.</em></span> <span class='ocrx_word' id='word_1_213' title='bbox 451 2017 486 2048; x_wconf 90' lang='lat' dir='ltr'><em>p.</em></span> <span class='ocrx_word' id='word_1_214' title='bbox 514 2006 598 2039; x_wconf 80' lang='lat'>253:</span> <span class='ocrx_word' id='word_1_215' title='bbox 631 2018 699 2049; x_wconf 84' lang='lat' dir='ltr'><em>par</em></span> <span class='ocrx_word' id='word_1_216' title='bbox 721 2008 785 2040; x_wconf 80' lang='lat' dir='ltr'><em>hac</em></span> <span class='ocrx_word' id='word_1_217' title='bbox 808 2018 858 2039; x_wconf 84' lang='lat' dir='ltr'><em>re.</em></span> <span class='ocrx_word' id='word_1_218' title='bbox 907 2008 1046 2039; x_wconf 86' lang='lat' dir='ltr'><em>Eodem</em></span> <span class='ocrx_word' id='word_1_219' title='bbox 1070 2007 1173 2039; x_wconf 87' lang='lat' dir='ltr'><em>modo</em></span> <span class='ocrx_word' id='word_1_220' title='bbox 1199 2006 1289 2038; x_wconf 84' lang='lat' dir='ltr'><em>dixit</em></span> <span class='ocrx_word' id='word_1_221' title='bbox 1314 2005 1419 2039; x_wconf 88' lang='lat' dir='ltr'><strong>Ovid.</strong></span> <span class='ocrx_word' id='word_1_222' title='bbox 1447 2006 1549 2037; x_wconf 80' lang='lat' dir='ltr'><em>Fast.</em></span> <span class='ocrx_word' id='word_1_223' title='bbox 1574 2004 1625 2036; x_wconf 93' lang='lat' dir='ltr'><em>VI</em></span> <span class='ocrx_word' id='word_1_224' title='bbox 1647 2002 1730 2036; x_wconf 82' lang='lat'>804:</span> 
     </span>
     <span class='ocr_line' id='line_1_26' title="bbox 208 2047 1732 2094; baseline -0.002 -11"><span class='ocrx_word' id='word_1_225' title='bbox 208 2053 242 2083; x_wconf 83' lang='lat' dir='ltr'><em>in</em></span> <span class='ocrx_word' id='word_1_226' title='bbox 267 2062 333 2094; x_wconf 86' lang='lat' dir='ltr'><em>qua</em></span> <span class='ocrx_word' id='word_1_227' title='bbox 356 2062 423 2093; x_wconf 83' lang='lat' dir='ltr'><em>par</em></span> <span class='ocrx_word' id='word_1_228' title='bbox 449 2052 560 2092; x_wconf 80' lang='lat' dir='ltr'><em>facies</em></span> <span class='ocrx_word' id='word_1_229' title='bbox 592 2052 765 2084; x_wconf 81' lang='lat' dir='ltr'><em>nobilitate</em></span> <span class='ocrx_word' id='word_1_230' title='bbox 790 2063 870 2088; x_wconf 62' lang='lat' dir='ltr'><em>sucu</em></span> <span class='ocrx_word' id='word_1_231' title='bbox 901 2055 958 2084; x_wconf 83' lang='lat' dir='ltr'><em>set</em></span> <span class='ocrx_word' id='word_1_232' title='bbox 990 2052 1127 2083; x_wconf 86' lang='lat' dir='ltr'><em>frustra</em></span> <span class='ocrx_word' id='word_1_233' title='bbox 1156 2052 1187 2082; x_wconf 86' lang='lat' dir='ltr'><em>is</em></span> <span class='ocrx_word' id='word_1_234' title='bbox 1219 2061 1305 2084; x_wconf 86' lang='lat' dir='ltr'><em>usus</em></span> <span class='ocrx_word' id='word_1_235' title='bbox 1339 2050 1494 2083; x_wconf 85' lang='lat' dir='ltr'><em>ablativi</em></span> <span class='ocrx_word' id='word_1_236' title='bbox 1526 2047 1732 2085; x_wconf 79' lang='lat' dir='ltr'><em>artificiosis</em></span> 
     </span>
     <span class='ocr_line' id='line_1_27' title="bbox 208 2094 1758 2138; baseline -0.002 -10"><span class='ocrx_word' id='word_1_237' title='bbox 208 2096 410 2128; x_wconf 81' lang='lat' dir='ltr'><em>rationibus</em></span> <span class='ocrx_word' id='word_1_238' title='bbox 437 2096 641 2138; x_wconf 80' lang='lat' dir='ltr'><em>explicatur</em></span> <span class='ocrx_word' id='word_1_239' title='bbox 667 2099 702 2128; x_wconf 86' lang='lat' dir='ltr'><em>et</em></span> <span class='ocrx_word' id='word_1_240' title='bbox 726 2097 893 2135; x_wconf 87' lang='lat' dir='ltr'><em>munitur,</em></span> <span class='ocrx_word' id='word_1_241' title='bbox 921 2107 1001 2128; x_wconf 85' lang='lat' dir='ltr'><em>cum</em></span> <span class='ocrx_word' id='word_1_242' title='bbox 1027 2097 1116 2128; x_wconf 87' lang='lat' dir='ltr'><em>satis</em></span> <span class='ocrx_word' id='word_1_243' title='bbox 1142 2099 1285 2128; x_wconf 80' lang='lat' dir='ltr'><em>constet</em></span> <span class='ocrx_word' id='word_1_244' title='bbox 1310 2106 1390 2127; x_wconf 86' lang='lat' dir='ltr'><em>esse</em></span> <span class='ocrx_word' id='word_1_245' title='bbox 1417 2106 1462 2127; x_wconf 87' lang='lat' dir='ltr'><em>ea</em></span> <span class='ocrx_word' id='word_1_246' title='bbox 1485 2094 1645 2137; x_wconf 82' lang='lat' dir='ltr'><em>vestigia</em></span> <span class='ocrx_word' id='word_1_247' title='bbox 1670 2103 1733 2125; x_wconf 77' lang='lat' dir='ltr'><em>an·</em></span> <span class='ocrx_word' id='word_1_248' title='bbox 1754 2114 1758 2116; x_wconf 61' lang='lat'><em>&gt;</em></span> 
     </span>
     <span class='ocr_line' id='line_1_28' title="bbox 208 2138 1730 2184; baseline -0.001 -13"><span class='ocrx_word' id='word_1_249' title='bbox 208 2141 332 2183; x_wconf 81' lang='lat' dir='ltr'><em>tiquae</em></span> <span class='ocrx_word' id='word_1_250' title='bbox 359 2141 474 2173; x_wconf 86' lang='lat' dir='ltr'><em>dativi</em></span> <span class='ocrx_word' id='word_1_251' title='bbox 500 2141 638 2173; x_wconf 86' lang='lat' dir='ltr'><em>formae</em></span> <span class='ocrx_word' id='word_1_252' title='bbox 664 2142 701 2173; x_wconf 92' lang='lat' dir='ltr'><em>in</em></span> <span class='ocrx_word' id='word_1_253' title='bbox 726 2152 762 2182; x_wconf 85' lang='lat' dir='ltr'><em>e;</em></span> <span class='ocrx_word' id='word_1_254' title='bbox 789 2142 855 2174; x_wconf 86' lang='lat' dir='ltr'><em>cfr.</em></span> <span class='ocrx_word' id='word_1_255' title='bbox 883 2142 996 2184; x_wconf 83' lang='lat' dir='ltr'><em>Kriig.</em></span> <span class='ocrx_word' id='word_1_256' title='bbox 1023 2152 1076 2183; x_wconf 87' lang='lat' dir='ltr'><em>gr.</em></span> <span class='ocrx_word' id='word_1_257' title='bbox 1103 2141 1166 2173; x_wconf 86' lang='lat' dir='ltr'><em>lat.</em></span> <span class='ocrx_word' id='word_1_258' title='bbox 1194 2142 1213 2180; x_wconf 64' lang='grc' dir='ltr'><strong>ἓ</strong></span> <span class='ocrx_word' id='word_1_259' title='bbox 1235 2140 1309 2182; x_wconf 82' lang='grc'><strong>195,</strong></span> <span class='ocrx_word' id='word_1_260' title='bbox 1330 2141 1346 2172; x_wconf 96' lang='grc'><em>1</em></span> <span class='ocrx_word' id='word_1_261' title='bbox 1366 2152 1400 2183; x_wconf 87' lang='lat' dir='ltr'><em>p.</em></span> <span class='ocrx_word' id='word_1_262' title='bbox 1419 2139 1497 2172; x_wconf 84' lang='lat'><strong>200.</strong></span> <span class='ocrx_word' id='word_1_263' title='bbox 1523 2138 1730 2172; x_wconf 78' lang='lat' dir='ltr'><em>Weissenb.</em></span> 
     </span>
     <span class='ocr_line' id='line_1_29' title="bbox 211 2182 1732 2229; baseline -0.001 -12"><span class='ocrx_word' id='word_1_264' title='bbox 211 2197 263 2227; x_wconf 86' lang='lat' dir='ltr'><em>gr.</em></span> <span class='ocrx_word' id='word_1_265' title='bbox 290 2186 354 2217; x_wconf 83' lang='lat' dir='ltr'><em>lat.</em></span> <span class='ocrx_word' id='word_1_266' title='bbox 381 2187 400 2224; x_wconf 69' lang='grc' dir='ltr'>ξ</span> <span class='ocrx_word' id='word_1_267' title='bbox 424 2184 479 2224; x_wconf 88' lang='grc'><em>96,</em></span> <span class='ocrx_word' id='word_1_268' title='bbox 506 2182 526 2217; x_wconf 80' lang='lat'>5</span> <span class='ocrx_word' id='word_1_269' title='bbox 552 2197 585 2227; x_wconf 90' lang='lat' dir='ltr'><em>p.</em></span> <span class='ocrx_word' id='word_1_270' title='bbox 612 2185 667 2218; x_wconf 79' lang='grc'><strong>94.</strong></span> <span class='ocrx_word' id='word_1_271' title='bbox 707 2186 826 2218; x_wconf 87' lang='lat' dir='ltr'><em>Krebs</em></span> <span class='ocrx_word' id='word_1_272' title='bbox 851 2197 904 2229; x_wconf 83' lang='lat' dir='ltr'><em>gr.</em></span> <span class='ocrx_word' id='word_1_273' title='bbox 930 2187 995 2218; x_wconf 83' lang='lat' dir='ltr'><em>lat.</em></span> <span class='ocrx_word' id='word_1_274' title='bbox 1022 2187 1041 2225; x_wconf 65' lang='grc' dir='ltr'><em>ξ</em></span> <span class='ocrx_word' id='word_1_275' title='bbox 1067 2185 1110 2219; x_wconf 87' lang='grc'><em>36</em></span> <span class='ocrx_word' id='word_1_276' title='bbox 1142 2186 1224 2218; x_wconf 84' lang='lat' dir='ltr'><em>adn.</em></span> <span class='ocrx_word' id='word_1_277' title='bbox 1253 2185 1270 2217; x_wconf 95' lang='lat'>1</span> <span class='ocrx_word' id='word_1_278' title='bbox 1297 2197 1331 2228; x_wconf 88' lang='lat' dir='ltr'><em>p.</em></span> <span class='ocrx_word' id='word_1_279' title='bbox 1359 2185 1412 2218; x_wconf 88' lang='lat'><em>31.</em></span> <span class='ocrx_word' id='word_1_280' title='bbox 1462 2185 1518 2217; x_wconf 85' lang='lat' dir='ltr'><em>De</em></span> <span class='ocrx_word' id='word_1_281' title='bbox 1544 2184 1732 2227; x_wconf 80' lang='lat' dir='ltr'><em>obpugna-</em></span> 
     </span>
    </p>
   </div>
   <div class='ocr_carea' id='block_1_10' title="bbox 210 2229 1733 2318">
    <p class='ocr_par' dir='ltr' id='par_1_10' title="bbox 210 2229 1733 2318">
     <span class='ocr_line' id='line_1_30' title="bbox 210 2229 1733 2307; baseline -0.001 -45"><span class='ocrx_word' id='word_1_282' title='bbox 210 2231 307 2306; x_wconf 43' lang='lat' dir='ltr'><em>tione</em></span> <span class='ocrx_word' id='word_1_283' title='bbox 333 2230 622 2307; x_wconf 44' lang='lat' dir='ltr'><em>Tiffranocertae</em></span> <span class='ocrx_word' id='word_1_284' title='bbox 647 2231 706 2263; x_wconf 87' lang='lat' dir='ltr'><em>vel</em></span> <span class='ocrx_word' id='word_1_285' title='bbox 733 2231 826 2263; x_wconf 87' lang='lat' dir='ltr'><em>alius</em></span> <span class='ocrx_word' id='word_1_286' title='bbox 851 2232 975 2274; x_wconf 86' lang='lat' dir='ltr'><em>oppidi</em></span> <span class='ocrx_word' id='word_1_287' title='bbox 1001 2232 1047 2264; x_wconf 87' lang='lat' dir='ltr'><em>ab</em></span> <span class='ocrx_word' id='word_1_288' title='bbox 1073 2231 1217 2263; x_wconf 84' lang='lat' dir='ltr'><em>Luculli</em></span> <span class='ocrx_word' id='word_1_289' title='bbox 1243 2231 1407 2263; x_wconf 85' lang='lat' dir='ltr'><em>exercitu</em></span> <span class='ocrx_word' id='word_1_290' title='bbox 1431 2230 1573 2262; x_wconf 83' lang='lat' dir='ltr'><em>obsessi</em></span> <span class='ocrx_word' id='word_1_291' title='bbox 1597 2229 1733 2261; x_wconf 82' lang='lat' dir='ltr'><em>dietum</em></span> 
     </span>
     <span class='ocr_line' id='line_1_31' title="bbox 227 2276 514 2318; baseline 0 -11"><span class='ocrx_word' id='word_1_292' title='bbox 227 2276 323 2307; x_wconf 86' lang='lat' dir='ltr'><em>uisse</em></span> <span class='ocrx_word' id='word_1_293' title='bbox 350 2286 371 2307; x_wconf 84' lang='lat' dir='ltr'><em>a</em></span> <span class='ocrx_word' id='word_1_294' title='bbox 397 2278 514 2318; x_wconf 83' lang='lat' dir='ltr'><em>paret.</em></span> 
     </span>
    </p>
   </div>
   <div class='ocr_carea' id='block_1_11' title="bbox 211 2363 1734 2485">
    <p class='ocr_par' dir='ltr' id='par_1_11' title="bbox 211 2363 1734 2485">
     <span class='ocr_line' id='line_1_32' title="bbox 326 2363 1734 2418; baseline -0.001 -15"><span class='ocrx_word' id='word_1_295' title='bbox 326 2365 378 2404; x_wconf 85' lang='lat'><em>56</em></span> <span class='ocrx_word' id='word_1_296' title='bbox 412 2365 491 2418; x_wconf 82' lang='lat' dir='ltr'><strong>[Kr.</strong></span> <span class='ocrx_word' id='word_1_297' title='bbox 521 2371 571 2404; x_wconf 78' lang='lat'><em>15.</em></span> <span class='ocrx_word' id='word_1_298' title='bbox 598 2368 636 2404; x_wconf 88' lang='lat' dir='ltr'><em>G.</em></span> <span class='ocrx_word' id='word_1_299' title='bbox 660 2365 736 2418; x_wconf 79' lang='grc'><strong>69].</strong></span> <span class='ocrx_word' id='word_1_300' title='bbox 792 2367 950 2407; x_wconf 83' lang='lat' dir='ltr'><em>Pluteos</em></span> <span class='ocrx_word' id='word_1_301' title='bbox 977 2368 1164 2407; x_wconf 87' lang='lat' dir='ltr'><em>rescindit</em></span> <span class='ocrx_word' id='word_1_302' title='bbox 1191 2380 1235 2406; x_wconf 89' lang='lat' dir='ltr'><em>ac</em></span> <span class='ocrx_word' id='word_1_303' title='bbox 1261 2367 1497 2406; x_wconf 84' lang='lat' dir='ltr'><em>munitiones</em></span> <span class='ocrx_word' id='word_1_304' title='bbox 1525 2363 1734 2404; x_wconf 84' lang='lat' dir='ltr'><em>demolitur</em></span> 
     </span>
     <span class='ocr_line' id='line_1_33' title="bbox 211 2432 745 2485; baseline 0 -13"><span class='ocrx_word' id='word_1_305' title='bbox 211 2432 376 2485; x_wconf 86' lang='lat' dir='ltr'><em>locoque</em></span> <span class='ocrx_word' id='word_1_306' title='bbox 407 2445 560 2472; x_wconf 88' lang='lat' dir='ltr'><em>summo</em></span> <span class='ocrx_word' id='word_1_307' title='bbox 587 2436 745 2484; x_wconf 89' lang='lat' dir='ltr'><em>potitur.</em></span> 
     </span>
    </p>
   </div>
   <div class='ocr_carea' id='block_1_12' title="bbox 212 2509 1735 2735">
    <p class='ocr_par' dir='ltr' id='par_1_12' title="bbox 212 2509 1735 2735">
     <span class='ocr_line' id='line_1_34' title="bbox 300 2509 1734 2555; baseline -0.002 -10"><span class='ocrx_word' id='word_1_308' title='bbox 300 2513 392 2545; x_wconf 89' lang='lat' dir='ltr'><em>Non.</em></span> <span class='ocrx_word' id='word_1_309' title='bbox 419 2523 453 2555; x_wconf 88' lang='lat' dir='ltr'><em>p.</em></span> <span class='ocrx_word' id='word_1_310' title='bbox 479 2511 546 2544; x_wconf 81' lang='lat'><em>67:</em></span> <span class='ocrx_word' id='word_1_311' title='bbox 572 2513 742 2550; x_wconf 82' lang='lat' dir='ltr'><em>Demoliri,</em></span> <span class='ocrx_word' id='word_1_312' title='bbox 769 2513 917 2545; x_wconf 79' lang='lat' dir='ltr'><em>diruere.</em></span> <span class='ocrx_word' id='word_1_313' title='bbox 958 2512 1048 2545; x_wconf 86' lang='lat' dir='ltr'><em>Cum</em></span> <span class='ocrx_word' id='word_1_314' title='bbox 1065 2513 1268 2555; x_wconf 83' lang='lat' dir='ltr'><em>pluteorum</em></span> <span class='ocrx_word' id='word_1_315' title='bbox 1292 2513 1329 2544; x_wconf 89' lang='lat' dir='ltr'><em>in</em></span> <span class='ocrx_word' id='word_1_316' title='bbox 1346 2511 1599 2555; x_wconf 83' lang='lat' dir='ltr'><em>obpugnandis</em></span> <span class='ocrx_word' id='word_1_317' title='bbox 1622 2509 1734 2553; x_wconf 77' lang='lat' dir='ltr'><em>potis-</em></span> 
     </span>
     <span class='ocr_line' id='line_1_35' title="bbox 213 2555 1735 2600; baseline -0.003 -10"><span class='ocrx_word' id='word_1_318' title='bbox 213 2567 352 2590; x_wconf 87' lang='lat' dir='ltr'><em>sumum</em></span> <span class='ocrx_word' id='word_1_319' title='bbox 376 2557 518 2600; x_wconf 86' lang='lat' dir='ltr'><em>oppidis</em></span> <span class='ocrx_word' id='word_1_320' title='bbox 543 2557 603 2590; x_wconf 86' lang='lat' dir='ltr'><em>vel</em></span> <span class='ocrx_word' id='word_1_321' title='bbox 627 2557 788 2590; x_wconf 80' lang='lat' dir='ltr'><em>castellis</em></span> <span class='ocrx_word' id='word_1_322' title='bbox 813 2567 917 2589; x_wconf 90' lang='lat' dir='ltr'><em>usum</em></span> <span class='ocrx_word' id='word_1_323' title='bbox 948 2558 1061 2590; x_wconf 85' lang='lat' dir='ltr'><em>fuisse</em></span> <span class='ocrx_word' id='word_1_324' title='bbox 1087 2560 1246 2595; x_wconf 79' lang='lat' dir='ltr'><em>constet,</em></span> <span class='ocrx_word' id='word_1_325' title='bbox 1283 2557 1436 2599; x_wconf 82' lang='lat' dir='ltr'><em>adparet</em></span> <span class='ocrx_word' id='word_1_326' title='bbox 1467 2557 1511 2588; x_wconf 87' lang='lat' dir='ltr'><em>de</em></span> <span class='ocrx_word' id='word_1_327' title='bbox 1545 2555 1735 2598; x_wconf 79' lang='lat' dir='ltr'><em>eruptione</em></span> 
     </span>
     <span class='ocr_line' id='line_1_36' title="bbox 212 2602 1735 2644; baseline -0.002 -10"><span class='ocrx_word' id='word_1_328' title='bbox 212 2604 248 2634; x_wconf 87' lang='lat' dir='ltr'><em>in</em></span> <span class='ocrx_word' id='word_1_329' title='bbox 275 2602 516 2635; x_wconf 84' lang='lat' dir='ltr'><em>obsidentium</em></span> <span class='ocrx_word' id='word_1_330' title='bbox 542 2606 666 2635; x_wconf 85' lang='lat' dir='ltr'><em>castra</em></span> <span class='ocrx_word' id='word_1_331' title='bbox 690 2603 792 2634; x_wconf 82' lang='lat' dir='ltr'><em>faeta</em></span> <span class='ocrx_word' id='word_1_332' title='bbox 817 2603 900 2634; x_wconf 83' lang='lat' dir='ltr'><em>diei.</em></span> <span class='ocrx_word' id='word_1_333' title='bbox 950 2603 1014 2634; x_wconf 78' lang='lat' dir='ltr'><em>Set</em></span> <span class='ocrx_word' id='word_1_334' title='bbox 1045 2613 1128 2634; x_wconf 88' lang='lat' dir='ltr'><em>num</em></span> <span class='ocrx_word' id='word_1_335' title='bbox 1159 2602 1248 2634; x_wconf 87' lang='lat' dir='ltr'><em>illud</em></span> <span class='ocrx_word' id='word_1_336' title='bbox 1281 2602 1326 2633; x_wconf 89' lang='lat' dir='ltr'><em>ad</em></span> <span class='ocrx_word' id='word_1_337' title='bbox 1351 2602 1654 2644; x_wconf 84' lang='lat' dir='ltr'><em>Tigranocertam</em></span> <span class='ocrx_word' id='word_1_338' title='bbox 1688 2610 1735 2632; x_wconf 76' lang='lat' dir='ltr'><em>an</em></span> 
     </span>
     <span class='ocr_line' id='line_1_37' title="bbox 215 2645 1734 2689; baseline -0.003 -9"><span class='ocrx_word' id='word_1_339' title='bbox 215 2649 261 2680; x_wconf 83' lang='lat' dir='ltr'><em>ad</em></span> <span class='ocrx_word' id='word_1_340' title='bbox 287 2648 385 2680; x_wconf 80' lang='lat' dir='ltr'><em>aliud</em></span> <span class='ocrx_word' id='word_1_341' title='bbox 418 2647 463 2680; x_wconf 85' lang='lat' dir='ltr'><em>ab</em></span> <span class='ocrx_word' id='word_1_342' title='bbox 489 2647 661 2680; x_wconf 85' lang='lat' dir='ltr'><em>Romanis</em></span> <span class='ocrx_word' id='word_1_343' title='bbox 693 2647 880 2679; x_wconf 81' lang='lat' dir='ltr'><em>obsessum</em></span> <span class='ocrx_word' id='word_1_344' title='bbox 911 2647 1082 2689; x_wconf 79' lang='lat' dir='ltr'><em>oppidum</em></span> <span class='ocrx_word' id='word_1_345' title='bbox 1107 2647 1244 2679; x_wconf 82' lang='lat' dir='ltr'><em>factum</em></span> <span class='ocrx_word' id='word_1_346' title='bbox 1271 2647 1336 2686; x_wconf 83' lang='lat' dir='ltr'><em>sit,</em></span> <span class='ocrx_word' id='word_1_347' title='bbox 1368 2646 1493 2687; x_wconf 83' lang='lat' dir='ltr'><em>utique</em></span> <span class='ocrx_word' id='word_1_348' title='bbox 1526 2646 1563 2676; x_wconf 88' lang='lat' dir='ltr'><em>in</em></span> <span class='ocrx_word' id='word_1_349' title='bbox 1594 2645 1734 2677; x_wconf 79' lang='lat' dir='ltr'><em>incerto</em></span> 
     </span>
     <span class='ocr_line' id='line_1_38' title="bbox 214 2692 500 2735; baseline -0.003 -10"><span class='ocrx_word' id='word_1_350' title='bbox 214 2692 500 2735; x_wconf 76' lang='lat' dir='ltr'><em>relinquendum.</em></span> 
     </span>
    </p>
   </div>
   <div class='ocr_carea' id='block_1_13' title="bbox 217 2758 1736 2891">
    <p class='ocr_par' dir='ltr' id='par_1_13' title="bbox 217 2758 1736 2891">
     <span class='ocr_line' id='line_1_39' title="bbox 287 2758 1736 2828; baseline -0.004 -16"><span class='ocrx_word' id='word_1_351' title='bbox 287 2802 290 2804; x_wconf 27' lang='grc' dir='ltr'>ψ</span> <span class='ocrx_word' id='word_1_352' title='bbox 328 2773 380 2812; x_wconf 86' lang='grc'><em>57</em></span> <span class='ocrx_word' id='word_1_353' title='bbox 413 2772 500 2824; x_wconf 83' lang='lat' dir='ltr'><strong>[Kr.</strong></span> <span class='ocrx_word' id='word_1_354' title='bbox 527 2777 578 2810; x_wconf 80' lang='lat'><em>16.</em></span> <span class='ocrx_word' id='word_1_355' title='bbox 621 2775 659 2811; x_wconf 89' lang='lat' dir='ltr'><em>G.</em></span> <span class='ocrx_word' id='word_1_356' title='bbox 684 2771 766 2824; x_wconf 78' lang='grc'><strong>53].</strong></span> <span class='ocrx_word' id='word_1_357' title='bbox 826 2771 899 2817; x_wconf 85' lang='lat' dir='ltr'><em>Qui</em></span> <span class='ocrx_word' id='word_1_358' title='bbox 940 2770 1316 2822; x_wconf 80' lang='lat' dir='ltr'><em>praegrediebantur</em></span> <span class='ocrx_word' id='word_1_359' title='bbox 1357 2770 1507 2821; x_wconf 78' lang='lat' dir='ltr'><em>equites</em></span> <span class='ocrx_word' id='word_1_360' title='bbox 1537 2758 1736 2828; x_wconf 73' lang='lat' dir='ltr'><em>catali-arti</em></span> 
     </span>
     <span class='ocr_line' id='line_1_40' title="bbox 217 2841 646 2891; baseline 0 -12"><span class='ocrx_word' id='word_1_361' title='bbox 217 2842 343 2880; x_wconf 63' lang='lat' dir='ltr'><em>ferrea</em></span> <span class='ocrx_word' id='word_1_362' title='bbox 373 2841 478 2878; x_wconf 88' lang='lat' dir='ltr'><em>omni</em></span> <span class='ocrx_word' id='word_1_363' title='bbox 503 2841 646 2891; x_wconf 74' lang='lat' dir='ltr'><em>specie.</em></span> 
     </span>
    </p>
   </div>
   <div class='ocr_carea' id='block_1_14' title="bbox 328 2915 1734 2962">
    <p class='ocr_par' dir='ltr' id='par_1_14' title="bbox 328 2915 1734 2962">
     <span class='ocr_line' id='line_1_41' title="bbox 328 2915 1734 2962; baseline -0.003 -10"><span class='ocrx_word' id='word_1_364' title='bbox 328 2921 419 2952; x_wconf 89' lang='lat' dir='ltr'><em>Non.</em></span> <span class='ocrx_word' id='word_1_365' title='bbox 447 2931 480 2962; x_wconf 88' lang='lat' dir='ltr'><em>p.</em></span> <span class='ocrx_word' id='word_1_366' title='bbox 507 2918 573 2952; x_wconf 75' lang='lat'><em>383</em></span> <span class='ocrx_word' id='word_1_367' title='bbox 598 2930 625 2951; x_wconf 80' lang='lat' dir='ltr'><em>s,</em></span> <span class='ocrx_word' id='word_1_368' title='bbox 653 2929 686 2951; x_wconf 89' lang='lat' dir='ltr'><em>v.</em></span> <span class='ocrx_word' id='word_1_369' title='bbox 713 2919 939 2960; x_wconf 67' lang='lat' dir='ltr'><em>camsi-actae.</em></span> <span class='ocrx_word' id='word_1_370' title='bbox 993 2917 1103 2950; x_wconf 86' lang='lat' dir='ltr'><em>Tales</em></span> <span class='ocrx_word' id='word_1_371' title='bbox 1131 2917 1270 2959; x_wconf 80' lang='lat' dir='ltr'><em>equites</em></span> <span class='ocrx_word' id='word_1_372' title='bbox 1294 2916 1331 2947; x_wconf 87' lang='lat' dir='ltr'><em>in</em></span> <span class='ocrx_word' id='word_1_373' title='bbox 1356 2916 1528 2958; x_wconf 78' lang='lat' dir='ltr'><em>Tigranis</em></span> <span class='ocrx_word' id='word_1_374' title='bbox 1551 2915 1650 2958; x_wconf 84' lang='lat' dir='ltr'><em>regis</em></span> <span class='ocrx_word' id='word_1_375' title='bbox 1676 2924 1734 2948; x_wconf 83' lang='lat' dir='ltr'><em>ex-</em></span> 
     </span>
    </p>
   </div>
  </div>
 </body>
</html>
