1838 3288
207 245 286 286 120
623 255 923 283 ffls'romARvM
951 257 1035 282 LIB.
1066 257 1092 283 v
1125 251 1302 286 10—13.

208 371 324 410 quam
356 370 433 408 quo
463 356 511 395 ab
541 355 748 394 scholiasta
780 357 905 406 posita
939 360 1042 396 sunt.
1103 356 1222 396 Libro
1250 355 1282 394 V
1311 356 1479 408 denique
1507 356 1602 397 illud
1635 367 1728 397 con-

208 428 467 464 memoratum
495 423 632 468 fuisse,
661 435 708 462 ex
740 422 898 462 relicuis
918 423 1034 463 huius
1054 422 1146 462 libri
1176 422 1404 475 fragmentis
1433 424 1606 474 adparet.
1648 423 1727 463 Csr.

208 493 255 532 ad
285 491 354 530 IIII
386 490 451 528 30.

329 580 375 619 10
404 580 483 632 [Kr.
511 584 563 617 14.
591 582 630 618 G.
653 579 705 633 2].
758 580 949 630 Legiones
974 580 1200 620 Valerianae
1232 585 1420 632 conperto
1452 580 1539 631 lege
1569 580 1731 620 Gabinia

211 647 430 699 Bithyniam
462 651 500 686 et
527 647 696 686 Pontum
728 647 877 687 consuli
908 645 1057 692 datam,
1092 660 1177 688 sese
1206 649 1345 687 missos
1376 661 1472 688 esse.

322 726 438 759 Prisc.
456 726 579 758 XVIII
594 737 629 768 p.
647 726 712 758 225
738 727 891 758 eandem
910 727 954 759 ob
971 737 1139 767 eausam,
1163 730 1273 769 atque
1297 727 1340 759 fr.
1362 726 1420 768 11,
1447 726 1592 759 adtulit.
1634 725 1730 764 Sese,

209 782 273 814 pro
292 781 361 813 quo
380 770 475 813 apud
494 781 573 803 eum
591 782 664 803 esse
682 771 869 814 scriptum,
891 771 1150 814 conrigendum
1168 782 1247 804 esse
1262 773 1391 804 Douza
1407 771 1604 804 intellexit.
1643 770 1733 803 Cum

210 816 386 848 Lucullus
411 815 549 848 milites
568 816 743 849 advorsus
760 817 934 858 Tigranis
953 816 1076 858 copias
1096 817 1250 849 educere
1267 816 1393 855 vellet,
1410 816 1617 851 Fimbriani
1633 815 1734 849 illum

212 872 315 893 suum
341 861 469 892 ducem
496 871 575 893 esse
601 864 782 903 negantes
807 861 1076 893 oboedientiam
1101 871 1322 894 recusavere
1355 860 1495 902 (Drum.
1520 861 1571 893 IV
1594 872 1629 903 p.
1659 860 1733 892 157.

210 907 374 938 Momms.
401 906 453 937 III
477 917 511 948 p.
538 906 607 947 (58).
658 906 697 938 Si
722 905 918 938 Sallustius
951 916 993 938 eo
1026 906 1151 938 ordine
1183 916 1242 938 res
1271 906 1474 947 enarravit,
1509 916 1576 948 quo
1609 906 1734 938 factae

213 954 335 991 erant,
362 951 432 983 hoe
457 951 587 994 fragm.
617 954 702 983 ante
731 950 768 981 ll
795 953 832 982 et
860 950 899 982 12
923 951 1129 993 ponendum
1155 961 1235 983 esse
1261 951 1427 994 adparet.

331 1031 373 1068 11
410 1029 489 1082 [Kr.
513 1034 565 1067 1⁶2.
595 1032 633 1068 G.
656 1028 705 1082 1].
750 1029 798 1068 At
826 1029 1012 1069 Lucullus
1041 1030 1172 1069 audito
1201 1030 1245 1077 Q.
1271 1029 1460 1069 Marcium
1486 1028 1632 1079 Regem
1663 1040 1736 1080 pro

214 1096 383 1136 consule·
404 1108 477 1148 per
505 1097 741 1149 Lycaoniam
774 1108 862 1136 cum
891 1096 1017 1136 tribus
1045 1096 1266 1148 legionibus
1292 1097 1330 1136 in
1359 1096 1530 1136 Ciliciam
1561 1096 1735 1136 tendere.

324 1176 441 1208 Prisc.
460 1176 581 1212 XVIII
597 1187 630 1218 p.
650 1176 735 1217 225,
763 1186 830 1218 quo
855 1177 987 1214 audito,
1020 1180 1153 1217 cognito
1178 1175 1285 1207 simil.
1313 1175 1486 1218 exemplis
1510 1175 1735 1208 inlustraret.

213 1222 287 1254 Res
310 1221 506 1264 perspicua
532 1224 606 1261 est3
633 1221 700 1253 cfr.
727 1221 852 1253 Drum.
880 1221 930 1253 lV
955 1232 989 1263 p.
1019 1219 1094 1252 158.
1135 1221 1299 1253 Momms.
1325 1221 1379 1252 ΙΙΙ
1402 1231 1437 1263 p.
1463 1219 1519 1252 68.

333 1300 381 1338 12
415 1299 500 1353 [ΚΓ.
527 1304 579 1337 13.
611 1302 648 1338 G.
679 1299 752 1352 11].
811 1300 878 1338 Set
904 1299 970 1338 uhi
996 1299 1058 1338 ille
1082 1299 1247 1339 militum
1278 1298 1515 1338 voluntatem
1540 1302 1734 1338 causatus

327 1378 430 1410 Arus.
457 1389 491 1420 p.
518 1378 602 1410 244:
635 1382 792 1410 causatus
816 1379 902 1410 hane
926 1389 1005 1410 rem.
1057 1378 1154 1418 Quin
1186 1378 1233 1410 ad
1259 1377 1412 1410 eundem
1442 1377 1545 1409 illum
1569 1377 1614 1417 Q.
1639 1377 1737 1410 Mar-

216 1425 309 1455 cium
337 1424 492 1466 Regem,
527 1423 572 1455 de
599 1434 667 1465 quo
693 1423 737 1454 fr.
767 1422 805 1454 ll
832 1426 1018 1455 narratum
1045 1425 1117 1463 est,
1144 1423 1374 1465 pertinuerit,
1401 1422 1548 1454 dubium
1572 1433 1644 1455 non
1669 1425 1737 1455 est.

216 1469 291 1500 Cfr.
317 1468 421 1500 Cass.
447 1469 508 1500 Di.
533 1469 668 1500 XXXV
695 1467 747 1499 17.

335 1547 381 1586 13
413 1546 501 1599 [Kr.
529 1551 579 1584 16.
610 1549 649 1585 G.
672 1546 725 1599 8].
779 1546 929 1594 Quibus
958 1547 1006 1586 de
1033 1548 1179 1586 caussis
1204 1546 1351 1586 Sullam
1372 1548 1412 1586 in
1435 1546 1594 1586 victoria
1617 1546 1737 1585 dicta-

218 1618 343 1653 torem
375 1615 442 1653 uni
481 1614 554 1653 sihi
584 1614 824 1653 descendere
865 1627 985 1666 eslim,
1027 1615 1241 1664 adsurgere
1275 1614 1394 1660 sella,
1437 1617 1554 1665 caput
1583 1615 1738 1665 aperire

216 1681 383 1720 solitum.

329 1760 422 1791 Non.
440 1771 474 1801 p.
498 1759 577 1791 lssl:
604 1764 766 1801 apertum,
793 1761 961 1792 nullatum.
986 1777 1032 1783 —
1050 1778 1091 1782 —
1115 1760 1295 1792 Sallustius
1311 1761 1490 1792 Hz'stortae
1513 1760 1569 1792 lib.
1587 1760 1636 1792 V:
1663 1759 1738 1802 qui-

216 1805 283 1836 bus
309 1805 341 1836 d.
371 1816 401 1836 c.
429 1807 463 1836 S.
491 1805 527 1836 in
552 1805 709 1837 victoria
734 1805 950 1837 dictatorem
983 1805 1047 1836 uni
1078 1805 1147 1836 sibi
1174 1805 1206 1836 d.
1235 1816 1344 1847 equo,
1378 1815 1525 1847 surgere
1557 1805 1601 1836 de
1633 1804 1738 1843 sella,

218 1852 328 1891 eaput
354 1860 386 1881 a.
412 1860 439 1881 s.
491 1849 543 1880 Id.
562 1861 596 1891 p.
615 1849 697 1881 270:
723 1860 875 1891 sur-(sere,
894 1852 990 1892 erz'gJi.
1033 1850 1212 1882 Sallustius
1238 1851 1467 1881 Historiarum
1490 1849 1545 1881 lib.
1571 1850 1619 1881 V:
1645 1849 1738 1882 sella

216 1905 379 1936 surgere,
407 1897 519 1936 caput
544 1895 686 1937 aperire
713 1895 870 1927 solitum.
913 1895 1013 1927 Serv.
1041 1895 1087 1926 ad
1103 1895 1212 1936 Verg.
1238 1895 1280 1926 A.
1306 1895 1323 1926 I
1353 1894 1432 1926 107:
1459 1895 1604 1936 Aperi&
1627 1899 1738 1926 osten-

216 1942 276 1971 dit.
329 1940 371 1972 Ut
396 1939 575 1971 Sallustius
601 1943 711 1982 caput
737 1940 880 1982 aperire
906 1939 1054 1979 solitus,
1087 1941 1109 1971 i.
1135 1950 1164 1971 e.
1191 1941 1338 1978 nudare,
1370 1940 1562 1971 ostendere.
1610 1938 1663 1971 Id.
1692 1939 1739 1971 ad

215 1985 257 2016 A.
284 1985 339 2016 III
362 1983 446 2016 206:
474 1985 645 2025 Aperire:
670 1987 871 2017 ostendere:
895 1989 931 2015 ut
949 1984 1129 2016 Sallustius
1155 1987 1264 2026 caput
1289 1984 1433 2026 aperire
1451 1983 1591 2016 solitus.
1632 1983 1736 2016 Arus.

216 2040 250 2071 p.
276 2028 359 2060 214:
392 2029 554 2070 Adsurqo
579 2031 636 2061 illi.
670 2048 710 2052 —-
740 2048 781 2051 α
806 2029 930 2061 Salust.
958 2030 1050 2060 Hist.
1077 2030 1123 2060 V:
1158 2028 1295 2070 Syllam
1327 2029 1541 2060 dictatorem
1573 2029 1636 2061 uni
1667 2029 1740 2061 sibi

217 2074 439 2105 descendere
467 2084 577 2115 equo,
613 2074 808 2115 adsurgere
835 2074 946 2113 sella,
978 2076 1088 2115 caput
1115 2074 1258 2115 aperire
1284 2073 1442 2105 solitum.
1491 2073 1614 2106 Verba
1638 2075 1740 2114 intvi-

216 2121 326 2150 etorz'a
343 2118 515 2157 Kritzius,
544 2119 636 2160 quod
656 2119 750 2160 apud
769 2119 985 2150 Arusianum
1004 2118 1150 2157 omissa,
1177 2128 1349 2160 pervorso
1366 2118 1447 2150 loco
1464 2119 1585 2161 posita
1601 2121 1736 2160 essent,

217 2164 372 2205 denique
399 2163 592 2194 absurdam
619 2164 840 2195 sententiam
867 2163 1107 2202 continerent,
1134 2163 1304 2195 eiciunda
1329 2164 1482 2195 censuit.
1522 2163 1571 2195 At
1585 2163 1739 2206 primum

218 2218 298 2239 eum
323 2207 427 2239 Arus.
455 2208 573 2240 locum
599 2207 644 2239 ob
672 2208 891 2250 adsurgendi
908 2208 1057 2240 verbum
1080 2207 1265 2248 adtulerit,
1292 2208 1478 2240 omissioni
1502 2219 1575 2240 non
1599 2211 1739 2241 tantum

217 2253 445 2284 tribuendum
472 2262 552 2284 csse
579 2253 750 2294 adparet3
778 2253 907 2284 deinde
933 2253 1087 2284 minume
1114 2253 1239 2295 inepta
1265 2256 1322 2285 est
1339 2253 1534 2293 sententia,
1562 2263 1643 2286 cum
1659 2254 1738 2296 qui-

217 2298 299 2329 dem
323 2297 481 2329 victoria
506 2307 667 2329 summae
694 2298 741 2328 sit
766 2298 974 2337 felicitatis,
1003 2308 1071 2339 quo
1097 2298 1176 2339 quis
1203 2301 1324 2330 autem
1350 2298 1494 2331 felicior
1521 2298 1592 2331 sibi
1615 2298 1739 2331 videa-

216 2346 286 2381 tur,
313 2352 354 2374 eo
379 2341 459 2383 plus
483 2342 629 2374 honoris
655 2342 725 2373 sibi
749 2343 948 2384 postulare,
978 2353 1019 2375 eo
1046 2343 1162 2374 minus
1188 2343 1272 2374 aliis
1297 2343 1458 2375 tribuere
1482 2343 1616 2383 soleat3
1641 2345 1738 2386 post-

218 2397 315 2419 remo
341 2390 441 2418 recte
467 2380 682 2423 οἷσυνδέτως
708 2387 919 2429 adiungitur
943 2388 1091 2420 cli-etatm
1093 2398 1159 2425 em,
1185 2388 1377 2429 victoUe,
1404 2398 1595 2420 maxumae
1620 2387 1739 2420 felici-

219 2432 298 2471 tati,
325 2442 464 2463 summa
489 2432 527 2463 in
553 2442 590 2463 re
615 2432 766 2473 publica
791 2432 950 2473 dignitas
984 2443 1027 2464 ac
1059 2436 1234 2474 potestas.
1284 2434 1376 2464 Tum
1399 2433 1495 2465 Noni
1518 2433 1652 2466 lemma
1675 2433 1738 2466 ob-

152 2491 156 2494 >
218 2480 294 2508 stat
318 2476 488 2508 Arusiani
513 2476 599 2508 fidei
624 2479 733 2518 atque
761 2478 987 2517 auctmitati,
1016 2481 1072 2509 set
1090 2488 1170 2509 cum
1187 2478 1342 2510 Nonium
1360 2488 1403 2510 eo
1420 2478 1510 2518 loeo,
1537 2478 1600 2510 ubi
1623 2478 1738 2511 verba.

219 2521 373 2554 Sallusti
398 2521 443 2554 ob
470 2521 581 2553 aliam
607 2531 774 2553 caussam
799 2521 979 2561 laudavit,
1006 2522 1044 2553 in
1068 2522 1218 2554 relicuis
1242 2523 1360 2555 minus
1385 2522 1601 2565 diligentem
1625 2523 1738 2556 fuisse

219 2576 371 2608 eumque
404 2577 562 2598 errorem
594 2567 631 2597 in
664 2566 775 2598 alium
807 2566 924 2598 locum
958 2566 1176 2598 translatum
1202 2577 1283 2599 esse
1307 2578 1379 2599 non
1403 2568 1531 2600 mirum
1555 2567 1736 2608 videatur,

217 2612 298 2654 plus
323 2611 552 2642 tribuendum
579 2614 634 2642 est
657 2611 836 2643 Arusiano
863 2621 976 2653 eoque
1002 2611 1137 2653 magis,
1172 2612 1265 2653 quod
1290 2613 1477 2653 adsurgere
1501 2612 1738 2654 proprietatis

217 2657 317 2688 illius
342 2656 599 2688 vocabulorum
627 2659 698 2696 est,
734 2656 835 2687 cuius
873 2655 1085 2688 Sallustium
1111 2657 1447 2689 retinentissumum
1480 2660 1516 2688 et
1540 2657 1737 2690 observan-

218 2702 409 2733 tissumum
435 2701 547 2732 fuisse
574 2703 730 2733 constat.
787 2700 924 2732 Sullam
949 2711 1010 2733 eos
1034 2700 1188 2733 honores
1213 2701 1388 2743 Pompeio
1412 2701 1607 2742 habuisse,
1633 2702 1737 2734 testi·

219 2746 348 2777 moniis
373 2746 589 2787 scriptorum
615 2745 863 2777 demonstrare
889 2756 960 2777 non
985 2748 1041 2777 est
1056 2745 1165 2777 huius
1181 2745 1267 2785 loci,
1293 2749 1350 2778 set
1374 2745 1608 2788 illud-potius
1626 2756 1735 2788 quae-

219 2791 380 2830 rendum,
399 2801 469 2832 qua
486 2791 678 2822 occasione
693 2790 819 2822 oblata
834 2790 870 2822 S.
886 2800 965 2822 eum
981 2790 1047 2822 illa
1062 2790 1196 2822 dixisse
1212 2790 1408 2822 rettulerit.
1434 2790 1605 2834 Plerique
1623 2791 1739 2834 igitur

220 2835 288 2866 viri
312 2836 412 2867 docti
437 2835 491 2867 sie
517 2845 712 2867 censuere:
745 2835 859 2867 verba
885 2845 965 2867 esse
992 2845 1036 2866 ex
1060 2836 1224 2867 oratione
1250 2835 1334 2876 illa,
1361 2845 1470 2877 quam
1495 2835 1542 2868 ad
1565 2835 1737 2878 populum

220 2880 360 2919 habuit,
388 2890 467 2911 cum
483 2879 573 2912 belli
590 2881 773 2912 maritumi
791 2880 970 2922 inperium
995 2890 1032 2912 se
1051 2890 1221 2912 recusare
1240 2880 1448 2921 simularet3
1474 2881 1569 2923 quod
1584 2880 1735 2912 multum

221 2923 335 2965 abest,
362 2928 402 2955 ut
418 2934 564 2966 prorsus
582 2925 806 2957 reiciundum
825 2935 1007 2965 censeam,
1034 2927 1091 2957 set
1106 2925 1196 2957 haut
1213 2925 1292 2958 sine
1310 2925 1539 2958 dubitatione
1564 2925 1736 2959 contendi
