1838 3288
329 263 632 291 HISTORIARVM
665 264 834 291 mcmz'r.
862 265 1035 291 LIBROR.
1065 264 1207 296 RELIQ.
1232 255 1410 294 90-97,
1553 247 1631 288 139

112 365 220 394 acute
246 365 371 395 tamen
403 374 448 396 ex
477 364 642 396 oratione
674 364 798 396 Catuli
830 365 985 406 quadam
1019 364 1186 407 (qualem
1215 366 1464 398 conmemorat
1487 362 1633 405 quidem

111 408 248 440 Fronto
272 419 307 452 p.
337 407 400 440 178
424 409 527 442 Rom.
553 420 589 452 p.
618 409 682 441 122
705 409 820 449 Med„
854 419 924 442 nec
955 420 1043 442 vero
1075 410 1171 453 apud
1203 409 1420 442 Sallustium
1450 407 1546 452 legi)
1571 406 1632 440 de-

110 456 256 496 sumpta
281 463 362 486 esse
387 453 576 486 dictitans.

224 533 279 573 90
314 532 395 586 [Kr.
417 537 473 571 58.
505 535 543 572 G.
567 535 581 571 l
605 532 679 586 14].
734 532 842 579 Quae
870 546 1007 573 caussa
1031 535 1173 584 *suerat
1199 533 1386 573 novandis
1415 532 1548 572 rebus.

218 605 325 684 {erm
361 605 407 638 ad
439 606 548 649 Verg.
580 606 620 638 A.
654 606 704 639 IV
734 605 802 638 290
833 604 1050 650 conparavit
1081 617 1162 639 cum
1194 618 1279 650 quae
1310 607 1411 639 rebus
1440 608 1485 639 sit
1514 615 1635 638 caussa

109 662 215 684 novun
243 661 281 683 ts.

224 730 269 768 91
305 729 384 783 [Kr.
409 735 465 770 59.
494 733 534 771 G.
556 734 601 771 111
622 731 698 784 70].
739 731 795 770 Ad
814 731 1045 771 mutandum
1068 732 1185 770 modo
1206 732 1244 770 in
1260 731 1399 771 melius
1420 731 1632 770 servitium.

224 803 327 836 Serv.
355 803 403 836 ad
425 802 538 846 Verg.
555 801 598 835 A.
616 803 634 835 Ι
650 801 715 835 281
734 804 779 837 ob
805 805 839 837 in
854 805 981 837 melius.
1024 803 1096 837 Cur
1112 804 1207 836 haec
1224 805 1365 837 tribuni
1381 804 1506 847 plebei
1521 803 1637 836 verba

110 848 155 881 de
180 848 355 892 superbia
381 852 418 881 et
442 846 693 881 dominatione
718 850 961 892 optumatium
985 851 1244 892 conquerentis
1268 850 1476 882 habeantur
1499 849 1634 892 potius,

110 894 218 937 quam
242 893 286 927 de
318 894 416 927 veris
447 893 564 926 servis
595 893 823 927 dominorum
855 895 1093 928 atrocitatem
1123 894 1233 927 leniri
1265 895 1501 938 cupientibus
1533 894 1635 926 dicta

108 942 293 982 putentur,
320 949 377 972 me
402 949 475 971 non
498 939 709 981 perspicere
735 940 866 972 fateor.

222 1018 275 1057 92
305 1018 385 1071 [Kr.
408 1022 464 1056 60.
496 1019 536 1056 G.
553 1017 630 1071 37].
695 1019 831 1059 Genua
858 1007 1015 1071 patrum
1045 1018 1319 1059 advolvuntur.

201 1086 326 1118 ‘Serv.
355 1086 401 1118 ad
425 1086 535 1128 Verg.
561 1086 602 1118 A.
627 1087 646 1118 Ι
670 1086 736 1120 307
761 1088 807 1119 ob
833 1083 1145 1120 constructionem
1169 1087 1286 1119 verbi.
1335 1088 1391 1118 De
1416 1086 1554 1129 legatis
1578 1097 1633 1119 so-

111 1131 250 1163 ciorum
283 1131 458 1164 advorsus
488 1132 669 1173 praetoris
701 1132 959 1165 crudelitatem
989 1132 1165 1165 auxilium
1190 1135 1342 1164 senatus
1366 1131 1637 1174 inplorantibus

110 1175 334 1216 (memineris
353 1176 422 1209 Gn.
442 1175 678 1217 Dolabellae,
705 1176 748 1209 G.
765 1177 912 1217 Antoni,
941 1178 982 1210 G.
1010 1177 1152 1218 Verris;
1180 1177 1248 1210 cfr.
1267 1177 1432 1210 Momms.
1452 1177 1507 1209 ΙΙΙ
1525 1188 1559 1220 p.
1577 1176 1636 1218 87)

109 1221 212 1254 dicta
236 1221 331 1254 haec
356 1221 472 1253 fuisse
497 1221 575 1254 veri
599 1231 672 1254 non
696 1222 873 1255 dissimile
899 1225 965 1255 est.

225 1299 279 1339 93
310 1299 393 1353 [Kr.
413 1304 470 1338 62.
510 1302 549 1338 G.
572 1303 585 1338 Ι
610 1300 686 1353 70].
745 1301 852 1353 Ergo
890 1303 1014 1342 senati
1050 1302 1210 1341 decreto
1240 1301 1543 1341 serviendumne
1573 1303 1633 1340 sit.

226 1372 315 1405 Cum
338 1372 433 1408 haec
458 1373 573 1406 verba
597 1374 692 1407 Don.
720 1375 767 1407 ad
791 1375 875 1407 Ter.
902 1375 1013 1407 Andr.
1039 1376 1077 1408 11
1093 1375 1126 1416 2,
1145 1374 1189 1407 28
1214 1375 1259 1408 ob
1277 1374 1431 1407 formam
1446 1376 1558 1407 senati
1574 1375 1637 1406 ad-

109 1419 218 1457 ferat,
243 1418 335 1451 nihil
361 1418 456 1462 apud
475 1429 556 1451 eum
572 1419 763 1460 habemus,
789 1420 884 1452 unde
902 1420 946 1453 de
964 1420 1115 1453 relicuis
1132 1421 1256 1453 verbis
1281 1420 1501 1452 coniciatur.
1541 1419 1635 1452 Nam

109 1474 155 1496 ne
182 1475 227 1496 ea
251 1463 366 1496 verba
391 1463 550 1496 alicuius
575 1464 715 1497 tribuni
731 1465 854 1508 plebei
872 1468 936 1498 aut
953 1466 1047 1498 socii
1063 1465 1202 1506 Italici,
1228 1475 1315 1497 num
1340 1465 1461 1498 senati
1486 1465 1635 1497 decreto

109 1509 325 1552 obsequium
349 1509 628 1552 praestandum,
654 1510 714 1542 vel
738 1521 824 1542 num
848 1511 1048 1543 secundum
1073 1521 1100 1543 s.
1128 1511 1163 1543 d.
1188 1510 1378 1544 servitutis
1402 1510 1527 1553 iugum
1547 1510 1635 1542 reti-

108 1554 266 1587 nendum
291 1555 351 1595 sit,
378 1555 591 1597 quaerentis
615 1558 783 1598 putemus
800 1555 916 1588 multa
935 1555 1096 1589 obstant.
1137 1556 1230 1588 Mihi
1249 1556 1438 1588 continere
1462 1555 1636 1588 videntur

110 1599 204 1641 quod
228 1602 379 1632 senatus
405 1599 615 1632 decreverit
640 1603 751 1643 atque
776 1601 815 1633 in
838 1604 998 1634 mentem
1021 1602 1126 1634 venit
1148 1603 1240 1634 servi
1254 1611 1294 1633 ne
1312 1601 1468 1633 indicium
1490 1602 1554 1647 sit:
1580 1610 1636 1632 se-

108 1648 233 1677 natum
253 1655 339 1686 ergo
357 1644 395 1676 in
413 1655 544 1678 caussa
554 1645 709 1687 quadam
719 1657 764 1679 ne
781 1656 886 1679 servo
902 1650 1067 1689 potestas
1083 1646 1272 1678 indicandi
1288 1645 1394 1678 fieret
1411 1645 1634 1678 decrevisse.

222 1723 276 1763 94
307 1722 387 1776 [Kr.
412 1712 468 1762 6'3.
497 1725 536 1761 G.
559 1726 603 1762 ΙΙΙ
627 1723 704 1776 89].
753 1724 863 1764 More
884 1725 1079 1765 humanae
1101 1725 1295 1776 cupidinis
1315 1726 1452 1776 ignara
1471 1725 1634 1765 visundi.

225 1795 319 1829 Gen.
344 1796 388 1828 N.
414 1797 457 1828 A.
483 1797 535 1829 IX
563 1797 615 1837 12,
642 1796 704 1829 20:
738 1798 921 1839 ‘Iynarus’
946 1809 1052 1842 aeque
1076 1803 1218 1841 ueroque
1242 1809 1374 1831 vorsum
1399 1799 1538 1836 dieitur,
1569 1808 1636 1830 non

108 1845 235 1874 tantum
259 1845 317 1884 qui
338 1843 492 1883 ignorat,
524 1847 577 1874 set
600 1840 675 1885 [et]
699 1845 756 1886 qui
777 1845 966 1885 iyuoratur.
994 1862 1032 1866 —-
1061 1844 1260 1886 Sallustius:
1284 1853 1383 1876 more
1407 1861 1453 1866 —-
1475 1843 1635 1875 visendi.

109 1886 199 1919 Cum
225 1889 349 1919 autem
374 1887 467 1919 Non.
493 1898 527 1930 p.
554 1886 598 1919 88
624 1887 779 1920 eandem
803 1889 848 1920 ob
875 1898 1044 1921 caussam
1071 1888 1233 1921 adferat:
1259 1888 1439 1921 Sallustius
1463 1890 1497 1920 in
1514 1887 1636 1930 Iuyur-

107 1932 201 1964 thino
224 1931 333 1965 bello:
365 1942 489 1965 amore
507 1932 704 1965 humanae
737 1933 921 1976 cupidinis
946 1934 1079 1976 ignara
1103 1933 1268 1974 visendi,
1298 1933 1403 1966 fuere
1429 1933 1492 1976 qui
1514 1933 1636 1965 locum

105 1977 131 2054 «II
153 1975 209 2018 93,
237 1975 258 2009 3
282 1979 359 2009 tam
386 1980 602 2020 conruptum
628 1988 708 2010 esse
726 1978 891 2019 mallent,
919 1989 1026 2021 quam
1043 1979 1201 2011 Nonium
1224 1979 1263 2011 in
1280 1978 1390 2011 titulo
1406 1978 1494 2010 libri
1514 1988 1634 2011 errore

122 2032 250 2065 apsum
276 2032 370 2055 esse.
1251 2037 1255 2039 “

221 2090 275 2128 95
309 2089 475 2142 [Kr..64.
505 2092 544 2128 G.
568 2090 707 2144 1v22].
765 2091 891 2144 Atque
921 2104 966 2131 ea
997 2092 1172 2142 cogentis
1209 2104 1287 2131 non
1329 2096 1509 2132 coaetos:
1551 2104 1635 2131 sce-
1666 2084 1668 2086 ¹

109 2156 228 2197 lestos
258 2159 382 2208 magis
410 2169 486 2215 qua
558 2159 724 2198 miseros
753 2159 828 2199 dici
859 2159 1033 2210 dignum.

221 2225 360 2258 Donat.
387 2225 434 2258 ad
457 2226 465 2238 '
567 2226 661 2259 Hec.
687 2227 740 2259 IV
766 2226 795 2268 1,
822 2227 878 2268 21,
908 2228 1081 2270 quoniam
1104 2229 1267 2260 scelestus
1291 2230 1328 2261 et
1350 2230 1452 2261 miser
1475 2228 1572 2260 inter
1597 2238 1636 2261 se

108 2269 280 2312 obposita
304 2273 400 2311 sunt,
428 2270 574 2312 adtulit,
601 2274 658 2304 set
681 2273 821 2305 miseros
845 2274 1014 2315 distringi,
1041 2273 1135 2315 quod
1153 2283 1234 2305 cum
1250 2273 1422 2316 intellegi
1438 2284 1511 2306 non
1526 2283 1636 2316 posse

107 2315 270 2347 Kritzius
294 2316 562 2358 perspexisset,
597 2317 746 2350 restitui
776 2318 871 2360 quod
902 2318 1135 2361 aliquatenus
1160 2319 1391 2361 probabilem
1415 2320 1638 2351 sententiam

110 2360 295 2393 ecficeret.
345 2360 519 2394 ceterum
542 2365 694 2404 cogentis
719 2363 766 2395 ad
788 2363 940 2396 verbum
955 2373 1215 2407 praegressum
1233 2364 1365 2397 referri
1383 2367 1420 2396 et
1437 2368 1538 2407 atque
1556 2374 1637 2397 esse

109 2409 143 2438 et
167 2406 254 2438 adeo
280 2406 318 2438 in
343 2406 536 2449 propatulo
563 2410 631 2439 est.

221 2484 276 2525 96
307 2484 387 2537 [Kr.
403 2490 461 2523 65.
500 2487 539 2524 G.
557 2484 635 2538 28].
696 2486 797 2526 Dum
827 2487 989 2528 inferior
1019 2489 1126 2527 omni
1155 2489 1212 2528 via
1241 2492 1501 2540 grassaretur.

221 2557 520 2591 Conmemoravit
545 2559 590 2592 ob
614 2559 765 2592 verbum
780 2564 942 2602 ,oras-earn·
954 2561 1107 2594 Macrob
1125 2561 1170 2593 de
1188 2561 1263 2593 diff.
1284 2572 1337 2603 gr.
1355 2560 1422 2593 lat.
1439 2560 1498 2593 vb.
1518 2572 1552 2602 p.
1571 2560 1638 2594 332

109 2602 166 2634 ed.
191 2603 274 2645 Bip.
317 2603 356 2635 Si
381 2614 473 2636 sana
498 2607 555 2637 est
579 2606 776 2647 scriptura,
805 2605 915 2638 aliter
937 2606 1053 2639 verba
1077 2606 1247 2648 intellegi
1271 2616 1344 2638 non
1369 2609 1539 2648 possunt,
1566 2607 1639 2638 nisi

108 2651 149 2680 ut
174 2647 345 2690 aliquem,
386 2649 447 2691 qui
472 2649 590 2682 altero
615 2650 770 2682 inferior
794 2651 927 2693 fuerit,
962 2655 1087 2684 tamen
1114 2662 1184 2694 quo
1217 2650 1410 2683 consilium
1442 2650 1638 2693 perficeret

108 2692 199 2725 nihil
223 2693 404 2725 intactum
429 2693 623 2736 reliquisse
649 2698 866 2728 statuamus.

225 2761 278 2799 97
312 2760 392 2813 [Kr.
413 2765 469 2800 66.
501 2764 540 2800 G.
563 2764 591 2800 Π
613 2762 690 2815 59].
747 2762 797 2802 Ut
825 2767 933 2803 tanta
965 2767 1129 2814 repente
1161 2764 1324 2802 mutatio
1346 2774 1425 2801 non
1450 2764 1533 2803 sine
1564 2763 1638 2804 deo

110 2826 322 2866 videretur.

222 2893 317 2927 Don.
344 2895 391 2927 ad
415 2895 500 2928 Ter.
528 2897 622 2928 Eun.
649 2897 744 2937 v-2‚
770 2895 832 2929 36:
865 2897 1035 2939 Pleraque
1066 2898 1255 2938 repentinis
1284 2897 1534 2940 impulsionibus
1558 2902 1641 2931 nata

108 2940 266 2981 mirisque
281 2940 502 2982 proventibus
518 2942 582 2974 deo
600 2941 752 2974 adscribi
765 2944 886 2974 solent.
913 2960 954 2964 —
980 2942 1028 2974 Ee
1046 2941 1245 2975 Sallustius:
1262 2946 1303 2976 ut
1320 2945 1426 2976 tanta
1442 2943 1514 2993 rel..
1534 2943 1636 2977 Serv.
