1838 3288
220 237 296 277 118
664 247 962 275 msTomARVM
987 249 1069 274 Lus.
1102 250 1126 276 v
1159 243 1288 279 4—7.

329 370 432 401 Arus.
459 380 492 411 p.
519 368 602 401 243:
634 370 761 401 insilire
793 372 881 402 illam
911 381 990 402 rem.
1042 370 1130 403 Cum
1154 371 1249 404 haee
1272 372 1387 405 verba
1412 374 1499 415 quin
1524 373 1568 406 de
1593 374 1734 406 Mithri-

219 415 303 446 date
337 415 437 445 dicztt
468 414 604 445 fucrInt
635 414 797 446 dubItari
821 426 967 457 prorsus
992 426 1063 448 non
1088 417 1220 459 possit,
1250 418 1445 450 occasione
1470 429 1535 461 per
1558 419 1736 461 proelium

220 459 265 490 ad
291 459 380 489 f1.2
407 461 712 491 commemoratum
739 459 864 491 oblata
891 460 936 492 ab
962 461 1138 503 scriptule
1165 472 1209 493 ea
1226 463 1348 504 posita
1373 463 1488 495 fuisse
1514 467 1658 506 optume
1676 464 1737 496 de-

219 506 354 535 monst1
357 503 433 534 wit
458 503 654 543 K1·itzius,·
668 514 754 536 usus
779 515 842 546 pro
861 509 1082 560 argumento
1106 507 1228 539 verbis
1255 507 1360 540 Cassi
1385 508 1514 540 Dionis
1539 504 1584 540 de
1609 509 1737 541 eadem

218 550 341 602 pugna
368 558 453 579 narr
456 549 553 580 intis
578 549 712 581 XXXV
735 548 774 581 9:
807 547 873 582 καὶ
905 545 977 592 γὰρ
1002 544 1098 593 υπὲρ
1123 546 1169 583 τὰ
1196 545 1458 595 ἑβδομήκοντα
1488 548 1551 596 ἔτη
1577 548 1737 595 γεγονὼς

220 588 389 634 ε’μοὶχετο.
1416 623 1419 628 .

332 671 467 724 4[Kr.
491 678 523 710 7.
555 675 594 711 G.
613 671 665 724 3].
723 672 872 724 Regem
903 674 1168 714 av01sahatur.

332 750 437 783 Arus.
463 762 497 793 p.
524 750 607 783 216:
634 762 775 784 aversor·
798 754 896 784 allum.
945 753 1084 795 Regem
1116 764 1221 796 quem
1248 754 1359 786 alium
1383 754 1644 798 intellegamus
1668 755 1741 788 nisi

220 795 279 830 vel
303 796 555 829 Mithridatem
580 797 639 830 vel
664 797 886 840 ἸἰὲῑειηειΙΠῬ

336 876 400 914 ²⁸5
436 876 515 928 [Kr.
547 880 597 913 10.
629 879 667 914 G.
700 879 767 915 inc.
795 876 871 928 89].
913 876 1026 927 Apud
1052 877 1151 916 Plut.
1185 877 1278 920 Luc,
1311 890 1344 916 c.
1377 877 1430 917 33
1460 891 1497 930 p.
1531 879 1612 918 540
1644 880 1739 918 Sint.

222 944 320 982 haec
346 943 549 994 leguntur:
583 937 862 988 Σαλούστιος
891 938 973 995 μὲν
1005 932 1090 982 οὖν
1119 952 1229 996 φησι
1257 943 1456 996 χαλεπῶς
1481 943 1744 999 διατεθῆναι

222 1003 327 1057 τούς
361 1005 630 1063 στρατιώτας
674 1003 784 1064 πρὸς
821 1003 960 1050 αὐτὸν
998 1004 1138 1058 εὐθὺς
1179 1011 1229 1051 ἐν
1268 1005 1381 1067 ἀρχῇ
1420 1010 1502 1052 τοῦ
1544 1010 1743 1066 πολέμου

223 1071 334 1131 πρὸς
372 1078 547 1133 Κυζίκῳ
589 1074 662 1118 καὶ
708 1072 842 1118 πάλιν
879 1071 989 1130 πρὸς
1018 1071 1178 1134 Ἀμισῷ
1215 1073 1298 1119 δύο
1322 1078 1537 1132 χειμῶνας
1567 1077 1663 1133 ἑξῆς
1692 1080 1742 1121 ἐν

222 1141 381 1198 χάρακι
423 1144 653 1198 διαγαγεῖν
689 1138 1078 1198 ἀναγκασθέντας·
1122 1141 1265 1199 ἠνίων
1310 1140 1351 1186 δ’
1391 1139 1555 1194 αὐτοὺς
1591 1144 1664 1188 καὶ
1702 1146 1749 1188 οἱ

223 1209 373 1253 λοιποὶ
400 1211 622 1265 χειμῶνες.
676 1214 772 1253 Cum
805 1214 897 1253 honi
928 1227 1062 1253 rerum
1093 1215 1294 1265 scriptoris
1322 1217 1370 1254 sit
1400 1227 1557 1255 caussas
1586 1220 1743 1255 evento-

224 1294 313 1321 rum
343 1294 421 1320 non
451 1282 694 1333 discerpere,
728 1286 786 1336 δεῖ
814 1295 892 1320 uno
918 1284 1027 1333 quasi
1058 1286 1269 1333 conspectu
1298 1284 1526 1322 coniunctas
1556 1287 1595 1322 et
1621 1285 1744 1323 conti-

225 1354 360 1388 nuatas
393 1361 637 1400 proponere,
686 1350 767 1388 veri
805 1337 1117 1389 dissimillumuin
1154 1349 1248 1389 mihi
1284 1351 1442 1401 quidem
1480 1351 1652 1396 videtur,
1695 1351 1744 1390 ab

226 1417 418 1461 Sallustio,
451 1415 593 1467 quibus
624 1418 770 1455 caussis
798 1417 985 1456 dissensio
1012 1418 1051 1456 in
1081 1417 1231 1456 Luculli
1262 1419 1436 1457 exercitu
1467 1422 1574 1463 nata,
1606 1418 1745 1458 deinde

225 1484 411 1537 paulatim
435 1488 567 1529 aucta,
600 1484 766 1534 denique
791 1485 829 1522 in
856 1484 1086 1523 seditionem
1110 1486 1315 1530 exarserit,
1347 1485 1526 1535 pluribus
1556 1484 1652 1524 locis
1681 1498 1746 1524 ex-

224 1554 395 1604 positum
438 1552 567 1590 fuisse.
641 1551 721 1590 Nec
767 1552 870 1602 quod
924 1552 1156 1591 Plutarchus
1196 1556 1329 1602 postea
1375 1553 1519 1592 directa
1571 1554 1747 1592 oratione

225 1622 372 1673 pergit,
415 1631 458 1657 ca
494 1631 558 1657 res
593 1619 739 1672 obstat,
780 1632 857 1670 quo
896 1620 1024 1658 minus
1059 1631 1214 1658 omnem
1247 1620 1349 1659 illam
1388 1621 1670 1671 expositionem
1696 1619 1744 1659 ab

229 1689 409 1730 Sallustio
440 1690 634 1738 sumptam
665 1699 749 1726 csse
775 1699 1016 1731 censeaultlS,
1046 1687 1082 1725 id
1116 1687 1220 1737 quod
1258 1699 1383 1737 paene
1414 1691 1566 1727 certum
1595 1687 1746 1727 videtur

228 1770 333 1800 esse,
364 1768 452 1794 cuin
486 1755 702 1803 fragmenta
733 1755 1000 1799 inveniantur,
1032 1767 1131 1805 quae
1159 1767 1246 1793 cum
1272 1754 1469 1793 Plutarchi
1494 1754 1623 1794 verbis
1653 1767 1746 1794 con-

226 1826 392 1864 veniant.
451 1822 558 1867 Quae
603 1822 635 1860 si
677 1826 785 1860 recte
828 1834 849 1860 a
888 1834 951 1860 me
995 1822 1187 1872 disputata
1226 1825 1335 1866 sunt,
1380 1835 1508 1874 neque
1548 1834 1618 1861 cur
1657 1826 1750 1861 cum·

227 1892 374 1931 Kritzio
402 1891 508 1929 hunc
536 1889 664 1928 locum
693 1890 816 1940 quinti
850 1888 939 1927 libri
970 1889 1088 1928 fuisse
1118 1893 1285 1927 statuam
1315 1888 1527 1928 obscurum
1548 1891 1640 1935 erit,
1672 1901 1746 1929 nec

227 1959 371 2010 quibus
401 1959 547 1997 caussis
575 1969 674 2008 quae
706 1960 893 1996 secuntur
922 1956 1138 2006 fragmenta
1170 1956 1244 1994 hoc
1272 1955 1359 1995 loco
1390 1957 1601 2008 posuerim.

342 2048 399 2087 ³³6
432 2047 511 2100 [Kr.
545 2049 588 2084 IV
615 2051 647 2083 8.
680 2049 718 2083 G.
749 2049 762 2083 1
791 2045 867 2097 78].
927 2046 1058 2096 Inperi
1094 2045 1313 2095 prolatandi
1349 2046 1587 2097 percupidus
1625 2046 1745 2087 habe-

226 2117 362 2161 batur,
396 2119 524 2154 cctera
551 2113 743 2162 egregius.

339 2183 443 2214 Arus.
470 2192 505 2223 p.
533 2181 616 2212 228:
650 2180 818 2222 Egregius
849 2181 943 2212 haee.
995 2180 1120 2212 Salust.
1155 2180 1308 2222 luyurth.
1341 2180 1494 2223 Imperii
1523 2199 1566 2204 —-
1597 2184 1747 2215 caetera

227 2228 292 2269 (sic
316 2229 390 2260 cod.
420 2225 498 2267 Gn.)
525 2225 705 2267 egregius.
755 2224 845 2256 Cum
869 2225 906 2256 in
930 2224 1024 2256 libro
1049 2225 1092 2256 de
1119 2225 1152 2256 b.
1181 2225 1259 2267 lug.
1285 2225 1380 2257 haee
1411 2226 1526 2258 verba
1550 2237 1622 2259 non
1645 2226 1746 2260 inve-

227 2274 387 2311 niantur,
408 2289 447 2294 ——
466 2274 505 2302 ut
522 2270 650 2312 paucis
668 2280 743 2301 rem
762 2269 962 2310 absolvam,
991 2270 1250 2310 grammaticus
1268 2271 1306 2301 in
1325 2281 1481 2303 errorem
1499 2271 1628 2304 ductus
1645 2271 1744 2304 vide-

227 2322 295 2358 tur,
325 2327 403 2349 cum
431 2316 465 2348 ei
489 2315 747 2347 obvorsaretur
770 2314 872 2346 locus
896 2315 974 2356 lug.
1001 2314 1057 2355 82,
1075 2316 1114 2346 ⁴2:
1140 2317 1191 2346 vir
1214 2317 1368 2357 eyreyius
1393 2319 1426 2347 in
1451 2317 1526 2348 aliis
1550 2316 1679 2349 artibus
1697 2318 1746 2349 ηἰ-

226 2365 285 2394 mis
309 2362 450 2394 molliter
475 2361 714 2401 aegritudinem
735 2361 814 2400 pali
841 2377 883 2382 -—-
916 2370 1033 2401 neque
1066 2360 1105 2390 in
1138 2359 1240 2399 Cat„
1273 2363 1390 2392 restat
1419 2364 1460 2392 ut
1493 2371 1537 2393 ex
1569 2362 1744 2394 Historiis

226 2408 360 2439 hausta
384 2407 469 2438 sint.
518 2405 636 2447 Igitur
661 2415 740 2435 cum
766 2404 810 2436 de
837 2403 908 2436 alio
935 2404 1084 2446 egregio
1109 2405 1187 2437 viro
1213 2406 1251 2436 in
1274 2405 1450 2437 Historiis
1476 2409 1745 2439 conmemorato

228 2452 315 2484 illud
342 2451 469 2483 merito
495 2450 568 2481 dici
592 2449 753 2492 potuisse
778 2449 1003 2489 nesciamus,
1038 2452 1093 2480 set
1117 2450 1160 2481 L.
1188 2449 1378 2481 Lucullum
1403 2451 1440 2482 in
1467 2461 1512 2483 ea
1542 2451 1744 2494 suspitione

227 2498 340 2529 fuisse
368 2498 523 2534 constet,
549 2505 621 2527 non
645 2504 834 2536 possumus
859 2504 930 2525 non
956 2494 1001 2526 ad
1028 2504 1108 2525 eum
1133 2494 1198 2526 illa
1225 2495 1376 2527 referre.
1424 2496 1503 2528 Iam
1527 2506 1746 2538 quamquam

226 2542 322 2573 Plut.
351 2542 463 2573 etiam
488 2551 525 2593 c.
552 2540 595 2571 ‘24
627 2539 670 2571 de
703 2538 766 2570 illo
791 2538 983 2589 obprobrio
1009 2539 1047 2570 in
1071 2539 1264 2571 Lucullum
1289 2540 1455 2573 coniecto
1481 2541 1590 2582 dixit,
1621 2544 1746 2574 tamen

228 2597 308 2618 cum
336 2598 366 2618 e.
393 2585 436 2619 33
461 2580 501 2617 οἷ
510 2580 742 2627 δημαγωγοὶ
759 2577 970 2638 προφάσεις
988 2579 1126 2637 φθόνῳ
1147 2582 1216 2616 τοῦ
1230 2579 1474 2617 Λουκούλλου
1489 2584 1746 2628 κατηγοροῦν-

227 2642 285 2669 τες
309 2642 359 2668 ως
383 2624 458 2662 ὑπὸ
485 2628 692 2671 φιλαρχίας
716 2625 782 2661 καὶ
808 2627 1080 2670 φιλοπλουτίας
1106 2624 1278 2666 ἕλκοντος
1303 2624 1370 2662 τὸν
1387 2625 1559 2682 πόλεμον·
1568 2631 1666 2663 idem
1687 2641 1744 2664 re-

226 2679 342 2718 petat,
362 2678 461 2708 certe
479 2686 550 2707 non
566 2673 762 2707 verendum
777 2676 843 2713 est,
867 2684 913 2705 ne
931 2673 969 2704 in
986 2673 1206 2706 severiorem
1224 2674 1559 2716 vituperationem·
1549 2686 1743 2717 incurram,

228 2721 321 2763 qued
344 2721 414 2753 hoc
438 2720 519 2752 loco
545 2719 609 2751 illa
634 2719 746 2751 verba
771 2718 963 2761 posuerim.
1019 2728 1023 2731 ’

341 2799 397 2837 ss7
431 2799 509 2850 [Kr.
533 2803 566 2836 9.
598 2800 636 2835 G.
662 2800 704 2836 lv
727 2797 803 2849 47].
862 2797 936 2844 Qui
966 2797 1077 2835 uxori
1109 2797 1191 2835 eius
1222 2797 1341 2835 frater
1363 2801 1457 2836 erat.

340 2876 444 2908 Arus.
471 2888 506 2918 p.
531 2876 593 2909 231
618 2876 735 2917 frater
759 2876 817 2908 illi.
868 2874 956 2907 Cum
982 2875 1060 2907 cod.
1088 2875 1154 2908 Gu.
1182 2875 1236 2907 lib.
1263 2875 1329 2914 IV,
1356 2875 1479 2907 Ambr.
1506 2876 1561 2908 lib.
1587 2877 1619 2909 V
1644 2877 1743 2910 exhi-

228 2921 327 2960 beat,
354 2932 442 2953 saue
468 2921 628 2953 dubitari
652 2921 751 2961 licet,
778 2923 898 2952 utrum
923 2921 966 2952 dc
985 2920 1101 2962 Appio
1121 2919 1272 2952 Claudio
1298 2919 1360 2962 (IV
1377 2919 1432 2953 48.
1451 2919 1508 2963 49)
1533 2921 1626 2954 haec
1643 2921 1744 2956 dieta
