1838 3288
214 207 296 251 220
322 190 324 192 Ὺ
903 217 1037 244 tucax

216 333 322 356 casus
340 320 434 353 foret
449 319 472 352 J
488 318 549 359 62,
568 316 601 350 9.
644 316 772 359 fugere
792 326 839 349 an
855 326 1005 350 manere
1024 317 1137 350 tutius
1155 316 1251 349 foret
1266 316 1305 349 in
1320 315 1461 350 incerto
1480 319 1560 350 erat
1575 317 1599 350 J
1615 315 1677 357 38,
1694 314 1728 350 5.

216 366 419 410 quaesitum
438 365 482 396 ab
503 374 544 395 eo
561 372 690 404 pacem
709 371 756 393 an
771 361 908 394 bellum
924 363 1118 403 agitaturus
1134 363 1223 394 foret
1237 362 1261 394 J
1280 361 1359 401 109,
1378 361 1410 394 3.
1443 362 1482 394 ni
1499 379 1542 384 —
1558 365 1731 405 spectata

215 412 304 444 mihi
322 411 441 442 forent
452 433 459 447 ,
480 409 616 439 frustra
632 422 678 429 —
695 406 828 438 fuisset
845 406 872 438 C
889 405 953 446 20,
969 408 1003 439 2.
1045 407 1177 440 minari
1192 424 1235 429 —
1253 407 1291 438 ni
1314 407 1385 438 sibi
1408 407 1565 440 obnoxia
1588 408 1685 440 foret
1696 406 1730 440 C

216 451 270 495 23,
289 455 320 487 3.
364 453 564 485 credebant
580 451 695 493 pollui
713 451 952 491 consulatum,
970 451 1002 483 si
1019 462 1098 484 eum
1117 470 1161 474 —
1180 452 1334 494 adeptus
1351 452 1447 484 foret
1464 451 1491 484 G
1509 451 1564 491 23,
1575 451 1608 483 6.
1649 462 1730 494 spe·

216 501 335 537 rabat,
355 500 385 530 si
403 498 617 539 designatus
635 497 740 536 foret,
759 506 798 528 se
815 506 961 528 usurum
979 496 1006 528 O
1024 495 1079 537 26,
1102 496 1129 529 1.
1170 497 1241 529 sibi
1259 497 1421 538 quisque,
1446 497 1478 528 si
1493 496 1532 528 in
1550 497 1660 529 armis
1677 497 1731 529 fo-

216 548 282 582 ret,
304 543 394 575 talia
412 542 586 584 sperabat
603 540 630 573 C
648 541 703 580 37,
721 539 754 573 6.
788 551 906 583 neque
923 541 998 573 illis
1016 542 1048 573 si
1064 542 1258 574 victoriam
1276 541 1400 584 adepti
1417 541 1549 581 forent,
1567 542 1733 576 licuisset

217 590 243 621 C
262 588 324 627 39,
342 588 375 619 4.
417 588 447 619 si
471 586 689 629 deprehensi
713 586 835 618 forent
858 586 1083 628 subplicium
1099 586 1313 618 sumundum
1336 586 1553 619 decreverat
1570 586 1598 618 G
1615 585 1730 626 50,&

215 634 353 666 veritus
371 643 415 664 ne
430 650 470 654 —
485 631 687 670 invaderet,
706 631 737 663 si
752 648 789 653 --
806 634 986 673 sumptum
1003 631 1130 664 foretJ
1138 630 1193 671 35,
1203 630 1236 663 9.
1262 632 1294 664 si
1307 632 1334 663 Ι.
1345 631 1489 663 occisus
1507 631 1612 671 foret,
1630 630 1733 663 illum

215 679 423 711 habiturum
440 677 464 709 J
488 675 543 716 65,
562 676 593 709 3.
633 676 671 708 id
687 686 793 718 posse
811 676 957 708 evenire
969 700 977 715 ,
995 676 1028 708 si
1043 676 1122 718 ipse
1140 676 1270 708 missus
1287 676 1384 709 foret
1398 676 1422 707 J
1438 675 1499 716 65,
1519 675 1550 709 3.
1585 686 1651 718 spe
1667 686 1732 718 pa-

216 723 338 755 trandi
361 721 466 761 belli,
492 722 524 754 si
549 721 624 753 eius
647 721 772 763 oppidi
795 721 931 762 potitus
955 721 1051 753 foret
1072 721 1096 753 J
1119 721 1181 761 75,
1200 721 1232 753 2.
1273 720 1466 763 pollicetur
1483 723 1625 763 partem
1639 737 1685 743 —-
1700 720 1733 754 si

215 768 351 800 bellum
370 767 593 809 conpositum
611 766 706 798 foret
721 766 746 798 J
761 764 816 805 97,
835 766 866 798 2.
909 766 1150 808 expurgandi,
1167 766 1231 797 ubi
1246 765 1363 808 iurgio
1379 765 1574 798 lacessitus
1590 766 1687 798 foret
1704 764 1732 798 C

216 813 257 846 31
269 838 276 852 ,
295 813 328 845 5.
369 821 487 854 neque
512 811 613 843 facto
637 820 754 852 neque
771 810 867 843 dicto
887 810 1085 851 abstinere,
1111 810 1206 852 quod
1227 810 1332 842 modo
1351 810 1582 842 ambitiosum
1599 810 1695 843 foret
1709 810 1734 842 J

217 853 271 897 64,
290 857 321 889 5.
357 868 400 889 ex
419 857 502 888 aliis
519 856 628 888 rebus
644 856 764 898 potius
782 865 890 897 quam
908 855 1001 897 quod
1018 856 1188 897 cuiquam
1213 855 1251 887 id
1267 858 1478 897 conpertum
1495 855 1607 895 foret,
1621 855 1734 888 fama

216 903 368 935 valebat
385 902 412 934 C
433 901 484 941 14,
503 901 536 933 7.
576 901 748 933 honorem
765 903 982 943 negaverat,
1002 900 1096 942 quod
1114 910 1237 932 eorum
1253 900 1357 932 modo
1375 900 1470 932 foret
1484 900 1509 932 J
1525 899 1581 939 65,
1591 899 1631 932 2.
1672 909 1732 932 ce-

217 949 303 980 dere
321 948 359 979 in
377 946 535 986 exilium,
553 956 626 978 non
644 956 713 988 quo
730 945 825 977 tanti
842 945 993 978 sceleris
1011 945 1082 977 sibi
1101 945 1268 977 conscius
1290 944 1386 977 foret
1403 944 1430 976 C
1448 943 1510 985 31,
1527 944 1560 976 5.
1599 943 1733 977 vellem

217 993 283 1025 illa
299 1003 398 1026 vana
415 992 537 1024 forent
553 992 672 1033 potius
688 991 712 1023 J
720 990 775 1030 24,
785 989 817 1023 9.
850 993 955 1022 tanta
971 990 1026 1022 vis
1045 1000 1161 1031 aquae
1179 990 1302 1030 missa,
1321 992 1361 1021 ut
1379 999 1424 1021 ea
1439 989 1592 1021 —ssatis
1609 999 1733 1031 super-

218 1048 286 1080 que
305 1038 399 1069 foret
411 1037 438 1069 ·J
454 1035 508 1075 76,
528 1037 559 1068 7.
593 1046 709 1078 neque
729 1036 919 1077 quisquam
935 1035 1062 1067 liberis
1079 1035 1219 1077 optavit
1234 1035 1289 1066 uti
1307 1034 1448 1066 aeterni
1466 1034 1595 1074 forent,
1614 1034 1734 1076 magis
1782 1046 1790 1050 ·

216 1086 257 1115 ut
274 1083 463 1125 exigerent
478 1081 501 1114 J
517 1080 578 1121 85,
596 1080 653 1114 49.
694 1082 945 1119 mutaverant,
970 1082 1010 1111 ut
1037 1082 1250 1122 prospectus
1268 1080 1440 1121 nisusque
1456 1079 1591 1111 facilius
1606 1079 1696 1111 foret
1710 1079 1734 1111 J

217 1127 278 1167 94,
300 1127 328 1159 1.
372 1137 473 1159 arma
496 1136 562 1158 nos
588 1126 747 1168 cepisse,
773 1128 813 1157 ut
838 1135 990 1167 corpora
1013 1128 1139 1157 nostra
1155 1127 1235 1156 tuta.
1253 1124 1373 1156 forent
1391 1123 1418 1155 C
1436 1122 1490 1163 33,
1513 1123 1542 1155 1.
1584 1124 1731 1165 fecisse,

218 1183 286 1215 quo
303 1173 399 1204 inter
416 1182 455 1204 se
473 1171 536 1203 fidi
552 1171 670 1213 magis
689 1171 807 1202 forent
821 1169 912 1209 022,
923 1170 956 1201 2.
990 1179 1075 1211 pars
1094 1179 1163 1211 quo
1180 1172 1329 1202 senatus
1349 1169 1548 1201 auctoritas
1565 1178 1734 1201 maxuma

217 1219 328 1258 foret,
356 1217 550 1249 certabant
574 1216 600 1248 C
625 1214 686 1253 38,
705 1214 736 1248 3.
781 1215 938 1255 adsedit,
965 1225 1009 1246 ne
1034 1214 1176 1246 medius
1200 1225 1244 1246 ex
1267 1214 1382 1246 tribus
1404 1214 1432 1245 I.
1459 1213 1554 1246 foret
1574 1214 1599 1246 J
1622 1212 1681 1254 11,
1699 1212 1734 1247 3.

217 1266 376 1295 montem
393 1264 567 1303 occupat,
586 1271 631 1292 ne
650 1278 691 1283 —
709 1260 930 1292 munimento
948 1260 1045 1292 foret
1059 1260 1083 1292 J
1099 1258 1159 1300 50,
1179 1258 1210 1292 3.
1252 1259 1406 1298 veritus,
1431 1269 1491 1290 ne-
1501 1258 1647 1301 legatus
1670 1268 1732 1291 au-

217 1308 305 1340 xilio
324 1308 419 1339 foret
434 1307 458 1338 J
473 1307 528 1345 52,
543 1305 574 1338 6.
615 1305 794 1338 Baebium
811 1307 929 1346 parat,
950 1305 1052 1337 cuius
1070 1304 1286 1347 inpudentia
1302 1304 1461 1336 munitus
1478 1303 1573 1336 foret
1587 1303 1612 1336 J
1628 1302 1684 1344 33,
1699 1303 1732 1335 2.
1754 1309 1758 1312 ’

218 1353 357 1395 delegit
373 1370 417 1374 —-
432 1351 616 1394 praesidio
635 1351 695 1392 qui
712 1350 831 1382 forent
845 1350 869 1382 J
884 1349 939 1390 93,
958 1348 991 1382 8.

262 1398 354 1430 toris.
390 1398 425 1430 V
423 1398 468 1429 id.
489 1396 594 1428 domi.

261 1444 376 1475 forma.
407 1441 615 1474 divitiarum
640 1443 676 1472 et
699 1440 839 1472 formae
863 1439 980 1482 gloria
998 1438 1025 1471 C
1047 1438 1082 1480 1,
1100 1439 1133 1471 4.
1176 1439 1277 1471 cuius
1301 1441 1449 1481 praeter
1473 1438 1628 1470 formam
1643 1437 1735 1470 nihil

217 1506 261 1511 -—
277 1488 393 1520 bonus
409 1486 575 1519 laudavit
592 1485 626 1519 C,
639 1485 698 1524 15,
716 1486 748 1517 2.
789 1495 924 1527 genere
943 1487 1015 1526 atq.
1035 1484 1149 1516 forma
1166 1485 1258 1516 satis
1276 1484 1463 1516 fortunata
1481 1483 1508 1515 C
1526 1482 1589 1524 25,
1607 1483 1640 1515 2.
1672 1483 1735 1515 -in-

218 1543 343 1566 manes
360 1532 500 1564 formae
517 1532 563 1572 ej.
582 1531 618 1562 H
635 1530 652 1562 1
668 1528 723 1562 67.
765 1540 891 1562 saxum
909 1529 1026 1562 simile
1046 1529 1256 1561 celebratae
1274 1529 1413 1561 formae
1433 1529 1469 1560 H
1487 1528 1538 1561 IV
1550 1527 1607 1560 21.
1640 1538 1679 1560 se
1697 1528 1735 1559 in

219 1579 371 1610 formam
387 1587 536 1619 parmae
555 1575 733 1617 equestris
748 1577 865 1615 clupeo
885 1574 1076 1606 armabant
1091 1574 1127 1605 H
1143 1575 1194 1606 IV
1213 1573 1243 1605 1.

263 1623 403 1656 formido
414 1621 482 1653 illa
489 1620 673 1653 mentibus
681 1619 870 1652 decessitJ
879 1618 933 1658 41,
944 1618 976 1651 3.
996 1629 1064 1660 quo
1074 1619 1163 1658 fuga
1173 1621 1246 1660 atq.
1258 1618 1283 1650 f.
1294 1618 1405 1650 latius
1416 1617 1630 1650 cresceretJ
1636 1617 1693 1658 55,
1701 1617 1733 1649 7.

219 1668 349 1710 quibus
365 1666 550 1699 formidini
568 1675 729 1698 essemus
744 1664 770 1696 C
785 1663 838 1704 20,
850 1664 881 1695 7.
900 1665 964 1695 inc.
983 1664 1018 1695 H
1036 1664 1090 1695 III
1103 1663 1157 1703 67,
1168 1662 1199 1695 6.
1225 1663 1306 1705 regi
1323 1662 1551 1695 formidinem
1565 1662 1700 1695 addere
1711 1662 1737 1695 J

219 1713 274 1752 37,
284 1713 316 1745 4.
344 1712 437 1754 apud
448 1710 582 1743 alteros
592 1710 618 1742 f.
631 1712 668 1742 et
681 1709 873 1741 tumultum
882 1709 1038 1740 facereJ
1046 1707 1102 1747 53,
1113 1708 1145 1740 7.
1172 1708 1400 1741 formidinem
1413 1706 1692 1748 ostentarem&
1704 1706 1735 1740 1.

219 1757 274 1798 66,
288 1757 357 1789 l.2.
384 1756 577 1788 formidine
594 1754 699 1796 quasi
713 1754 886 1787 vecordia
903 1753 1220 1795 exagitariJ72,2.
1255 1753 1412 1785 tumultu
1428 1752 1619 1785 formidine
1633 1751 1737 1794 quasi

218 1802 392 1835 vecordia
411 1803 561 1843 ceperat
573 1801 596 1833 J
609 1798 664 1839 99,
681 1799 712 1832 3.
756 1799 950 1831 formidine
970 1798 1154 1831 adtonitus
1171 1799 1205 1830 H
1221 1798 1238 1830 Ι
1254 1796 1308 1830 88.
1348 1798 1405 1829 Ea
1422 1797 1615 1830 formidine
1632 1797 1737 1830 multi

220 1848 333 1880 dediti
350 1846 497 1880 obsides
513 1846 536 1878 J
552 1845 607 1881 54,
625 1844 657 1876 6.
693 1844 809 1876 ceteri
826 1843 1018 1876 formidine
1035 1844 1274 1885 profugerant
1289 1843 1312 1875 J
1329 1843 1383 1882 74,
1396 1841 1424 1874 1.
1459 1842 1578 1875 Carbo
1596 1842 1620 1874 f.
1639 1842 1736 1884 turpi

219 1893 365 1925 Italiam
383 1891 546 1924 deseruit
561 1891 596 1922 H
613 1890 631 1921 I
647 1888 700 1921 28.
736 1899 828 1930 quae
846 1892 922 1921 tum
938 1889 1131 1920 formidine
1148 1890 1332 1920 mercatus
1350 1897 1429 1919 sum
1445 1887 1480 1918 H
1494 1887 1514 1919 Ι
1529 1886 1583 1924 41,
1603 1885 1656 1919 18.

263 1938 403 1970 formido
424 1936 515 1968 verb.
541 1946 647 1977 quam
665 1934 878 1966 formidatus
897 1937 963 1973 est,
982 1937 1057 1965 tam
1076 1935 1326 1966 contemnetur
1341 1932 1376 1964 H
1391 1932 1410 1963 1
1425 1931 1480 1971 41,
1500 1931 1556 1963 24.

264 1982 509 2014 formidulosus.
541 1980 688 2022 regibus
706 1979 830 2011 aliena
846 1979 962 2010 virtus
980 1979 1083 2010 f—sa
1102 1981 1158 2010 est
1175 1977 1201 2009 G
1220 1977 1258 2018 7,
1278 1977 1309 2010 2.
1351 1979 1513 2009 armatus
1529 1976 1645 2009 hostis
1664 1976 1690 2009 f.
1708 1975 1736 2008 O

221 2028 258 2067 7,
277 2027 310 2059 5.
352 2027 426 2059 iam
452 2029 524 2058 tum
548 2026 588 2057 P.
608 2025 773 2066 potentia
797 2024 881 2056 f—a.
899 2024 925 2056 O
946 2022 1003 2064 19,
1022 2023 1054 2056 2.
1094 2023 1176 2055 loca
1198 2025 1321 2055 taetra
1342 2021 1501 2062 inculta,
1529 2021 1638 2054 foeda
1663 2024 1736 2063 atq.

220 2071 456 2105 formidulosa
474 2070 500 2102 C
519 2070 572 2110 52,
595 2069 647 2102 13.
1286 2081 1291 2085 -

264 2117 384 2149 fornix.
416 2126 564 2148 camera
580 2114 736 2156 lapideis
754 2113 955 2145 fornicibus
971 2113 1097 2146 vincta
1115 2112 1142 2144 C
1161 2112 1215 2152 55,
1234 2112 1266 2144 4.

264 2163 343 2194 fors.
375 2164 507 2193 natura
525 2160 616 2192 forte
634 2159 752 2201 potius
771 2169 878 2200 quam
894 2158 1027 2191 virtute
1045 2158 1183 2200 regitur
1198 2157 1222 2189 J
1242 2157 1278 2196 1,
1298 2157 1327 2189 1.
1369 2157 1442 2188 fors
1464 2156 1585 2188 omnia
1608 2166 1738 2198 regere

219 2208 241 2239 J
259 2206 313 2246 51,
338 2206 365 2237 l.
398 2206 451 2237 uti
469 2205 543 2237 fors
559 2204 644 2236 tulit
659 2204 682 2235 J
699 2202 753 2243 78,
773 2204 804 2235 2.
846 2214 904 2235 res
921 2203 1015 2235 forte
1033 2213 1141 2245 quam
1160 2201 1313 2235 consilio
1330 2201 1460 2234 melius
1478 2204 1583 2244 gesta
1597 2201 1622 2234 J
1637 2199 1736 2241 926.

221 2252 312 2284 forte
327 2253 498 2283 conrecta
508 2249 603 2280 Mari
617 2248 833 2280 temeritasJ
842 2247 897 2288 94,
908 2249 939 2280 7.
966 2248 1019 2280 uti
1036 2258 1196 2290 quosque
1214 2247 1289 2279 fors
1308 2246 1593 2289 conglobaverat
1604 2246 1631 2278 ,J
1639 2244 1736 2286 97‚4.

263 2296 415 2329 forsitan.
447 2295 611 2327 incertae
630 2304 673 2325 ac
692 2293 847 2325 forsitan
863 2296 946 2335 post
962 2292 1084 2335 paullo
1103 2292 1225 2324 morbo
1242 2291 1458 2324 interiturae
1476 2292 1574 2324 vitae
1584 2300 1737 2333 parcere

218 2342 241 2374 J
261 2339 341 2381 106,
360 2339 390 2373 3.
870 2363 873 2366 .

264 2387 361 2418 forte.
393 2384 480 2416 mihi
497 2383 611 2416 multa
627 2383 766 2425 legenti
784 2383 878 2414 forte
895 2382 1014 2414 lubuit
1039 2383 1238 2414 adtendere
1261 2382 1287 2413 C
1306 2381 1361 2421 53,
1379 2382 1411 2413 2.
1453 2392 1519 2424 per
1535 2380 1631 2413 idem
1648 2383 1738 2413 tem-

220 2441 287 2474 pus
306 2431 399 2464 forte
417 2429 533 2461 Mario
550 2446 595 2451 ν-
611 2427 836 2469 subplicanti
855 2437 1009 2469 aruspex
1028 2427 1171 2459 dixerat
1186 2428 1209 2459 J
1226 2427 1281 2467 63,
1305 2427 1332 2459 1.
1373 2426 1501 2469 plebes
1520 2426 1613 2458 forte
1632 2425 1738 2458 ambo

221 2475 388 2509 consules
405 2492 448 2498 ·-—
465 2473 678 2506 deducentis
694 2472 836 2505 invadit
861 2473 896 2503 H
912 2472 948 2503 II
964 2471 1018 2503 40.
1062 2472 1256 2514 epistulam
1281 2472 1374 2504 forte
1393 2482 1474 2503 cum
1490 2481 1595 2503 servo
1611 2469 1739 2508 nancti

221 2541 263 2545 -—
281 2521 414 2552 misere
431 2519 467 2551 H
483 2519 538 2551 III
554 2517 608 2551 36.
651 2518 745 2550 forte
762 2517 881 2549 inlata
897 2517 1096 2558 naufragia
1113 2517 1263 2549 sorbens
1279 2517 1315 2548 H
1330 2517 1380 2548 IV
1396 2516 1450 2549 22.
1491 2525 1573 2548 cum
1589 2515 1738 2548 litterae

222 2566 382 2604 adlatae,
398 2564 492 2597 forte
501 2564 544 2596 N.
556 2562 799 2605 quiescebatJ
808 2561 860 2601 71,
877 2561 904 2593 l.
928 2562 963 2592 H
976 2560 1133 2601 11165ej.
1156 2572 1242 2593 cum
1253 2562 1423 2603 agitaret,
1434 2560 1528 2593 forte
1541 2560 1582 2593 L.
1593 2559 1740 2602 quidam

219 2629 264 2635 >d
278 2611 435 2643 animum
454 2608 612 2641 advortit
623 2608 647 2640 J
658 2606 714 2647 93,
722 2607 753 2640 2.
786 2606 835 2638 At
847 2607 893 2639 H.
911 2606 949 2637 in
966 2606 1098 2648 oppido
1115 2606 1181 2638 Th.
1201 2607 1295 2638 forte
1312 2605 1389 2638 eius
1407 2606 1512 2638 domo
1529 2605 1703 2637 utebatur
1714 2604 1740 2637 J

224 2656 275 2696 12,
294 2655 326 2688 3.
368 2657 404 2687 et
422 2654 517 2686 forte
534 2654 572 2685 in
590 2663 632 2685 eo
649 2652 728 2684 loco
745 2651 818 2684 ilex
837 2650 1025 2683 coaluerat
1040 2651 1063 2682 J
1079 2649 1141 2690 93,
1155 2651 1194 2681 -4.
1236 2650 1366 2682 incidit
1389 2650 1482 2682 forte
1507 2649 1687 2691 piscantis
1703 2649 1740 2682 Η

219 2702 253 2733 ΙΙ
271 2699 315 2733 66
330 2710 422 2741 susp.
456 2700 505 2730 Et
521 2699 751 2740 Perpennam
770 2697 862 2728 forte
887 2695 1072 2737 cognoscit
1090 2695 1197 2727 mulio
1214 2695 1249 2726 H
1265 2695 1319 2727 111
1334 2695 1366 2727 4.
1409 2697 1445 2727 et
1468 2694 1562 2726 forte
1580 2694 1619 2725 in
1634 2693 1739 2727 navi-

221 2745 341 2787 gando
358 2755 431 2776 una
449 2743 576 2776 cohors
593 2759 638 2764 —-
654 2742 840 2774 deerravit
855 2742 890 2773 Η
905 2741 959 2773 ΙΙΙ
974 2739 1028 2772 56.
1069 2743 1228 2772 montem
1251 2742 1407 2781 occupat
1419 2763 1427 2778 ,
1445 2748 1493 2771 ne
1508 2738 1604 2771 forte
1624 2755 1662 2760 —
1682 2748 1739 2770 re-

222 2790 344 2832 ceptui
362 2806 405 2811 -—
423 2789 517 2820 foret
531 2788 554 2820 J
571 2786 625 2826 50,
641 2786 673 2820 3.
707 2787 775 2818 nisi
789 2787 878 2819 forto
895 2785 922 2818 O
940 2784 994 2826 20,
1015 2784 1066 2818 17.
1089 2785 1113 2817 J
1129 2784 1161 2825 3,
1180 2785 1212 2816 4.
1242 2783 1293 2825 14,
1316 2783 1367 2816 10.
1392 2782 1447 2824 31,
1466 2782 1520 2816 20.
1546 2783 1582 2815 Η
1598 2783 1616 2815 Ι
1630 2781 1686 2821 41,
1704 2782 1740 2815 7.

220 2836 274 2866 22.
293 2834 348 2865 24.
372 2832 428 2873 48,
447 2833 478 2864 2.
502 2832 553 2865 14.
583 2833 639 2864 III
655 2831 709 2872 61,
729 2830 760 2863 8.
783 2830 835 2864 19.

264 2879 372 2911 fortis.
402 2888 520 2920 neque
539 2888 583 2910 ex
599 2877 733 2920 ignavo
751 2879 935 2910 strenuum
952 2885 1071 2918 neque
1089 2874 1221 2908 fortem
1239 2885 1283 2907 ex
1299 2873 1427 2907 timido
1442 2873 1644 2906 exercitum
1660 2871 1741 2906 fieri
