1812 3268
226 220 308 261 370
924 231 1057 258 INDEX

271 333 428 365 stultitia..
462 341 550 362 ——ae
568 330 764 363 videbatur
782 331 941 362 alienam
959 342 1034 363 rem
1052 350 1093 354 -—
1113 341 1241 363 curare
1259 331 1281 363 J
1298 330 1354 372 83,
1377 331 1406 364 l.

271 379 405 409 stultus.
445 376 580 408 stultae
607 375 776 407 laetitiae
801 386 940 418 poenas
965 376 991 408 C
1017 376 1080 418 51,
1105 376 1161 409 31.
1207 377 1367 419 pessumi
1399 379 1436 409 et
1467 376 1686 410 stultissumi
1708 377 1744 409 H

270 469 428 506 stuprum.
460 465 585 497 lubido
604 465 719 507 stupri
738 475 880 507 ganeae
899 465 926 498 C
948 465 999 507 13,
1019 465 1050 499 3.
1089 477 1168 498 cum
1186 467 1319 499 Fulvia
1337 467 1450 509 stupri
1468 469 1574 500 vetus
1593 477 1743 500 consue-

226 513 311 543 tudo
338 511 364 542 C
390 510 452 551 23,
472 510 504 542 3.
546 521 675 552 rapere
701 511 746 542 ad
773 513 936 553 stuprum
961 511 1122 554 virg-ines
1145 512 1179 543 H
1203 512 1255 543 III
1278 511 1414 552 67,15.
1463 522 1557 554 quae
1583 516 1745 555 sumptus

225 560 350 631 stuprci
374 555 537 631 colrporis
561 555 811 589 toleraverant
835 556 861 587 O
886 556 947 597 24,
967 556 1000 589 3.
1038 556 1152 588 multa
1176 556 1339 588 nefanda
1362 559 1488 599 stupra
1504 557 1647 589 fecerat
1664 566 1745 589 cum

289 601 315 632 C
357 601 387 640 5,
432 625 439 632 .

271 646 404 677 suadeo.
436 645 491 677 illi
510 655 531 676 a
547 646 649 678 vobis
667 656 809 688 pacem,
828 646 932 678 vobis
951 646 997 678 ab
1016 646 1077 678 illo
1095 646 1228 678 bellum
1250 646 1405 678 suadent
1421 647 1457 678 H
1473 647 1491 678 1
1507 645 1562 688 48,
1583 645 1634 680 18.
1674 646 1746 678 Ad·

226 691 369 723 herbali
387 690 560 731 suadent,
573 691 628 722 uti
648 708 684 712 —
704 691 728 723 J
743 690 798 731 26,
824 691 849 723 1.
891 691 1090 723 lubidinem
1111 692 1284 723 advorsus
1301 702 1367 723 nos
1380 717 1387 731 ,
1406 695 1541 723 metum
1558 702 1623 734 pro
1640 691 1746 724 nobis

228 737 389 768 suasisse
406 736 429 767 J
450 734 523 774 108,
543 735 574 768 3.
614 736 702 767 mihi
720 736 866 768 fortuna
884 736 985 768 dedit
1000 747 1103 768 usum
1122 737 1215 769 bene
1233 737 1411 768 suadendi
1428 737 1463 768 H
1481 737 1530 769 IV
1547 736 1602 778 61,
1621 737 1654 768 4.

273 782 388 812 suavis
404 782 450 821 ej.
470 781 505 812 H
524 781 559 812 II
577 780 621 811 49
637 791 700 822 pro
719 791 862 822 graves.

275 827 345 857 sub.
377 826 476 857 dolia
495 826 560 857 sub
579 826 704 857 trabes
722 826 847 858 locata
864 826 898 857 H
915 826 964 857 IV
981 825 1014 857 8.
1056 826 1234 858 stationes
1252 826 1318 858 sub
1336 827 1464 859 vineas
1481 826 1695 859 removebat
1711 826 1746 857 H

227 873 243 903 I
260 871 314 903 83.
355 871 420 902 sub
438 871 561 913 iugum
580 871 724 902 mittere
741 871 764 902 J
781 870 836 910 38,
854 870 886 903 9.
912 870 966 910 49,
985 871 1018 902 2.
1059 871 1242 903 finitumos
1261 872 1326 903 sub
1345 871 1526 913 inperium
1545 882 1646 903 31111111
1664 873 1746 903 0οἓ-

229 927 342 959 gere.
335 916 358 948 J
379 914 567 956 18‚12.:
585 915 734 947 Gaetuli
751 916 812 947 sub
830 916 904 948 sole
923 917 1041 958 magis
1057 916 1081 948 J
1103 915 1158 955 18,
1176 915 1209 948 9.
1252 917 1317 948 sub
1335 916 1425 958 ipsis
1442 916 1630 948 radicibus
1648 926 1746 948 mon·

229 965 319 994 tium
338 961 504 998 consedit
521 960 548 992 C
566 961 626 1000 57,
647 960 678 992 3.
716 961 775 1002 qui
799 970 827 992 s.
854 961 995 1003 inperio
1022 961 1198 1003 Micipsae
1217 961 1363 992 fuerant
1379 961 1403 992 J
1420 960 1477 1001 13,
1500 960 1528 992 1.
1569 961 1746 993 Numidae

229 1006 450 1047 sluoeurtha
469 1009 574 1038 erant
591 1006 614 1037 J
635 1005 693 1045 19,
709 1006 740 1038 7.
782 1006 848 1037 sub
873 1006 1026 1038 honesto
1051 1010 1192 1048 patrum
1220 1009 1284 1037 aut
1301 1006 1424 1048 plebei
1442 1006 1586 1037 nomine
1604 1006 1639 1037 H
1657 1006 1674 1037 Ι
1694 1005 1744 1037 10.

273 1034 442 1084 subdolus.
474 1052 616 1083 animus
636 1051 754 1082 audax
773 1061 799 1082 s.
820 1051 943 1083 varius
962 1050 1030 1091 (35,
1041 1052 1073 1083 4.
1109 1051 1281 1083 subdolus
1299 1051 1377 1082 eius
1395 1061 1530 1093 augere
1550 1051 1747 1083 amentiam

227 1098 250 1130 J
268 1096 438 1135 38‚1.=
453 1097 593 1128 subdolo
610 1096 839 1148 speculatum
856 1096 993 1128 Bocchi
1012 1096 1167 1128 consilia
1183 1096 1206 1128 J
1228 1095 1352 1136 108,1.

276 1143 431 1174 subduco.
463 1144 614 1173 cunctos
631 1142 667 1172 in
687 1141 816 1173 collem
834 1141 1003 1173 subducit
1018 1142 1041 1173 J
1057 1140 1158 1181 98,4
1163 1165 1171 1172 .
1212 1143 1396 1183 optumum
1421 1151 1597 1183 quemque
1622 1140 1658 1172 in
1676 1140 1748 1183 pri-

231 1198 325 1220 mam
345 1187 461 1218 aciem
480 1186 507 1218 C
525 1185 580 1225 59,
599 1185 630 1218 3.

276 1232 438 1264 subfodio.
471 1242 607 1263 murum
626 1231 820 1263 subfodere
838 1232 860 1263 J
878 1231 932 1269 57,
952 1231 1001 1262 4.·

274 1278 412 1309 subicio.
442 1277 534 1308 utris
556 1276 706 1308 tabulae
731 1276 888 1308 subiecit
906 1277 938 1307 H
955 1277 1011 1307 III
1032 1275 1082 1308 19.
1125 1276 1211 1318 quid
1238 1295 1263 1297 „
1296 1276 1446 1308 censes?
1471 1275 1602 1318 aliquis
1626 1275 1747 1307 subie—

231 1324 324 1355 cerit
340 1323 374 1353 H
391 1322 446 1354 111
462 1321 517 1359 61,
540 1321 590 1352 14.

277 1368 407 1408 subigo.
438 1366 539 1398 urbis
564 1384 607 1388 —-
630 1366 801 1407 subigere
826 1366 852 1398 C
877 1366 915 1404 2,
934 1366 966 1397 2.
1004 1365 1061 1404 10,
1085 1365 1099 1396 l
1128 1364 1204 1406 (vi).
1254 1366 1405 1397 ambitio
1430 1365 1562 1398 multos
1585 1364 1748 1397 mortalis

232 1413 344 1445 falsos
362 1412 439 1444 fieri
458 1411 602 1453 subegit
621 1411 647 1442 C
670 1410 719 1446 10,
739 1411 759 1442 5
777 1413 862 1442 conl.
882 1410 936 1451 51,
959 1410 1011 1442 18.
1037 1411 1060 1442 J
1077 1411 1131 1450 24,
1150 1412 1180 1442 2.
1210 1410 1263 1450 31,
1283 1411 1314 1442 4.
1341 1411 1396 1449 44,
1415 1412 1447 1442 4.

276 1458 424 1489 sublevo.
457 1455 597 1487 Caesar
613 1456 732 1487 dando
751 1455 974 1487 sublevando
992 1456 1215 1498 ignoscendo
1236 1474 1276 1478 —
1295 1455 1416 1487 clarus
1436 1455 1463 1487 O
1481 1455 1536 1497 54,
1556 1455 1588 1487 3.

277 1503 398 1534 sublex
414 1502 447 1533 H
464 1501 514 1532 IV
530 1500 584 1532 74.

276 1548 447 1578 sublimus.
479 1545 636 1577 sublima
653 1545 789 1577 nebula
807 1546 841 1576 H
858 1546 910 1577 III
930 1545 983 1577 15.

277 1593 464 1623 submoveo.
494 1591 610 1622 hostis
629 1590 674 1622 ab
692 1590 844 1632 Alpibus
863 1591 899 1621 in
916 1591 1134 1632 Hispaniam
1154 1590 1318 1622 submovi
1337 1591 1370 1621 H
1389 1591 1425 1622 ΙΙ
1442 1589 1497 1629 96,
1516 1591 1549 1621 4.

277 1638 425 1676 subpsto.
457 1637 487 1667 si
506 1645 638 1667 caussa
654 1636 834 1677 peccandi
852 1636 890 1666 in
907 1646 1082 1677 praesens
1100 1636 1218 1667 minus
1235 1635 1458 1677 subpetebat
1475 1635 1502 1666 C
1524 1634 1574 1675 16,
1593 1633 1627 1667 3.

276 1682 540 1721 subplementum
556 1680 715 1712 scribere
731 1680 755 1711 J
772 1679 831 1720 39,
850 1681 883 1711 2.
925 1680 1109 1722 postulare
1134 1680 1342 1722 legionibus
1364 1681 1387 1711 J
1404 1679 1465 1720 84,
1482 1681 1514 1712 2.
1559 1697 1595 1702 —-
1622 1680 1748 1711 decre—

232 1730 338 1760 verat
354 1727 377 1758 J
394 1725 449 1765 84,
468 1725 499 1758 3.

276 1772 426 1811 subplex.
458 1781 603 1802 manum
622 1770 806 1812 subplices
825 1770 871 1801 ad
889 1770 1030 1802 caelum
1050 1770 1201 1802 tendere
1218 1771 1247 1801 C
1265 1769 1319 1810 31,
1339 1769 1370 1802 3.
1407 1781 1484 1801 cum
1505 1780 1593 1802 arae
1611 1769 1747 1811 subpli-

232 1828 311 1848 cum
330 1817 509 1857 sanguine
525 1815 760 1847 foedarentur
776 1815 811 1846 H
827 1815 844 1846 I
860 1815 916 1848 22.
949 1816 1099 1847 Romam
1117 1815 1299 1857 subplices
1317 1814 1596 1857 proficiscantur
1610 1813 1704 1852 034,
1718 1814 1746 1846 1.

231 1862 375 1904 legatos
399 1861 575 1902 subplicis
593 1861 737 1892 mittere
756 1860 777 1891 J
796 1860 858 1900 47,
878 1859 909 1892 3.
951 1871 1041 1892 voce
1060 1860 1216 1903 subplici
1234 1871 1338 1892 orare
1357 1860 1384 1892 O
1402 1859 1462 1899 31,
1482 1860 1513 1891 7.
1555 1860 1672 1902 primo
1695 1859 1747 1890 in-

230 1907 388 1939 dustrios
407 1905 581 1948 subplicis
599 1905 759 1937 modicos
777 1915 857 1936 esse
874 1905 897 1936 J
913 1904 968 1944 85,
993 1905 1018 1937 l.

275 1951 482 1991 subplicium.
514 1950 694 1992 subplieia
711 1950 789 1981 deis
807 1950 1005 1981 decernere
1024 1950 1152 1989 J55,2.
1186 1950 1222 1981 in
1241 1949 1430 1992 subpliciis
1449 1949 1593 1981 deorum
1607 1948 1747 1991 magni-

230 1997 289 2028 fici
309 1996 335 2028 C
354 1995 391 2035 9,
411 1996 443 2028 2.
485 2006 558 2027 11011
581 1995 674 2027 votis
697 2006 814 2036 neque
838 1996 916 2026 ———is
940 1995 1178 2026 muliebribus
1202 1995 1348 2026 deorum
1372 1994 1511 2026 auxilia
1527 1997 1703 2036 parantur
1719 1993 1746 2025 C

230 2043 285 2081 52,
303 2041 358 2073 29.
382 2054 428 2068 Ξ
450 2041 600 2082 fatigati
618 2040 848 2081 (Vagenses)
876 2041 973 2082 regis
998 2040 1187 2082 subpliciis
1206 2040 1229 2071 J
1246 2039 1307 2079 66,
1326 2040 1357 2071 2.
1399 2039 1542 2081 legatos
1567 2049 1646 2070 cum
1670 2039 1748 2070 -is

230 2087 344 2118 mittit
359 2086 382 2117 J
399 2085 458 2126 46,
477 2087 510 2117 2.
536 2098 581 2112 z
603 2085 801 2124 subplicium
822 2095 965 2116 sumere
990 2085 1034 2116 de
1058 2102 1100 2107 —
1126 2085 1153 2116 C
1171 2084 1231 2123 50,
1250 2085 1282 2116 4.
1308 2084 1368 2120 51,
1390 2083 1443 2115 39.
1470 2084 1531 2125 52,
1551 2082 1605 2115 36.
1632 2083 1693 2122 55,
1712 2082 1745 2115 6.

230 2132 284 2171 57,
307 2131 336 2163 1.
363 2131 386 2161 J
403 2130 464 2169 33,
484 2129 514 2161 3.
542 2129 602 2169 35,
621 2129 654 2161 9.
682 2130 715 2160 Η
733 2131 767 2161 ΙΙ
785 2129 845 2168 41,
865 2130 897 2161 8.
938 2130 983 2161 ad
1002 2130 1218 2171 subplicium
1237 2130 1332 2161 tradi
1350 2130 1372 2161 J
1391 2128 1444 2168 61,
1465 2129 1497 2160 5.
1541 2139 1634 2170 quae
1653 2128 1699 2160 ad
1717 2137 1747 2159 3.

231 2175 441 2218 postulabat
465 2174 492 2205 C
517 2174 578 2214 55,
606 2174 633 2205 l.
676 2178 825 2216 propter
848 2175 1103 2217 Transpadani
1131 2185 1230 2206 —um
1255 2175 1427 2206 iniustum
1453 2174 1479 2206 C
1498 2172 1552 2213 49,
1570 2174 1603 2205 2.
1646 2183 1746 2205 exer-

231 2222 343 2252 citum
360 2219 538 2261 subplicio
557 2229 687 2260 cogere
706 2219 729 2250 J
746 2219 806 2259 85,
826 2219 881 2251 35.
923 2220 1106 2261 subplicia
1133 2220 1167 2251 in
1192 2223 1273 2261 post
1300 2220 1439 2250 futuros
1463 2218 1654 2260 conposuit
1678 2218 1713 2249 H
1730 2218 1748 2249 Ι

230 2265 285 2301 41,
302 2264 334 2297 6.
369 2264 489 2296 omnia
509 2264 604 2305 apud
620 2264 757 2295 inferos
775 2268 975 2296 memorata
993 2265 1177 2306 subplicia
1194 2264 1332 2296 scelere
1348 2274 1427 2295 meo
1446 2263 1518 2296 vici
1536 2264 1569 2295 H
1586 2264 1622 2295 II
1639 2262 1693 2303 41,
1713 2261 1745 2295 3.

275 2310 434 2349 subplico.
465 2309 629 2340 venienti
655 2312 732 2339 ture
758 2309 1037 2350 subplicabatur
1060 2310 1094 2340 H
1119 2308 1233 2347 1123,
1252 2308 1282 2341 3.
1324 2319 1388 2351 per
1407 2309 1548 2340 hostias
1567 2308 1644 2340 deis
1662 2307 1746 2340 sub-

230 2355 386 2398 plicanti
403 2355 425 2385 J
443 2353 548 2393 63,1.
589 2353 770 2384 missitare
789 2353 1186 2396 subplicantislegatos
1208 2335 1303 2393 «138,
1326 2354 1352 2386 1.

275 2400 466 2432 subsidium.
499 2398 715 2429 relicuarum
739 2397 844 2439 sigua
868 2398 905 2428 in
929 2399 1090 2430 subsidio
1115 2399 1212 2430 locat
1238 2399 1264 2430 C
1283 2378 1343 2437 59,
1362 2399 1395 2430 2.
1438 2399 1474 2430 111
1492 2398 1569 2430 -13
1587 2397 1614 2429 C
1631 2396 1692 2434 59
1712 2397 1744 2429 5.

228 2445 434 2487 triplicibus
457 2444 534 2474 ——is
558 2443 677 2474 aciem
701 2443 874 2473 instruxit
895 2443 918 2473 J
941 2442 1001 2483 49,
1021 2443 1052 2474 6.
1102 2444 1178 2475 —is
1203 2444 1388 2485 principes
1412 2453 1547 2486 augere
1574 2443 1608 2474 H
1631 2443 1666 2474 II
1689 2441 1744 2473 59.

230 2509 271 2513 -—
292 2489 490 2531 conpositis
510 2489 543 2519 H
562 2488 596 2519 11
614 2487 670 2518 55.

276 2535 418 2566 subsum.
450 2533 510 2565 Illi
527 2533 676 2571 suberat
693 2542 844 2574 regnum
862 2531 1119 2563 Ariobarzanis
1138 2534 1172 2564 H
1189 2534 1240 2564 [v
1256 2532 1310 2573 61,
1335 2533 1386 2564 15.

275 2580 445 2611 subvenio.
482 2578 676 2610 subvenire
701 2577 774 2608 suis
791 2577 814 2609 J
831 2576 891 2614 51,
911 2577 941 2608 5.
983 2578 1059 2608 suis
1085 2578 1121 2608 in
1146 2578 1264 2609 vicem
1289 2577 1510 2609 subveniunt
1533 2577 1568 2607 H
1586 2576 1597 2607 i
1613 2575 1668 2607 24.
1710 2576 1745 2607 ei

230 2624 506 2660 subvenientem
524 2622 739 2654 Antiochum
758 2622 792 2653 H
809 2622 859 2654 IV
875 2621 929 2660 61,
947 2619 980 2652 6.
1014 2622 1205 2653 subvenite
1224 2622 1311 2653 mihi
1324 2623 1348 2654 J
1369 2622 1419 2660 14,
1438 2615 1491 2652 25.
1525 2620 1745 2652 subveniun-

230 2671 311 2702 dum
332 2668 530 2700 Adherbali
548 2668 571 2699 J
592 2666 988 2706 15,3.25,1.01111113
1005 2665 1118 2698 bonos
1137 2667 1189 2697 rei
1207 2677 1240 2708 p.
1261 2666 1456 2698 subvenire
1475 2665 1632 2697 decebat
1649 2666 1672 2697 J
1689 2665 1743 2705 85,

230 2714 284 2746 48.
319 2714 447 2746 relicui
467 2713 537 2744 cito
562 2712 782 2745 subveniunt
804 2712 827 2743 J
843 2710 955 2751 59,2.
993 2710 1091 2742 1111110
1116 2711 1352 2743 subveniente
1369 2711 1393 2741 J
1409 2709 1471 2747 99,
1490 2709 1523 2741 3.
1564 2710 1636 2741 nisi
1661 2710 1746 2742 sub-

230 2760 362 2792 venitis
380 2760 413 2790 H
432 2759 466 2790 II
482 2757 610 2796 96,10.
652 2757 749 2799 prius
768 2766 874 2798 quam
893 2767 936 2787 ex
955 2756 1085 2787 castris
1103 2756 1360 2787 31111νο111111111·
1376 2756 1399 2787 J
1416 2754 1545 2794 54,10.

277 2805 446 2836 subvorto.
477 2803 608 2834 montis
626 2802 819 2833 subvorsos
838 2801 865 2833 C
886 2800 936 2841 13,
952 2800 980 2832 l.
1013 2801 1133 2833 vineis
1151 2800 1391 2832 Romanorum
1408 2799 1594 2831 subvorsis
1610 2798 1700 2837 ,194
1711 2799 1745 2830 4.

231 2849 389 2880 avaritia
414 2847 519 2879 fidem
544 2847 762 2889 probitatem
788 2849 967 2887 eeterasq.
988 2846 1077 2877 artis
1094 2845 1209 2876 bonas
1228 2845 1406 2880 subvertit
1424 2844 1451 2876 C
1474 2843 1531 2884 10,
1550 2845 1583 2876 4.
1618 2854 1665 2876 an
1683 2844 1744 2875 de-

232 2897 368 2926 cletum
389 2892 548 2924 consulis
566 2892 819 2924 subvmterent
832 2889 919 2931 J30,
934 2890 960 2922 l.
995 2890 1111 2934 geniti
1131 2891 1174 2922 ad
1193 2900 1249 2929 ea,
1270 2900 1360 2932 quae
1380 2890 1537 2921 mai0res
1555 2899 1745 2931 peperere,
1782 2895 1784 2898 “
