1826 3282
225 224 278 264 90
629 234 927 262 msromARvM
960 236 1041 261 Lm.
1075 235 1125 261 111
1155 229 1333 279 68—70.

224 349 320 381 quam
344 339 526 369 celeri-unte
552 337 584 367 in
609 336 678 366 alia
701 336 776 367 loca
800 335 939 367 duxisse
963 340 997 367 et
1020 337 1082 367 tali
1106 336 1238 378 quidem
1261 337 1324 373 via,
1352 347 1436 379 quae
1463 347 1526 379 quo
1551 339 1656 369 minus
1671 338 1740 369 sin-

223 385 292 423 qulz‘
313 384 442 423 longius
465 384 669 422 vayarentur
693 381 874 422 inpediret.
927 379 999 419 Qua
1021 381 1127 413 reita
1142 380 1245 412 verba
1267 380 1453 422 subplenda
1469 392 1541 414 esse
1565 382 1638 414 visa
1651 386 1740 420 sunt,

223 431 376 459 eat-trema
393 425 429 456 K
431 427 596 467 reyssiyio
615 429 648 456 et
665 425 700 456 K
702 426 800 456 ritzio
814 426 1030 467 potissumum
1043 425 1254 457 auctoribus:
1280 436 1350 468 qua
1363 436 1481 468 neque
1494 427 1638 470 evadere
1660 437 1741 468 pos-

221 475 296 502 sent
326 481 387 502 nec
414 474 558 511 praeter
589 479 717 511 agmen
748 471 926 502 secedere.
981 471 1031 502 At
1055 472 1140 502 alios
1165 470 1357 502 crudeliter
1387 474 1420 503 in
1444 472 1616 504 caedendo
1641 482 1740 504 occu-

222 518 329 557 patos
361 514 404 546 ab
434 515 527 547 hoste
558 516 640 546 ultio
673 516 798 556 gravis
828 514 1012 557 plerosque
1036 515 1216 557 obpressit.
1271 515 1350 547 Tum
1381 515 1483 547 illum
1513 516 1610 548 diem
1641 520 1742 559 atque

219 570 419 601 prooeumanz
443 562 590 591 noctem
607 559 658 591 ibi
674 564 822 591 moratus
838 570 917 592 suos
937 560 1120 602 duplicato
1139 562 1203 591 iam
1216 560 1441 602 fugitivorum
1457 570 1606 593 numero
1631 562 1742 593 educit

221 604 337 647 prima
370 615 449 636 cum
473 604 549 637 luce
574 608 607 636 et
631 606 782 637 consistit
814 606 850 636 in
875 615 1003 648 campo
1029 607 1118 637 satis
1141 607 1249 646 amplo
1272 609 1325 638 set
1350 605 1529 638 aedificiis
1552 616 1667 638 vacuo.
1705 608 1743 639 et.

220 652 295 682 tum
321 652 394 683 cet-⁷
1574 660 1579 664 ·

335 728 387 768 68
422 728 501 781 [Kr.
524 732 579 766 78.
606 731 645 767 G.
671 728 723 781 7].
787 727 967 774 Divorsa,
1001 730 1055 768 uti
1085 728 1184 767 solet
1214 728 1333 768 rebus
1361 729 1542 779 perditis,
1571 729 1740 779 capessi-

221 797 292 835 vit:
326 808 493 847 namquc
524 795 588 835 alii
618 795 758 835 fiducia
788 797 989 846 gnaritatis
1017 795 1195 835 locorum
1225 795 1416 847 occult-am
1445 796 1577 846 fugam
1602 797 1739 847 sparsi,

220 875 312 914 pars
343 862 468 914 globis
495 864 740 914 eruptionem
771 867 1022 914 temptavere.

332 931 424 962 Non.
450 941 485 972 p.
511 929 556 962 80
580 941 607 962 s.
634 941 668 963 v.
694 931 860 972 gnaritas.
902 930 1016 962 Prisc.
1035 930 1069 962 X
1084 941 1119 972 p.
1138 928 1204 962 535
1229 940 1292 962 sex
1316 930 1438 972 priora
1461 932 1603 962 tantum
1625 930 1741 962 verba

221 975 363 1007 adtulit.
414 975 503 1007 Cum
531 975 641 1007 etiam
666 975 771 1006 huius
796 975 882 1014 libri
899 975 1069 1007 meliores
1087 975 1142 1006 111
1166 976 1381 1007 historiarum
1399 975 1610 1014 exhibeant,
1637 975 1739 1006 dubi-

219 1021 310 1053 tatio
337 1021 452 1052 omnis
477 1020 521 1052 de
547 1020 658 1058 libro,
693 1020 751 1051 cui
778 1019 877 1051 ‘haec
908 1020 1022 1052 verba
1055 1019 1299 1052 adseribunda
1325 1022 1465 1059 essent,
1499 1019 1644 1052 sublata
1669 1021 1736 1052 est.

217 1066 295 1097 Nec
320 1066 438 1097 minus
461 1065 499 1096 in
524 1065 703 1107 capessivit
727 1065 823 1096 Noni
849 1068 885 1096 et
909 1065 1094 1097 Prisciani
1122 1064 1207 1097 libri
1234 1065 1483 1105 consentiunt,
1518 1064 1614 1107 apud
1643 1064 1739 1096 hunc

218 1113 360 1142 tantum
380 1110 478 1142 GLK
495 1111 665 1142 lacessivit
690 1119 809 1142 errore
835 1109 1082 1150 librariorum,
1111 1110 1169 1151 qui
1187 1109 1450 1152 praecedentia
1466 1111 1504 1140 in
1527 1109 1740 1151 parenthesi

218 1156 339 1197 posita
366 1165 446 1187 esse
473 1157 509 1186 et
532 1152 685 1196 pergere
711 1154 784 1186 iam
810 1156 1087 1196 grammaticum
1112 1155 1151 1186 in
1175 1154 1366 1187 verborum
1390 1154 1428 1186 in
1451 1164 1489 1187 so
1516 1154 1641 1186 formis
1658 1164 1738 1196 per—

219 1200 310 1232 fecti
335 1199 572 1232 ostendendis
597 1209 670 1232 non
695 1198 924 1231 intellexere.
974 1200 1051 1231 Nec
1078 1199 1182 1232 video
1208 1209 1272 1231 cur
1295 1199 1460 1242 plerique
1485 1210 1543 1232 vv.
1563 1199 1621 1230 dd.
1647 1198 1684 1230 id
1701 1199 1739 1230 in

217 1249 397 1287 capessunt
427 1245 637 1276 mutandum
671 1244 897 1282 censuerint,
930 1254 1009 1276 cum
1035 1245 1301 1277 substantivum
1335 1244 1554 1277 collectivae
1578 1244 1738 1276 notionis

217 1290 467 1332 praecessisse
493 1289 606 1331 facile
632 1289 679 1321 sit
705 1289 751 1321 ad
775 1289 1076 1331 intellegundum.
1127 1287 1217 1320 Cum
1244 1292 1365 1321 autem
1391 1289 1487 1331 apud
1511 1288 1668 1321 Nouium
1684 1288 1739 1320 le-

217 1338 327 1378 gatur
347 1335 462 1376 fuyam
486 1337 604 1376 sparsi
623 1333 741 1376 globis,
768 1335 854 1375 quin
871 1334 1087 1376 recipiunda
1104 1334 1151 1365 sit
1169 1333 1291 1366 Coleri
1308 1334 1529 1374 emendatio,
1555 1333 1673 1366 denuo
1691 1333 1737 1365 ab

215 1379 363 1421 Mahlyo
381 1380 423 1412 N.
442 1379 484 1410 A.
511 1379 682 1411 LXXVII
707 1390 741 1421 p.
767 1378 811 1410 80
843 1379 1104 1419 conmendata,
1130 1380 1263 1421 sparsi,
1292 1389 1397 1420 pars,
1427 1379 1488 1411 vix
1512 1378 1660 1410 dubium
1685 1378 1737 1410 vi-

217 1425 332 1459 detur.
380 1424 504 1456 Verba
529 1424 559 1455 si
585 1423 893 1464 consideraveris,
922 1426 1086 1465 apertum
1113 1427 1168 1456 est
1192 1424 1236 1456 de
1263 1424 1427 1456 exercitu
1444 1423 1535 1461 dici,
1563 1423 1608 1455 ab
1625 1423 1738 1455 hosti-

215 1470 283 1501 bus
310 1469 550 1501 circumcluso
574 1479 643 1500 nec
667 1479 754 1501 vero
787 1469 826 1500 in
859 1468 990 1511 oppido
1021 1468 1081 1501 vel
1115 1468 1267 1501 castello
1300 1469 1460 1501 obsesso.
1510 1468 1738 1510 Quamquam

216 1515 329 1556 igitur
353 1514 390 1546 id
415 1514 562 1556 saepius
579 1514 718 1546 factum
737 1524 817 1545 esse
835 1524 900 1556 per
918 1523 956 1546 se
976 1517 1259 1546 consentaneum
1284 1517 1356 1553 est,
1382 1516 1505 1545 tamen
1531 1522 1612 1544 cum
1629 1512 1737 1545 tertio

215 1559 309 1591 libro
334 1560 378 1591 de
397 1558 497 1591 Crixi
516 1559 679 1591 exercitu
697 1559 743 1590 ab
762 1559 803 1590 L.
826 1558 944 1591 Gellio
963 1568 1035 1590 cos.
1056 1561 1091 1591 et
1109 1559 1152 1598 Q.
1170 1559 1273 1590 Arrio
1291 1561 1458 1600 praetore
1477 1557 1598 1590 deleto
1624 1557 1736 1597 (Plut.

217 1604 338 1636 Crass.
365 1603 398 1636 9.
423 1604 516 1646 App.
540 1604 575 1635 b.
603 1615 632 1635 c.
658 1604 675 1635 I
703 1603 765 1635 117
791 1615 826 1646 p.
853 1602 930 1636 534.
964 1604 1045 1635 Liv.
1071 1604 1139 1646 Ep.
1166 1603 1294 1635 XCVI.
1329 1602 1433 1635 Oros.
1459 1603 1491 1635 V
1515 1601 1578 1643 28)
1610 1612 1736 1634 narra·

214 1652 291 1681 tum
316 1649 430 1681 fuisse
457 1659 501 1680 ex
519 1649 561 1680 fr.
582 1647 624 1680 70
651 1648 847 1690 adpareat,
874 1649 1009 1682 Kr'tzii
1035 1649 1229 1688 sententia,
1259 1648 1304 1680 ad
1331 1658 1410 1680 eam
1435 1657 1512 1679 rem
1535 1647 1648 1680 verba
1669 1646 1736 1679 illa

214 1697 420 1738 spectasse,
448 1704 623 1726 summam
647 1703 736 1736 prae
763 1703 801 1725 se
828 1694 901 1725 fert
925 1694 1003 1726 veri
1028 1693 1200 1735 speciem.

327 1772 380 1812 69
411 1772 490 1825 [Kr.
514 1777 569 1810 79.
602 1774 640 1810 G.
663 1771 739 1824 69].
795 1772 904 1812 Unus
930 1773 1099 1811 constitit
1121 1773 1157 1811 in
1182 1783 1277 1822 agro
1302 1771 1460 1811 Lucano
1480 1781 1627 1821 gnarus
1644 1770 1733 1816 loci,

214 1842 371 1880 nomine
399 1839 599 1891 Publipor.

327 1908 441 1940 Prisc.
466 1908 518 1940 VI
541 1919 575 1950 p.
603 1905 686 1939 236:
719 1911 753 1938 et
777 1918 798 1938 a
830 1909 969 1948 ‘puero'
994 1909 1195 1948 composita,
1235 1906 1429 1947 ‘Publipor‚
1456 1905 1668 1947 Publiporis'
1700 1909 1734 1941 et

216 1954 409 1995 ‘Marcipor
433 1953 660 1994 Marciporis'
695 1951 766 1993 (sic
791 1951 942 1988 Probus‚·
971 1953 1022 1983 ita
1052 1955 1138 1984 enim
1168 1952 1298 1993 antiqui
1316 1961 1384 1992 pro
1417 1950 1548 1982 ‘Publii
1563 1952 1667 1992 puer'
1700 1954 1734 1982 et

216 1999 343 2031 &Marci
361 2000 467 2040 puer'
493 1997 689 2038 dicebant),
717 2007 801 2039 quae
825 2007 844 2028 o
868 2007 934 2028 non
956 1997 1145 2038 producunt
1170 1997 1202 2027 in
1227 1996 1368 2037 obliquis
1392 1995 1544 2027 casibus:
1574 2004 1666 2027 unus
1691 2007 1743 2017 —d

214 2043 389 2085 Publipor
414 2042 607 2084 (Sallustius
631 2044 664 2073 in
688 2042 744 2073 ΙΙΙ
767 2042 984 2074 historiarum
1006 2041 1070 2073 hoc
1098 2040 1275 2082 protulit).
1324 2040 1493 2082 Probap.
1523 2038 1604 2072 116:
1640 2040 1732 2072 ‘Por'

213 2089 337 2120 tertiae
362 2092 439 2119 sunt
463 2088 712 2123 declinationis,
739 2086 971 2127 corripiuntur
993 2088 1028 2117 in
1052 2086 1266 2123 nominativo,
1291 2086 1325 2116 in
1347 2086 1500 2126 genetivo
1526 2086 1735 2127 appellativa

212 2134 446 2174 producuntur
471 2134 588 2172 ‘vapor
610 2133 769 2172 vaporis',
797 2133 920 2171 ‘sapor
942 2131 1099 2172 saporis'.
1154 2131 1242 2172 Legyi
1264 2141 1360 2161 unum
1383 2140 1466 2162 novo
1490 2131 1587 2162 modo
1606 2131 1734 2171 figura-

213 2182 279 2209 tum
296 2178 389 2218 apud
403 2176 614 2208 Sallustium:
639 2175 824 2217 Publipor,
851 2172 1076 2217 Publiporis3
1101 2186 1175 2207 nam
1192 2178 1290 2218 quasi
1302 2178 1479 2216 proprium
1502 2179 1564 2206 est.
1603 2174 1734 2207 Mirum

214 2222 379 2264 profecto
405 2224 480 2261 est,
514 2221 608 2262 quod
632 2224 782 2262 uterque
816 2220 1076 2262 grammaticus
1102 2220 1254 2253 Sallusti
1278 2219 1399 2252 locum
1423 2219 1630 2262 proferunt,
1663 2229 1733 2262 quo

214 2266 499 2299 declinationem
523 2266 680 2298 nominis
705 2265 869 2307 Publipor
894 2265 1101 2297 ostendant.
1142 2265 1192 2297 Et
1216 2265 1254 2296 in
1269 2265 1391 2298 verbis
1410 2274 1431 2296 a
1447 2264 1638 2296 Prisciano
1655 2263 1733 2296 lau·

214 2312 309 2343 datis
328 2310 498 2353 genetivo
515 2310 638 2342 nullus
656 2313 712 2342 est
728 2309 843 2349 loeus,
863 2313 919 2342 set
936 2310 1076 2342 Probus
1093 2310 1238 2342 videtur
1255 2309 1366 2341 alium
1382 2309 1501 2341 locum
1514 2309 1732 2351 respexisse,

213 2357 277 2388 ubi
302 2356 494 2398 genetivus
526 2355 604 2387 fuit.
638 2373 676 2377 ——
713 2354 883 2387 Ceterum
909 2355 939 2386 si
965 2355 1035 2395 eis,
1070 2365 1163 2397 quae
1197 2355 1293 2397 apud
1316 2354 1432 2386 Prisc.
1461 2353 1606 2386 adiecta
1637 2357 1732 2394 sunt,

214 2401 303 2433 fides
328 2400 499 2432 habenda
525 2403 598 2440 est,
626 2400 795 2442 quoniam
820 2399 863 2431 de
882 2399 1079 2442 Publipore
1105 2400 1150 2431 ab
1168 2399 1342 2441 Pompeio
1367 2399 1488 2431 deleto
1514 2398 1622 2431 tertio
1638 2398 1733 2431 libro

214 2449 402 2478 narratum
426 2455 498 2477 non
523 2448 620 2484 erat,
654 2444 744 2476 nihil
769 2444 868 2476 aliud
896 2447 1032 2485 restat,
1066 2444 1136 2476 nisi
1160 2447 1199 2476 ut
1222 2444 1291 2476 hoc
1318 2444 1560 2486 fragmentum
1587 2443 1634 2476 ad
1657 2454 1733 2476 rem

215 2494 297 2534 post
321 2490 420 2523 Crixi
445 2490 586 2522 cladem
611 2492 753 2531 gestam
779 2489 993 2521 referamus.

328 2569 381 2608 70
414 2569 499 2622 [Kr.
524 2572 580 2606 88.
612 2570 650 2606 G.
675 2566 751 2619 77].
808 2567 856 2605 Et
888 2567 1024 2606 eodem
1053 2572 1230 2617 tempore
1261 2567 1448 2606 Lentulus
1477 2566 1621 2618 duplici
1650 2567 1732 2627 acie

215 2637 343 2677 locum
375 2635 521 2676 editum
550 2634 672 2674 multo
695 2635 883 2684 sanguine
913 2633 1075 2673 suorum
1099 2634 1322 2678 defensum,
1354 2639 1560 2685 postquam
1581 2646 1628 2673 ex
1649 2639 1731 2673 εἰπέ

217 2705 312 2743 cinis
341 2703 614 2755 paludamenta
645 2696 778 2741 extare
809 2705 847 2740 et
876 2700 1048 2745 delectae
1080 2700 1261 2742 cohortes
1294 2700 1465 2751 intellegi
1495 2713 1675 2752 coepere.

327 2771 419 2802 Non.
444 2781 480 2812 p.
506 2769 588 2802 369:
620 2769 887 2810 paludamentum
910 2772 961 2800 est
984 2770 1100 2804 vestis,
1128 2778 1212 2813 quae
1236 2778 1321 2799 nunc
1345 2757 1468 2800 clames
1492 2769 1627 2800 dicitur.
1674 2769 1731 2801 De

215 2815 364 2857 proeliis
390 2825 483 2857 quae
510 2815 578 2847 Gn.
607 2813 796 2846 Cornelius
814 2812 1207 2847 LentulusClodianus
1225 2822 1298 2844 cos.
1318 2822 1350 2844 a.
1370 2812 1413 2844 72
1431 2812 1606 2845 advorsus
1623 2813 1731 2855 Spar·

216 2864 337 2892 tac-um
363 2859 543 2899 conmisit,
574 2859 668 2891 haec
699 2861 845 2891 exstant
874 2860 1038 2891 veterum
1070 2858 1286 2899 scriptorum
1310 2857 1536 2890 testimonia:
1569 2857 1668 2890 Flor.
1694 2858 1732 2890 11

216 2904 248 2943 8,
278 2904 332 2936 10:
360 2906 437 2937 inde
462 2906 525 2936 iam
549 2906 756 2936 consularem
781 2901 910 2947 qno'que
934 2903 1117 2945 adyressus
1141 2904 1174 2934 in
1191 2902 1371 2944 Apennino
1388 2902 1526 2935 Lentuli
1547 2904 1732 2936 eat-ercitum
