1826 3282
458 250 759 281 HIS'I·ORIARVM
782 249 862 279 mn.
890 250 922 279 11
948 243 1006 282 96.
1053 248 1135 278 ΜΒ.
1158 249 1208 278 111
1232 231 1264 279 i.
1564 235 1614 276 61

93 353 203 406 getis,
234 359 272 394 et
300 355 673 406 primumjnpetum
704 353 855 392 Sertori
892 352 1048 393 victoris
1078 353 1189 391 novis
1208 349 1395 391 militibus
1428 355 1466 390 et
1495 350 1618 390 multo

53 463 56 465 ,
94 422 345 473 paucioribus
385 422 576 461 substinui
609 421 857 472 hiememque
890 422 1026 460 castris
1065 422 1166 460 inter
1194 420 1453 458 saevissumos
1482 418 1617 463 hostis,

47 495 70 528 6
94 501 173 528 non
202 502 274 541 per
297 490 437 541 oppida
469 501 597 540 neque
628 501 675 528 ex
699 488 909 527 ambitione
935 500 1020 527 mea
1047 489 1119 538 egi.
1171 486 1271 533 Quid
1299 486 1440 526 deinde
1469 485 1618 538 proelia

94 561 160 596 aut
188 557 453 608 expeditiones
484 556 689 600 hibernas,
731 555 873 606 oppida
913 556 1042 594 excisa
1076 559 1142 594 aut
1177 557 1335 605 recepta
1361 554 1617 593 enumerem?

94 625 250 675 quando
281 636 345 664 res
374 623 462 675 plus
490 622 590 662 valet
619 635 736 674 quam
767 622 899 662 verba.
961 622 1096 662 Castra
1130 622 1300 660 hostium
1338 621 1442 672 apud
1473 621 1617 660 Sucro-
1635 639 1652 664 5

93 703 184 730 nem
215 695 325 742 capta
352 696 390 730 et
412 690 606 743 proelium
632 690 735 741 apud
759 690 905 729 flumen
929 689 1088 729 Turiam
1119 693 1157 728 et
1174 689 1252 728 dux
1275 682 1443 728 hostium
1468 690 1513 729 G.
1541 689 1618 728 He-

94 759 256 798 rennius
287 771 376 798 cum
407 758 506 798 urbe
532 757 705 797 Valentia
732 762 770 797 et
793 757 967 796 exercitu
997 756 1113 796 deleti
1141 757 1233 795 satis
1256 755 1358 795 clara
1380 756 1489 795 vobis
1508 761 1618 796 sunt:

95 838 169 877 pro
200 827 298 877 quis,
330 839 352 865 o
377 826 478 877 grati
507 829 650 877 patres,
678 829 891 875 egestatem
922 829 960 864 et
981 825 1124 864 famem
1148 824 1321 864 redditis,
1373 823 1509 875 Itaque
1530 836 1619 863 meo

50 902 70 933 7
96 897 134 932 et
163 893 333 933 hostium
365 894 553 933 exercitui
585 905 657 944 par
695 893 864 932 conditio
895 898 971 932 est:
1016 904 1185 944 namque
1222 891 1459 943 stipendium
1489 893 1619 931 neutri

0 982 7 985 -
49 969 71 1001 8
95 961 229 1000 datur:
261 963 383 1000 victor
412 966 578 1013 uterque
608 962 648 999 in
675 961 825 1000 Italiam
854 961 986 1000 venire
1018 964 1157 1010 potest.
1214 959 1326 1006 Quod
1348 970 1421 1009 ego
1443 971 1512 998 vos
1535 972 1618 998 mo-
1636 977 1666 1002 10

96 1041 171 1067 neo
201 1041 425 1081 quaesoque
456 1033 499 1068 ut
525 1028 854 1073 animadvortatis,
884 1040 962 1067 neu
988 1028 1135 1079 cogatis
1166 1027 1463 1066 necessitatibus
1491 1028 1619 1079 priva-

49 1105 71 1137 9
96 1097 164 1134 tim
192 1096 286 1135 mihi
319 1096 537 1136 consulere.
593 1096 820 1146 Hispaniam
848 1096 1092 1140 citeriorem,
1133 1108 1208 1147 qua
1247 1107 1326 1133 non
1360 1093 1409 1133 ab
1442 1094 1621 1134 hostibus

96 1167 269 1208 tenetur,
310 1175 383 1202 nos
420 1168 486 1203 aut
521 1164 738 1203 Sertoriusv
759 1163 807 1202 ad
847 1163 1155 1202 internecionem
1193 1163 1423 1201 vastavimus
1463 1167 1620 1212 praeter

96 1232 326 1270 maritumas
347 1222 530 1276 civitates,
553 1230 658 1270 ultro
679 1230 792 1270 nobis
816 1231 987 1281 sumptui
1014 1231 1215 1281 onerique.
1268 1229 1390 1268 Gallia
1416 1231 1619 1280 superiore

96 1310 200 1337 anno
230 1298 374 1338 Metelli
405 1299 619 1338 exercitum
649 1298 841 1349 stipendio
873 1297 1148 1349 frumentoque
1187 1296 1281 1336 aluit.
1309 1301 1346 1336 et
1374 1309 1480 1335 nunc
1509 1292 1620 1336 malis
1637 1316 1665 1341 15

97 1365 298 1413 fructibus*
319 1367 401 1417 ipsa
430 1367 491 1419 vix
522 1367 651 1416 agitat.
712 1365 795 1416 Ego
825 1378 905 1404 non
938 1378 1024 1405 rem
1050 1352 1282 1405 familiarem
1316 1365 1452 1409 modo,
1486 1377 1620 1404 verum

30 1442 73 1474 10
98 1435 212 1472 etiam
242 1433 359 1472 fidem
390 1434 627 1484 consumpsi.
688 1432 840 1472 Relicui
872 1445 938 1472 vos
966 1434 1079 1472 estis:
1111 1433 1177 1484 qui
1208 1433 1280 1471 nisi
1309 1432 1536 1477 subvenitis,
1564 1434 1620 1471 in-

96 1501 174 1539 vito
213 1505 251 1539 et
286 1501 537 1552 praedicente
575 1513 638 1541 me
679 1502 875 1541 exeicitus
912 1500 1004 1540 hinc
1043 1505 1080 1540 et
1115 1513 1204 1540 cum
1243 1513 1289 1539 eo
1321 1496 1437 1539 omne
1473 1499 1620 1539 bellum

96 1567 305 1620 Hispaniae
333 1569 373 1607 in
401 1568 551 1608 ltaliam
579 1569 932 1619 transgredientur.

92 1679 163 1732 τῆς
186 1675 284 1712 κατὰ
308 1675 384 1732 τὴν
401 1675 588 1724 Πυρήνην
613 1677 667 1719 εἰς
691 1676 736 1713 τοὶ
755 1679 872 1713 πεδία
897 1676 1127 1714 πλατύνεται
1145 1678 1210 1713 καὶ
1228 1676 1411 1713 συνάπτει
1435 1682 1516 1719 τοῖς
1532 1678 1620 1723 περὶ

58 1731 62 1733 ’
83 1718 263 1775 ἈῖΙλέρὸοιν
286 1724 352 1757 καὶ
367 1719 510 1758 Ὄσκαν
534 1725 705 1768 χωρίοις,
738 1728 818 1763 τοῖς
842 1725 917 1758 τῶν
937 1719 1150 1768 Ἰλεργετῶν
1175 1736 1220 1758 ου
1245 1722 1341 1759 πολὺ
1366 1719 1529 1758 ἄπωθεν
1552 1737 1619 1759 του

83 1762 244 1812 Ἴβηρος.
273 1771 344 1811 Cfr.
371 1771 546 1803 Mannert.
565 1772 582 1802 I
598 1782 633 1813 p.
652 1771 730 1803 403.
771 1772 935 1803 haletum·
957 1773 1004 1803 ad
1026 1774 1118 1803 lictus
1141 1775 1347 1803 maritumum
1378 1774 1473 1804 eirea
1496 1771 1621 1804 Barci-

95 1826 212 1847 nonem
243 1815 440 1848 habitabant
465 1815 660 1868 (Manum-‚t
687 1819 708 1848 I.
733 1827 762 1848 c.
790 1827 829 1857 p.
854 1816 954 1856 421).
1012 1816 1084 1848 Eos
1108 1816 1234 1848 Strabo
1259 1817 1363 1858 IIIp
1401 1815 1467 1848 212
1491 1817 1619 1849 Mein:

96 1854 202 1898 ἐντὸς
220 1855 262 1892 δε
288 1859 356 1892 τοῦ
371 1854 521 1913 Ἴβηρος
550 1857 659 1903 μέχρι
691 1858 882 1914 Πυρήνης
908 1858 974 1893 καὶ
1005 1860 1080 1893 ταῖν
1112 1860 1321 1912 Πομπηίου
1339 1828 1620 1916 Ροῖναθημοὶτων

94 1904 241 1955 χιλίους
271 1903 337 1938 καὶ
366 1899 607 1958 ἑξακοσίους·
642 1902 770 1938 οἰκεῖν
802 1901 846 1938 δὲ
872 1898 1092 1958 Ἐδητανῶν
1129 1916 1168 1938 τε
1201 1899 1352 1959 ὀλίγους
1388 1917 1454 1938 και
1485 1902 1621 1938 λοιπὸν

93 1946 182 1988 τούς
205 1947 607 1994 προσαγορευομένους
627 1944 838 1994 Ἰνὸικήτας
860 1947 1158 1994 μεμερισμένους
1189 1947 1369 1994 τέτραχα,
1401 1956 1531 1993 qentem
1561 1963 1620 1983 na-

93 1997 194 2028 tionis
218 1996 421 2038 Indiyetinm
441 1997 550 2037 fuisse
574 2000 731 2028 testatur.
780 1997 856 2028 Iam
880 2001 987 2028 utrum
1003 1996 1197 2029 credibilius
1213 2002 1264 2029 est
1282 1997 1324 2029 ab
1342 1997 1502 2037 Pompeio
1519 1997 1620 2029 rebus

92 2044 198 2083 yestis
219 2044 389 2083 yloriante
414 2042 625 2087 Lacetanos,
656 2044 815 2084 populum
838 2041 1097 2078 nobilissumum,
1124 2053 1167 2073 an
1192 2042 1224 2073 L
1227 2045 1389 2078 aletanos,
1417 2042 1620 2083 Indigetium

91 2090 234 2127 yentem,
259 2090 445 2119 nominatos
469 2089 568 2119 esse?
594 2105 634 2109 —
669 2086 698 2118 l.
724 2087 828 2120 novis
853 2087 1028 2118 militibus
1054 2086 1096 2121 23.
1145 2088 1250 2119 novis
1277 2087 1419 2128 quidem
1444 2087 1620 2119 militibus

94 2132 173 2163 edd.
207 2149 250 2153 —
280 2132 312 2163 2.
346 2132 524 2163 substinui
549 2131 592 2166 Q.
672 2132 900 2174 hiememque
933 2132 1065 2164 castris
1091 2131 1135 2166 Β.
1184 2132 1413 2173 hiememque
1444 2132 1481 2163 in
1507 2136 1617 2164 castr.

97 2176 189 2208 Cort.
259 2176 373 2208 hostis
398 2175 441 2211 23.
467 2195 511 2200 —
535 2175 566 2209 3.
594 2177 725 2208 deinde
750 2176 794 2211 Q.
843 2178 929 2209 dein
953 2177 1020 2209 Kr.
1046 2195 1087 2199 —
1114 2178 1146 2208 4.
1174 2178 1327 2209 Durium
1352 2176 1399 2216 23,
1422 2178 1515 2219 quod
1536 2179 1617 2209 iam-

94 2222 214 2253 dudum
238 2222 455 2253 emendatum.
486 2240 529 2244 —-
568 2221 618 2254 12.
646 2232 739 2264 quae
765 2222 863 2259 libri,-
895 2233 967 2264 qua
991 2223 1037 2262 ej.
1064 2234 1148 2254 mea.
1175 2241 1216 2245 —
1252 2222 1305 2254 14.
1332 2222 1546 2254 maritumas
1572 2222 1616 2257 Q·

95 2267 266 2299 civitates
298 2266 392 2299 ultro
424 2266 467 2301 23.
529 2267 701 2299 civitates
734 2278 826 2309 quae
857 2267 951 2299 ultro
982 2269 1063 2299 Ald.
1135 2268 1306 2310 onorique
1341 2266 1384 2302 ΞΒ.
1418 2286 1461 2290 —
1497 2267 1548 2300 15.
1570 2272 1620 2300 -et

94 2321 190 2343 nunc
215 2310 258 2345 23.
309 2315 347 2344 at
372 2321 466 2344 nunc
495 2312 604 2344 Ciuce.
630 2331 671 2335 —
701 2311 752 2344 18.
780 2313 899 2345 Nonne
926 2316 964 2344 at
987 2313 1225 2354 praedicente
1252 2313 1332 2344 me?

213 2629 227 2667 1
269 2627 349 2681 [Kr.
369 2633 426 2666 90.
467 2631 505 2666 G.
529 2627 581 2681 5].
641 2629 818 2682 Namque
847 2630 908 2668 his
936 2634 1094 2681 praeter
1123 2629 1232 2669 solita
1260 2630 1404 2669 vitiosis
1429 2630 1511 2679 agri
1540 2633 1618 2667 tra-

58 2731 78 2746 „
98 2695 244 2740 ctibus,
285 2708 375 2734 rum
405 2708 476 2747 per
508 2709 665 2736 omnem
694 2698 935 2748 provinciam
965 2698 1243 2746 infecunditate
1274 2697 1406 2735 bienni
1436 2697 1619 2746 proxumi

97 2774 216 2812 grave
244 2764 422 2814 precium
452 2763 645 2804 fructibus
676 2769 795 2803 esset.

208 2842 301 2874 Non.
326 2853 361 2883 p.
388 2841 470 2874 215:
505 2843 615 2875 Grave
639 2846 785 2880 multum,
817 2845 915 2878 valde
946 2843 1139 2883 significare
1164 2846 1296 2873 veteres
1319 2842 1477 2883 probant.
1528 2842 1618 2874 Cum

95 2886 133 2917 in
159 2885 282 2918 Gallia
307 2887 537 2919 Narbonensi
568 2888 740 2919 frumenti
770 2888 930 2929 inopiam
964 2897 1007 2917 ac
1039 2886 1155 2922 malas
1180 2886 1309 2917 messis
1335 2887 1449 2919 fuisse
1476 2891 1620 2920 constet

98 2940 142 2962 ex
164 2931 199 2962 11
221 2930 278 2971 96,
295 2930 328 2963 9.
356 2931 449 2963 Plut.
469 2932 596 2974 Pomp.
611 2932 667 2963 20.
695 2933 788 2964 Sert.
807 2932 862 2971 21,
890 2941 976 2972 ergo
995 2932 1079 2972 quin
1098 2941 1142 2962 ea
1159 2931 1350 2973 provincia
1367 2932 1620 2975 intellegunda
