1838 3288
788 260 922 287 1snnx
1533 244 1612 285 195

91 371 196 395 —ere
214 361 239 395 J
255 361 317 403 42,
335 360 367 395 5.
409 361 455 394 de
478 371 517 394 se
543 363 580 393 et
602 371 637 404 p.
663 371 690 393 r.
709 360 896 394 commodo
915 371 995 392 cum
1013 360 1068 393 eis
1085 360 1264 393 disserere
1281 359 1307 392 J
1325 358 1408 400 102,
1425 359 1459 392 2,
1492 369 1558 402 pro
1575 367 1614 390 se

90 408 253 441 breviter
276 411 313 440 et
336 407 500 445 modice,
521 407 565 439 de
589 417 682 449 pace
707 425 750 429 —
773 405 897 438 multis
923 407 1021 438 ——uit
1035 406 1060 438 J
1079 405 1159 447 111,
1180 406 1211 438 1.
1251 405 1377 438 multis
1387 404 1484 439 mihi
1498 405 1614 438 disse-

89 453 241 486 rendum
259 453 331 485 fuit
347 452 619 494 docendumque
637 456 700 484 cet.
718 452 754 484 H
769 451 826 483 ΠΙ
842 450 897 491 61,
921 451 949 484 l.
991 451 1123 483 deinde
1140 451 1209 484 hoc
1226 451 1332 484 modo
1348 450 1450 483 -uit
1464 450 1489 482 J
1504 449 1560 491 84,
1579 450 1612 482 5.

89 499 127 530 111
142 499 239 531 111100
257 499 400 531 modum
422 499 458 530 H
473 498 509 530 II
524 497 567 529 41
580 523 588 538 ,
612 497 640 528 1.
681 497 808 540 paucis
826 496 996 528 instituta
1020 498 1209 534 maiorum,
1235 507 1305 540 quo
1329 496 1435 528 modo
1452 514 1495 520 —-
1512 495 1615 528 facta

63 583 65 586 ι
89 545 138 576 sit
154 545 334 586 disserere
352 543 380 576 C
398 543 431 585 5,
449 542 482 575 9.
515 546 644 586 postea
662 552 755 585 quae
772 542 916 582 fecerit,
935 553 1042 574 —ere
1059 543 1084 575 J
1098 541 1154 583 95,
1173 543 1206 575 4.

133 590 289 622 dissideo.
318 600 427 622 -ere
444 589 541 621 inter
557 599 596 620 se
615 598 770 631 coepere
785 588 822 619 H
838 588 888 619 IV
908 586 960 620 12.
1544 589 1555 599 ⁸

133 635 317 667 dissimilis.
348 634 518 667 dissimili
540 633 666 676 lingua
690 633 717 665 C
742 631 780 673 6,
799 633 831 664 2.
874 633 956 676 ipsa
970 632 1082 665 ‘d—is
1099 633 1260 665 moribus
1276 633 1300 664 J
1316 631 1371 674 85,
1390 631 1445 665 37.
1461 645 1508 660 =
1522 631 1614 664 haut

89 680 316 713 dissimiliter
331 680 439 712 situm
455 679 703 722 munitumque
720 679 744 710 J
759 677 815 718 89,
834 677 866 710 6.

133 725 371 758 dissimulator.
405 725 507 757 cuius
524 725 578 756 rei
591 724 693 757 lubet
709 724 900 756 simulator
917 734 960 756 ac
978 723 1012 756 d.
1031 723 1059 755 C
1076 723 1110 764 5,
1129 724 1161 756 4.

133 771 315 804 distimulo.
346 781 453 803 -are
471 770 515 802 de
535 770 787 802 coniuratione
806 769 834 801 C
851 769 914 810 47,
936 769 966 802 1.
1008 769 1203 801 Lentulum
1218 772 1391 802 —antem
1410 772 1614 812 coarguunt

89 815 117 848 C
134 817 189 857 47,
209 816 241 849 2.
276 816 407 848 —andi
424 826 556 848 caussa
572 815 632 849 vel
650 815 875 858 expurgandi
893 814 920 846 O
939 814 980 847 31
992 840 1000 855 ,
1019 815 1052 846 5.
1092 819 1244 857 paratus
1268 815 1315 847 ad
1332 815 1474 847 —anda
1490 816 1615 851 omnia

88 861 221 900 031‚7.
249 862 295 894 ad
312 861 518 894 simulanda
535 872 576 894 ac
591 862 833 893 dissimulanda
848 860 999 903 negotia
1016 860 1171 893 altitudo
1187 861 1315 903 ingeni
1333 861 1457 893 incr-J
1464 859 1519 902 95,
1530 860 1552 893 3
1563 862 1612 902 ej.

132 908 224 940 diuo'
224 899 290 939 ivo.
322 910 475 984 mqrtegn
499 910 633 939 cuncta
657 906 864 950 mortalium
887 906 984 938 mala
1007 916 1116 938 —ere
1141 905 1168 938 C
1193 906 1255 948 51,
1274 905 1331 938 20.
1372 906 1530 949 plerosq.
1556 917 1612 938 se-

87 956 217 985 nectus
233 953 309 985 ——it
323 953 347 985 J
387 953 418 994 7,
461 977 470 985 .

133 999 294 1030 distraho.
326 998 467 1030 animus
485 997 715 1030 multitudine
732 997 850 1030 —itur
864 997 889 1029 J
904 996 960 1036 80,
978 997 1011 1029 7.

133 1044 307 1076 distribuo.
339 1044 466 1086 copias
482 1044 521 1075 in
538 1046 710 1085 quattuor
725 1043 842 1086 partis
857 1045 986 1075 ——erat
1001 1043 1025 1075 J
1045 1041 1105 1074 101
1119 1067 1128 1083 ,
1146 1041 1179 1075 3.
1219 1053 1334 1085 pecus
1352 1043 1530 1075 exercitui
1547 1053 1614 1085 per

87 1091 226 1121 turmas
243 1107 286 1112 —
304 1089 511 1131 aequaliter
527 1092 655 1121 —erat
669 1089 694 1120 J
709 1087 772 1130 91,
794 1088 824 1120 1.
865 1092 906 1120 ut
928 1088 1043 1131 quisq.
1069 1092 1241 1128 venerat,
1262 1088 1470 1131 aequaliter
1486 1092 1612 1121 —erat

88 1133 115 1166 C
133 1133 188 1176 56,
209 1135 240 1167 2.
280 1130 424 1177 tempus
434 1134 489 1166 *ad
504 1134 699 1177 pecuniam
715 1133 892 1166 -endam
909 1134 933 1165 J
952 1134 1003 1173 12,
1018 1136 1051 1165 2.
1092 1133 1338 1176 gladiatoriae
1357 1133 1525 1166 familiae
1540 1133 1611 1166 Ca-

86 1190 196 1222 puam
214 1185 251 1213 et
266 1180 305 1212 10
322 1183 448 1212 cetera
464 1179 664 1222 municipia
681 1179 986 1211 distribuerentur
1004 1178 1030 1211 C
1049 1178 1104 1220 30,
1125 1180 1157 1210 7.

131 1226 294 1267 distringi
307 1227 393 1257 male
410 1225 586 1267 legebatur
601 1225 637 1256 H
654 1225 667 1256 i
682 1223 738 1257 95.

131 1271 293 1303 disturba.
323 1281 396 1314 pax
415 1275 451 1303 et
469 1270 664 1303 concordia
679 1272 834 1302 ——antur
849 1270 885 1302 H
901 1270 919 1302 I
933 1269 989 1310 48,
1012 1269 1052 1302 13
1069 1273 1154 1302 conl.
1175 1269 1229 1302 15.

131 1317 189 1348 diu
204 1319 386 1359 noctuque
401 1316 426 1348 J
442 1314 497 1355 38,
516 1315 547 1348 3.
574 1316 628 1356 44,
648 1315 682 1347 5.
706 1314 761 1355 70,
783 1315 813 1348 l.
846 1318 957 1348 noctu
973 1315 1071 1358 diuq.
1090 1315 1126 1347 H
1140 1316 1177 1347 II
1189 1315 1244 1347 54.
1261 1327 1309 1343 =
1324 1315 1388 1348 diu
1404 1316 1502 1348 inter
1518 1327 1610 1349 mor-

85 1361 171 1394 talis
188 1366 375 1394 certamen
392 1362 462 1394 fuit
479 1361 507 1394 C
527 1361 557 1402 1,
576 1361 607 1393 5.
642 1361 675 1394 d.
693 1361 731 1393 in
747 1361 888 1393 incerto
905 1361 1068 1393 habuere
1087 1359 1115 1392 C
1132 1360 1174 1392 41
1186 1386 1194 1401 ,
1216 1360 1244 1393 1.
1285 1361 1319 1393 (1.
1344 1361 1531 1404 multumq.
1551 1362 1608 1394 fa-

85 1408 197 1450 tigati
211 1408 235 1440 J
251 1406 306 1449 94,
326 1406 358 1440 3.
399 1417 522 1439 secum
538 1407 618 1449 ipse
636 1406 669 1439 d.
687 1406 839 1440 volvens
854 1407 879 1439 J
899 1405 973 1447 113,
995 1406 1025 1438 1.
1042 1418 1090 1434 z:
1111 1406 1247 1438 diutius
1264 1417 1310 1439 ea
1326 1407 1381 1438 uti
1398 1407 1566 1439 licuisset
1583 1407 1611 1438 C

85 1451 141 1494 39,
159 1453 192 1485 4.
227 1471 268 1476 —
286 1453 325 1485 in
341 1453 398 1485 his
414 1453 505 1485 locis
523 1462 604 1484 esse
622 1451 650 1484 O
667 1451 724 1492 58,
741 1450 774 1485 6.
817 1469 855 1474 -
874 1452 1046 1484 resistere
1066 1452 1270 1495 quivissent
1286 1453 1311 1484 J
1326 1451 1382 1493 59,
1402 1452 1435 1485 3.

67 1508 70 1510 ·
130 1499 279 1531 diurnus.
310 1509 379 1530 —a
395 1508 536 1530 merces
553 1498 588 1529 H
603 1498 622 1530 I
636 1497 692 1535 48,
711 1498 742 1530 7.

128 1544 336 1579 diuturnitas
351 1543 443 1576 belli
457 1544 482 1576 J
497 1542 553 1583 64,
571 1542 603 1575 6.
638 1543 683 1575 ad
701 1546 820 1576 -tem
837 1553 924 1576 usus
940 1543 976 1575 H
992 1543 1047 1575 ΙΙΙ
1062 1542 1096 1575 6.

130 1589 317 1622 diuturnus.
347 1599 416 1621 —a
433 1589 535 1632 quies
553 1588 580 1621 C
598 1588 653 1629 31,
675 1588 706 1620 1.
744 1590 785 1623 10
801 1600 933 1632 magno
950 1599 1053 1631 —-oq.
1071 1588 1170 1621 bello
1188 1589 1214 1621 J
1230 1587 1285 1630 79,
1305 1587 1338 1621 3.

130 1635 265 1667 divano.
296 1635 353 1666 -—i
370 1645 392 1667 a
407 1637 600 1678 parentum
618 1634 797 1677 conplexu
814 1634 842 1666 C
859 1634 916 1676 51,
933 1633 968 1666 9.

130 1680 225 1712 dives
243 1680 270 1712 C
288 1679 344 1718 37,
361 1679 394 1712 6.
419 1680 477 1721 45,
495 1680 527 1712 5.
551 1680 588 1711 H
603 1680 654 1712 IV
670 1679 726 1721 61,
748 1678 799 1712 10.
833 1680 960 1712 ditium
977 1679 1202 1712 dominorum
1219 1680 1254 1711 H
1271 1680 1325 1712 ΙΙΙ
1340 1679 1396 1721 61,
1415 1679 1471 1718 26.

130 1725 253 1757 (livido.
285 1725 368 1757 —di
383 1725 600 1757 thensauros
615 1725 639 1757 J
660 1724 711 1765 12,
733 1724 762 1756 1.
803 1725 922 1758 diviso
939 1735 1052 1768 regno
1068 1726 1093 1757 J
1109 1724 1165 1765 20,
1186 1726 1215 1757 1.
1253 1725 1370 1767 legati
1386 1726 1609 1768 1030110110-

86 1774 144 1803 ter
158 1771 193 1804 J.
212 1774 249 1803 et
264 1770 307 1803 A.
326 1774 478 1803 —erent
492 1771 516 1803 J
535 1769 595 1810 16,
611 1771 645 1802 2.
686 1770 825 1813 praeda
847 1770 1027 1802 militibus
1051 1781 1138 1802 —sa
1153 1770 1178 1803 J
1192 1769 1234 1802 91
1247 1796 1255 1811 ,
1275 1769 1307 1802 6.
1347 1771 1405 1802 Ea
1429 1771 1608 1814 (negotia)

85 1816 204 1850 divisa
219 1816 289 1848 1100
306 1816 410 1849 modo
428 1816 456 1848 C
473 1814 529 1856 43,
547 1816 579 1848 2.
614 1816 676 1858 qui
693 1815 795 1848 locus
811 1815 1018 1859 Aegyptum
1036 1816 1083 1848 ab
1101 1816 1228 1848 Africa
1246 1817 1322 1847 —it
1336 1816 1361 1848 J
1381 1815 1432 1858 19,
1447 1815 1479 1849 3.
1513 1817 1609 1849 freto

84 1861 162 1894 -si
179 1861 226 1894 ab
243 1862 427 1904 Hispania
442 1862 466 1894 J
486 1860 538 1900 18,
554 1860 588 1896 9.
628 1861 836 1904 Euphrates
853 1865 892 1893 et
907 1861 1030 1904 Tigris
1053 1861 1264 1894 dividuntur
1280 1861 1398 1894 medio
1415 1863 1535 1904 spatio
1553 1873 1609 1894 re-

84 1907 172 1939 licto
188 1907 225 1939 H
239 1907 291 1939 IV
306 1906 361 1939 51.

129 1952 273 1985 divinus.
302 1951 359 1984 illi
377 1955 440 1984 aut
456 1954 615 1984 mentem
632 1951 792 1984 divinam
810 1961 891 1983 esse
916 1955 980 1983 aut
1001 1951 1151 1984 deorum
1172 1955 1272 1984 metu
1290 1955 1425 1984 cuncta
1441 1953 1609 1995 portendi

83 1998 108 2030 J
122 1996 180 2039 92,
197 1997 230 2029 2.
261 1997 506 2041 intellegundi
523 1997 647 2030 divina
664 1997 700 2029 H
713 1997 767 2029 111
782 1995 838 2028 60.
872 1996 998 2030 divina
1023 2001 1134 2040 atque
1150 1997 1312 2030 humana
1330 1997 1358 2030 C
1379 1997 1430 2039 12,
1450 1998 1481 2029 2.
1517 1998 1550 2030 d.
1570 2002 1608 2030 et

84 2043 245 2075 humana
262 2046 395 2075 cuneta
410 2043 435 2075 J
450 2043 484 2085 5,
501 2043 534 2075 2.
573 2060 620 2066 -
633 2061 679 2065 -
695 2061 737 2065 —-
760 2042 884 2074 omnia
903 2043 928 2074 J
944 2042 1008 2083 31,
1026 2042 1061 2075 9.
1079 2042 1134 2075 20,
1169 2044 1204 2075 Η
1219 2044 1238 2075 Ι
1252 2042 1314 2083 48,
1338 2042 1389 2075 10.
1431 2053 1525 2086 quae
1542 2044 1607 2075 hu-

85 2099 193 2121 mana
210 2092 386 2132 superant
403 2091 466 2121 aut
489 2088 614 2121 divina
638 2088 818 2131 inpolluta
836 2091 919 2120 sunt
935 2089 971 2120 H
986 2089 1004 2121 I
1020 2088 1082 2128 41,
1103 2088 1156 2121 11.
1198 2089 1328 2131 quibus
1351 2099 1425 2121 11011
1448 2089 1608 2122 humana

84 2134 160 2166 ulla
175 2145 293 2177 neque
310 2133 436 2167 diviua
451 2134 600 2167 obstant
615 2134 651 2165 H
666 2134 717 2166 IV
733 2132 787 2174 61,
811 2133 861 2166 17.

130 2180 262 2212 divisio.
291 2179 329 2212 in
349 2190 462 2212 ——oue
480 2177 698 2222 [Numidiae]
715 2179 740 2211 J
759 2178 812 2217 16,
829 2178 863 2211 5.
904 2198 948 2201 —
965 2197 1007 2202 —
1025 2179 1124 2212 orbis
1140 2183 1321 2212 terrarum
1337 2181 1361 2213 J
1380 2179 1432 2220 17,
1452 2179 1484 2213 3.

130 2225 280 2257 divitiae.
310 2225 424 2257 otium
442 2229 516 2267 atq.
535 2225 685 2258 divitiae
705 2225 907 2257 adfluerent
924 2224 952 2256 C
970 2224 1032 2264 36,
1049 2226 1083 2257 4.
1118 2226 1231 2257 0111110
1248 2226 1294 2266 (1.,
1314 2226 1478 2268 optanda
1497 2225 1604 2264 alias,

85 2270 187 2302 oneri
210 2270 453 2313 miserIaeque
477 2270 580 2302 fuere
606 2269 633 2302 C
661 2269 721 2310 10,
739 2270 773 2302 2.
814 2270 943 2303 honori
968 2281 1048 2303 esse
1073 2270 1100 2303 C
1127 2270 1185 2312 12,
1207 2271 1237 2302 1.
1269 2271 1427 2303 ludibrio
1444 2271 1559 2303 fuisse
1578 2271 1606 2303 C

89 2315 139 2354 13,
157 2317 189 2348 2.
224 2316 346 2359 gratia
361 2316 540 2359 potentia,
566 2315 681 2348 honos
704 2315 857 2348 divitiae
877 2316 973 2358 apud
992 2316 1074 2348 illos
1092 2319 1175 2348 sunt
1193 2316 1220 2349 C
1237 2316 1294 2358 20,
1311 2315 1344 2348 8.
1379 2322 1509 2359 (penes
1527 2327 1605 2349 eos-

85 2360 182 2403 dem)
198 2361 223 2393 J
238 2360 300 2399 31,
317 2360 351 2393 9.
383 2361 539 2393 libertas
561 2361 732 2402 divitiae,
756 2361 868 2393 decus
886 2361 1004 2404 gloria
1021 2361 1049 2393 C
1067 2360 1128 2403 20,
1151 2362 1192 2393 14
1211 2364 1298 2395 conl.
1317 2361 1378 2403 58,
1397 2362 1430 2394 8.
1473 2362 1602 2403 facies,

86 2416 243 2449 magnae
259 2407 429 2444 divitiae,
453 2407 509 2439 vis
533 2406 694 2449 corporis
716 2406 928 2439 dilabuntur
942 2407 966 2439 J
981 2408 1014 2449 2,
1033 2407 1066 2439 2.
1107 2418 1256 2450 quorum
1273 2408 1453 2450 sanguine
1472 2408 1505 2439 d.
1524 2418 1606 2450 pes-

86 2452 197 2484 sumis
214 2454 346 2495 partae
363 2454 448 2484 sunt
463 2452 500 2484 H
515 2452 533 2483 I
547 2451 604 2492 41,
622 2451 678 2484 21.
712 2452 868 2494 gloriam
886 2455 961 2495 atq.
980 2463 1068 2485 ——as
1086 2453 1213 2495 quaeri
1228 2454 1251 2486 J
1267 2451 1323 2493 87,
1333 2454 1366 2485 2.
1407 2464 1452 2485 ex
1469 2463 1542 2495 qua
1559 2453 1606 2484 ad

85 2507 225 2540 paucos
245 2507 338 2530 —ae
361 2497 599 2540 pervenerint
620 2497 645 2529 J
666 2496 728 2538 31,
750 2496 802 2530 19.
843 2498 972 2540 quibus
997 2509 1086 2530 -ae
1111 2499 1206 2531 bono
1229 2499 1419 2540 honestoq.
1443 2499 1605 2540 potiores

87 2546 193 2575 erant
207 2543 232 2576 J
248 2541 287 2584 8,
309 2542 339 2575 1.
380 2543 575 2575 divitiarum
599 2545 635 2574 et
658 2538 797 2575 fbrmae
821 2543 938 2586 gloria
955 2543 983 2576 C
1003 2543 1040 2585 1,
1059 2544 1091 2575 4.
1134 2543 1262 2577 avidus
1279 2544 1302 2575 J
1323 2543 1381 2584 15,
1399 2543 1432 2575 4.
1474 2543 1605 2585 cupido

86 2589 122 2620 H
137 2588 190 2621 IV
205 2586 304 2630 61‚5.
341 2588 482 2620 animus
499 2588 673 2620 lubidinis
690 2593 727 2620 et
743 2599 892 2621 —arum
909 2589 1028 2622 victor
1042 2590 1066 2622 J
1083 2588 1137 2630 63,
1148 2589 1182 2621 2.
1217 2589 1382 2621 omnibus
1398 2588 1507 2620 bonis
1524 2587 1605 2630 plus

87 2633 227 2676 gloriae
251 2644 359 2676 quam
382 2633 592 2667 divitiarum
615 2644 696 2666 esse
718 2634 743 2666 J
765 2632 828 2673 85,
845 2633 901 2666 40.
940 2634 1152 2667 divitiarum
1174 2634 1292 2676 magis
1316 2643 1424 2675 quam
1447 2633 1605 2664 iniuriae

87 2688 222 2712 caussa
243 2679 381 2711 bellum
403 2680 590 2722 inceptum
614 2678 643 2711 C
667 2678 728 2719 51,
747 2679 780 2712 5.
820 2679 894 2711 illis
917 2680 1057 2712 divitias
1083 2689 1256 2721 superare
1275 2689 1365 2720 quas
1382 2678 1468 2720 prof
1516 2677 1606 2710 dant

87 2723 116 2756 C
132 2723 191 2765 20,
209 2724 261 2756 11.
293 2725 443 2758 vincere
459 2727 646 2767 nequeunt
663 2724 691 2757 C
707 2724 763 2766 20,
785 2724 838 2756 12.
878 2728 919 2757 ut
934 2728 1134 2767 paupertas
1157 2727 1349 2766 superaret
1365 2723 1394 2754 C
1412 2722 1456 2756 5¹3
1550 2733 1605 2755 re-

86 2769 227 2813 liquere
251 2770 399 2803 divitias
422 2770 604 2813 imagines
625 2770 650 2802 J
672 2768 734 2807 85,
759 2768 813 2802 38.
854 2771 1053 2802 exercitum
1077 2779 1163 2801 ——as
1186 2769 1411 2800 munimenta
1427 2769 1532 2811 regni
1548 2779 1604 2800 me

87 2813 294 2847 habiturum
309 2816 332 2848 J
351 2815 404 2856 14,
425 2815 454 2848 1.
494 2815 684 2847 laudamus
701 2815 728 2847 C
746 2815 808 2856 52,
827 2816 848 2847 2
874 2839 882 2846 .
916 2825 990 2847 non
1013 2815 1193 2857 inperium
1209 2823 1326 2856 neque
1347 2824 1431 2847 —as
1448 2814 1606 2856 petimus

90 2859 117 2891 C
135 2859 189 2900 33,
207 2860 240 2892 4.
273 2871 337 2893 eas
353 2879 398 2883 —
413 2861 595 2903 putabant
611 2860 638 2892 C
656 2860 688 2900 7,
708 2859 740 2893 6.
769 2859 842 2893 hon
886 2863 944 2891 tas
960 2859 1135 2892 volebant
1151 2859 1180 2891 C
1194 2859 1226 2900 7,
1238 2857 1275 2891 6.
1310 2860 1502 2893 advorsum
1518 2869 1606 2891 —as

88 2905 263 2938 invictum
287 2907 446 2938 animum
469 2916 597 2949 gerere
614 2906 638 2938 J
654 2905 717 2946 43,
741 2905 774 2938 5.
815 2905 1119 2947 proscriptionem
1142 2904 1379 2948 locupletium
1395 2905 1440 2937 ob
1457 2905 1608 2938 divitias

89 2950 125 2982 H
141 2950 158 2982 1
173 2949 229 2992 41,
249 2949 302 2983 17.
331 2950 438 2983 homo
454 2951 632 2983 maxumis
648 2950 780 2982 dividis
797 2949 824 2982 C
842 2949 897 2992 48,
916 2950 948 2982 5.
982 2960 1134 2993 regnum
1150 2950 1298 2983 inclutis
1315 2951 1350 2985 d.
1368 2951 1404 2982 H
1419 2951 1470 2984 IV
1483 2949 1541 2992 61,
1554 2949 1606 2983 19.

1254 3007 1337 3048 13*
