1852 3294
826 220 959 247 mmzx
1572 202 1659 242 307

128 324 300 356 iestatem
325 323 461 366 inpari,
489 333 556 365 per
579 321 769 354 amicitiae
793 319 900 352 fidem
925 319 949 352 J
971 319 1032 360 24,
1057 317 1106 350 10.
1131 331 1177 346 Ξ
1207 317 1286 364 Viri.
1312 318 1508 359 angustus,
1535 325 1654 356 carus,

131 371 248 410 citus,
273 369 445 411 cupidus,
473 377 626 410 gnarus,
647 367 811 398 idoneus.

173 423 309 455 perago.
342 413 504 456 peractis
520 411 758 454 septuaginta
776 410 881 442 annis
898 410 934 442 H.
951 410 983 441 V
999 408 1032 442 3.
1551 445 1564 451 ο

173 460 331 499 porcello.
363 461 462 490 metu
479 457 639 500 perculsi
657 457 684 488 C
702 455 743 494 6,
762 456 795 487 4.
820 456 843 486 J
861 454 922 494 40,
942 455 974 487 4.
1001 453 1056 494 58,
1074 454 1095 485 2
1114 451 1347 496 (repentino).
1387 450 1544 484 tumultu
1561 451 1656 484 inso-

129 504 196 536 lito
213 503 372 546 perculsi
387 503 411 535 J
428 501 484 543 38,
502 503 535 534 5.
577 511 712 543 magna
731 503 804 542 atq.
824 500 973 532 insolita
989 510 1028 531 re
1046 498 1205 542 perculsi
1221 499 1244 530 J
1262 498 1317 538 75,
1333 496 1383 529 10.
1426 497 1576 530 aliorum
1594 506 1655 528 ca-

130 549 231 581 sibus
248 548 436 591 perculsos
453 547 590 579 milites
606 547 641 578 H
658 546 711 577 111
728 544 770 577 67
781 570 789 585 ,
813 545 865 577 10.
908 545 1023 577 caede
1049 547 1086 576 et
1106 543 1275 575 incendio
1291 542 1471 585 perculsis
1488 542 1655 574 omnibus

130 594 158 626 C
177 593 239 634 43,
256 594 289 625 2.
328 593 412 624 Auli
438 592 543 624 clade
571 591 760 634 perculsus
782 591 806 622 J
823 590 886 629 44,
904 591 936 622 4.
985 589 1239 632 magnitudine
1266 588 1444 620 facinoris
1467 586 1656 630 perculsus

129 639 153 671 J
171 637 226 677 70,
243 639 278 670 5.
318 638 379 680 qui
396 637 504 669 rebus
521 646 631 679 supra
649 636 781 667 bonum
802 639 865 667 aut
881 635 1070 667 honestum
1090 634 1278 676 perculsus
1294 633 1318 664 J
1335 632 1390 665 82.
1409 633 1441 664 2.
1484 631 1654 674 perculsa

129 684 226 716 omni
242 683 438 715 nobilitate
453 683 478 714 J
495 681 549 720 32,
568 682 600 713 5.
633 680 686 719 73,
707 679 739 712 6.
781 681 891 712 noxia
917 684 991 722 atq.
1019 690 1061 711 eo
1086 678 1256 721 perculsa
1271 677 1368 717 J42,
1390 678 1419 710 1.
1460 678 1498 709 in
1514 677 1655 720 percul—

130 739 190 761 sos
207 728 390 760 Romanos
409 727 529 759 acrius
547 726 720 758 incedere
739 726 761 757 J
786 724 857 765 101,
876 725 908 758 7.
950 724 1135 757 Perculsis
1153 727 1191 755 et
1207 724 1321 755 animi
1338 723 1490 754 incertis
1507 732 1655 754 succur-

130 775 220 806 ritur
237 773 271 804 H
287 773 341 805 111
357 772 412 805 75.

174 820 384 859 percunctor.
422 827 542 860 pauca
559 818 822 859 percunctatus
840 815 883 846 (le
903 818 1001 846 statu
1020 814 1180 846 civitatis
1199 813 1226 845 C
1241 812 1339 854 40,2.
1376 814 1557 855 utrimque
1575 823 1655 856 per-

131 863 390 896 cunctantibus
407 863 442 894 H
458 863 476 894 1
488 861 543 894 23.
581 864 861 903 percunctatum
879 861 1056 892 miserant
1074 860 1106 891 H
1123 860 1174 891 111
1196 858 1246 890 11.

173 909 287 949 perdo.
324 908 385 950 qui
409 917 520 949 seque
546 917 658 948 remq.
684 906 869 948 publicam
895 905 1075 947 perditum
1100 906 1196 936 irent
1213 904 1241 935 C
1259 902 1314 941 36,
1333 903 1366 935 4.
1406 903 1521 935 bonos
1537 903 1670 939 omnis,

131 954 159 986 C
177 955 232 991 52,
255 953 306 985 12.
331 954 355 985 J
372 951 432 992 31,
452 952 508 984 27.
550 952 795 994 inpunitatem
821 950 1031 993 perdundae
1057 950 1109 981 rei
1133 960 1166 991 p.
1193 949 1272 980 fore
1291 948 1318 980 C
1336 947 1398 987 46,
1418 949 1438 979 2
1464 948 1564 987 (conl.
1584 948 1656 980 sibi

130 999 277 1041 perdita
300 1008 338 1030 re
362 1009 396 1040 p.
421 1007 511 1039 opus
535 1007 615 1029 esse
642 996 669 1028 C
696 996 756 1035 31,
775 996 822 1035 7).
870 995 1049 1037 pecuniae
1075 994 1285 1036 perdundae
1311 994 1459 1035 genitus
1477 994 1511 1025 H
1529 994 1581 1025 ΙΙΙ
1598 993 1654 1024 54.
1693 1010 1695 1012 -

131 1044 252 1076 multis
276 1043 456 1085 magnisq.
481 1042 677 1084 praesidiIS
701 1042 921 1083 nequiquam
946 1040 1099 1082 perditis
1122 1039 1146 1071 J
1170 1038 1234 1078 62,
1251 1038 1284 1070 9.
1325 1039 1436 1070 rebus
1452 1038 1605 1080 perditis
1622 1038 1655 1069 H

130 1090 182 1121 111
200 1088 255 1121 68.
296 1099 342 1120 ne
360 1088 522 1119 florentis
540 1097 598 1119 res
617 1096 702 1118 suas
720 1096 799 1117 cum
816 1085 1015 1128 Iugurthae
1034 1084 1187 1127 perditis
1206 1084 1377 1116 miseeret
1392 1085 1415 1116 J
1432 1082 1488 1123 83,
1509 1083 1539 1115 l.

174 1134 339 1174 perdono.
371 1133 468 1165 omni
487 1132 611 1164 Gallia
629 1131 834 1174 perdomita
851 1131 885 1161 H
902 1131 919 1162 Ι
935 1129 969 1161 8.

173 1180 320 1219 perduco
337 1189 399 1210 eos
419 1178 454 1209 in
473 1177 615 1209 domum
634 1176 737 1207 Bruti
755 1176 782 1207 C
799 1175 855 1215 40,
873 1175 906 1206 5.
941 1175 1071 1206 Cicero
1090 1173 1285 1206 Lentulum
1305 1174 1383 1216 ipse
1401 1184 1509 1205 manu
1526 1176 1656 1205 tenens

131 1224 298 1267 perducit
315 1223 342 1255 C
361 1222 415 1262 46,
435 1223 468 1254 5.
509 1221 649 1254 Bocchi
665 1223 858 1263 prostumos
877 1220 923 1252 ad
940 1220 1097 1251 studium
1116 1220 1172 1251 sui
1191 1219 1358 1261 perducit
1374 1219 1398 1250 J
1414 1218 1469 1259 80,
1489 1218 1522 1250 3.

174 1269 382 1310 peregrinor.
413 1268 527 1300 vitam
546 1267 656 1298 sicuti
673 1266 955 1308 peregrinantes
972 1265 1152 1296 transiere
1172 1264 1200 1296 C
1218 1265 1249 1303 2,
1268 1263 1302 1295 8.

174 1323 284 1354 pereo.
324 1323 479 1355 quonam
504 1312 608 1344 modo
635 1329 673 1334 —
698 1311 766 1342 ulti
789 1320 982 1352 pereamus
1007 1309 1034 1341 C
1059 1308 1115 1349 33,
1134 1309 1166 1341 5.
1209 1319 1315 1351 quam
1343 1308 1450 1340 foede
1476 1319 1654 1350 quamque

132 1359 238 1391 inulti
255 1358 432 1401 perierint
448 1357 561 1390 vostri
579 1356 793 1400 defensores
810 1356 832 1387 J
852 1355 913 1392 31,
927 1355 959 1385 2.
1001 1364 1115 1386 suane
1136 1364 1182 1385 an
1200 1353 1343 1385 Metelli
1360 1354 1494 1385 virtute
1518 1354 1657 1396 periret

130 1405 155 1435 J
171 1403 228 1444 70,
246 1404 278 1436 5.
321 1403 351 1435 O
369 1403 496 1434 urbem
514 1420 555 1424 —
573 1404 716 1433 mature
734 1401 932 1443 perituram
949 1399 973 1431 J
990 1399 1045 1439 35,
1061 1399 1111 1431 10.
1147 1399 1243 1431 ferro
1261 1409 1368 1441 quam
1386 1399 1485 1430 fame
1504 1399 1656 1440 aequius

131 1449 312 1492 perituros
333 1448 366 1480 H
385 1448 397 1478 i
414 1446 468 1479 21.

174 1494 316 1534 perfero.
346 1491 595 1524 iusiurandum
614 1491 707 1533 quod
725 1491 910 1533 signatum
935 1490 982 1522 ad
1001 1490 1091 1522 civis
1110 1489 1300 1532 perferant
1317 1488 1344 1521 C
1362 1489 1424 1527 44,
1446 1487 1476 1521 1.
1517 1489 1657 1520 iniusta

131 1539 276 1582 inperia
296 1556 333 1560 —
353 1548 423 1569 non
441 1537 632 1580 perferunt
647 1537 670 1568 J
689 1535 743 1575 31,
766 1536 816 1567 11.
858 1535 1005 1578 perlata
1022 1535 1214 1577 rogatione
1233 1544 1255 1566 a
1274 1535 1444 1566 Memmio
1463 1534 1487 1565 J
1503 1533 1558 1573 32,
1577 1534 1608 1566 5.

174 1584 320 1624 perficio.
358 1583 502 1625 magnis
526 1582 698 1624 operibus
721 1581 899 1623 perfectis
915 1580 951 1612 H
970 1581 986 1612 I
1002 1579 1058 1612 84.
1101 1580 1226 1622 quovis
1251 1580 1356 1611 modo
1374 1580 1557 1621 inceptum
1577 1589 1656 1621 per-

131 1629 240 1661 ficere
257 1630 280 1661 J
302 1628 353 1666 ll,
370 1627 403 1660 9.
445 1627 563 1660 dando
583 1644 621 1649 -—
640 1626 810 1668 perfecit,
829 1629 870 1657 ut
884 1643 931 1648 —
948 1625 1152 1657 anteferret
1168 1625 1191 1656 J
1214 1624 1263 1664 16,
1283 1624 1315 1657 3.

175 1674 325 1714 perfidia.
357 1675 562 1714 repertores
578 1671 754 1713 perfidiae
773 1671 807 1702 H
824 1671 874 1702 IV
890 1669 930 1702 61
945 1695 953 1710 ,
973 1671 1006 1701 7.
1048 1670 1188 1712 Iupiter
1203 1687 1249 1692 —
1265 1669 1417 1701 sceleris
1442 1672 1551 1711 atque
1574 1680 1654 1711 per-

133 1719 242 1750 fidiae
266 1717 405 1750 Bocchi
429 1717 538 1748 testis
561 1717 709 1748 adesset
731 1716 755 1747 J
774 1715 857 1755 107,
876 1715 897 1746 2
920 1718 1006 1747 conl.
1032 1714 1086 1746 illi
1109 1725 1192 1756 spes
1218 1715 1256 1746 in
1279 1714 1419 1746 scelere
1445 1719 1481 1745 et
1504 1714 1657 1756 pertidia

133 1765 166 1795 H
183 1765 199 1795 1
216 1763 272 1803 41,
284 1763 314 1795 l.
350 1773 443 1804 quae
463 1779 501 1784 —
522 1761 741 1804 paravisset,
760 1759 914 1802 perfidia
933 1760 1082 1791 clientis
1100 1760 1154 1791 sui
1171 1762 1374 1802 praeventa
1389 1759 1414 1790 J
1426 1759 1526 1798 '71,5.
1567 1760 1655 1790 ami-

133 1819 254 1841 corum
273 1805 404 1851 [reyis]
421 1806 575 1849 perfidia
592 1816 656 1848 pro
674 1807 784 1837 armis
802 1806 855 1838 uti
872 1808 982 1847 parat
998 1805 1020 1836 J
1038 1803 1093 1843 61,
1108 1804 1141 1836 3.
1186 1804 1328 1836 biduom
1349 1815 1392 1836 ex
1410 1803 1565 1846 perfidia
1582 1804 1656 1835 lae-

132 1854 201 1886 tati
218 1854 241 1885 J
257 1853 314 1893 69,
334 1853 366 1885 3.
407 1862 581 1884 novorum
598 1850 704 1882 fidem
723 1851 760 1882 in
777 1854 882 1882 tanta
899 1849 1053 1892 perfidia
1069 1853 1232 1881 veterum
1253 1850 1411 1891 experiri
1426 1850 1450 1881 J
1467 1849 1522 1887 74,
1545 1849 1573 1880 1.

177 1899 330 1939 perfuga.
363 1900 513 1929 caveret
530 1897 719 1939 inperator
738 1907 759 1927 a
776 1895 934 1937 perfuga
959 1894 1144 1926 Celtibero
1168 1895 1202 1925 H
1228 1894 1282 1925 111
1298 1894 1330 1925 2.
1373 1894 1572 1936 perfugae,
1592 1894 1656 1925 mi-

133 1954 239 1976 nume
258 1944 336 1975 cari
353 1961 396 1965 -—
408 1943 565 1974 hostium
585 1942 655 1972 iter
672 1940 916 1983 explorabant
932 1940 956 1971 J
978 1938 1050 1977 100,
1069 1939 1102 1971 3.
1143 1939 1318 1981 perfugas
1336 1939 1493 1971 vendere
1509 1939 1534 1970 J
1550 1937 1605 1977 32,
1624 1939 1657 1970 3.

135 2008 172 2011 —-
194 1989 340 2021 tradere
357 1988 380 2019 J
397 1988 453 2027 40,
477 1987 503 2019 1.
546 2005 586 2009 --
606 1987 722 2018 omnis
740 1986 884 2018 vinctos
903 1985 1034 2017 adduci
1053 1984 1154 2015 iubet
1169 1985 1193 2016 J
1209 1983 1263 2023 62,
1283 1983 1315 2016 6.
1357 1994 1426 2026 quo
1442 1985 1470 2015 Ι.
1491 1995 1525 2026 p.
1543 1984 1658 2016 omnis

133 2034 355 2076 praesidium
375 2033 588 2075 inposuerat
602 2031 626 2062 J
647 2030 729 2071 103,
752 2030 781 2063 l.
825 2030 959 2062 additis
985 2029 1122 2061 auxilio
1146 2029 1328 2071 perfugis,
1358 2029 1453 2071 qnod
1476 2039 1592 2071 genus
1615 2046 1659 2052 —

134 2079 386 2111 firmissumum
406 2081 485 2110 erat
501 2078 524 2108 J
541 2075 604 2115 56,
622 2077 654 2108 2.
695 2075 834 2118 praeda
861 2086 882 2107 a
905 2075 1070 2117 perfugis
1094 2078 1272 2116 conrupta
1288 2074 1311 2105 J
1328 2073 1389 2111 76,
1407 2074 1439 2106 5.
1482 2085 1575 2116 quae
1593 2084 1658 2116 pa-

135 2127 301 2156 rarentur
319 2134 341 2155 a
357 2123 522 2165 perfugis
541 2122 690 2153 edoctus
706 2122 729 2152 J
746 2119 801 2156 56,
819 2120 852 2152 2.
895 2131 939 2152 ex
954 2120 1120 2162 perfugis
1137 2122 1310 2162 cognovit
1327 2118 1355 2150 C
1373 2119 1435 2159 57,
1454 2118 1486 2151 3.
1511 2119 1536 2151 J
1553 2118 1608 2159 73,
1629 2114 1658 2150 Ῐ.

135 2179 217 2200 cum
233 2169 400 2211 perfugis
417 2186 456 2190 —
476 2167 644 2210 pervenit
659 2166 682 2198 J
699 2166 753 2204 75,
776 2165 803 2197 1.

178 2214 335 2254 perfugio
352 2224 416 2255 per
433 2213 599 2244 tramites
617 2211 761 2243 occulte
780 2211 818 2242 in
837 2210 995 2242 Galliam
1013 2209 1040 2242 C
1058 2210 1113 2251 57,
1136 2209 1165 2242 1.

178 2259 378 2300 perfugium.
409 2268 528 2300 neque
546 2257 618 2288 sibi
635 2256 844 2299 perfugium
863 2266 943 2288 esse
961 2266 1078 2298 neque
1097 2273 1139 2277 —-
1156 2255 1179 2287 J
1197 2254 1258 2296 52,
1277 2253 1309 2287 3.
1351 2255 1389 2286 in
1407 2254 1571 2287 Caesare
1595 2254 1659 2286 mi-

134 2305 226 2335 seris
244 2303 452 2346 perfugium
472 2306 552 2334 erat
570 2301 597 2333 C
616 2301 671 2337 54,
689 2300 722 2333 3.

178 2357 293 2390 pergo.
323 2352 555 2380 maturavere
574 2347 644 2378 iter
660 2356 813 2389 pergere
829 2346 854 2378 J
870 2345 932 2385 79,
951 2346 983 2378 5.
1025 2346 1175 2383 itinere,
1206 2356 1275 2387 quo
1292 2345 1463 2377 Metellus
1479 2345 1660 2387 pergebat
1714 2379 1719 2383 ‚

133 2394 158 2425 J
174 2394 229 2433 47,
252 2393 281 2425 1.
323 2403 394 2435 qua
412 2392 610 2435 pergebat,
635 2401 744 2434 agros
761 2393 909 2424 vastare
926 2391 950 2423 J
966 2390 1029 2430 20,
1046 2390 1080 2422 8.
1121 2391 1221 2434 prius
1246 2401 1353 2433 quam
1372 2391 1513 2422 domum
1530 2401 1659 2432 perge-

135 2442 218 2470 rent
238 2438 265 2470 C
290 2438 351 2478 44,
371 2437 402 2470 3.
443 2454 487 2459 —
511 2436 557 2468 ad
575 2447 675 2469 mare
697 2454 740 2459 —
764 2436 848 2468 dein
866 2437 1015 2468 Romam
1041 2439 1237 2478 pergerent
1260 2436 1282 2467 J
1300 2435 1361 2475 23,
1381 2435 1412 2466 2.
1458 2435 1503 2466 ad
1527 2435 1660 2466 flumen

136 2483 318 2515 festinans
340 2483 462 2525 pergit
484 2481 593 2520 J-52.
611 2482 632 2514 5
655 2484 742 2514 conl.
760 2480 821 2521 90,
840 2481 872 2514 3.
913 2499 953 2504 —
979 2482 1024 2513 ad
1051 2481 1168 2513 locum
1193 2481 1217 2511 J
1232 2479 1289 2519 94,
1312 2480 1339 2512 l.
1382 2480 1427 2511 ad
1450 2480 1621 2521 oppidum
1637 2480 1661 2510 J

134 2527 191 2567 59,
213 2527 242 2560 1.
283 2546 323 2550 —-
351 2527 397 2560 ad
421 2526 498 2559 alia
521 2527 696 2569 oppidaJ
711 2526 775 2566 92,
793 2526 826 2559 3.
869 2527 915 2559 ad
940 2526 1112 2568 Cyzicum
1136 2525 1297 2567 perrexit
1314 2525 1347 2555 H
1366 2525 1417 2556 111
1441 2524 1478 2555 17
1503 2526 1589 2556 conl.
1617 2534 1660 2555 eo

135 2573 256 2616 pergit
273 2573 296 2605 J
313 2571 369 2612 56,
387 2573 419 2604 4.
462 2572 508 2604 ad
532 2572 760 2604 occidentem
785 2571 1023 2614 pergentibus
1049 2571 1221 2602 Oceanus
1246 2569 1352 2600 finem
1379 2569 1470 2600 fecit
1486 2569 1519 2600 H
1537 2569 1587 2600 IV
1602 2567 1658 2606 61,

140 2618 191 2650 17.
227 2618 273 2650 ad
297 2628 419 2660 regem
443 2628 596 2659 propere
620 2617 741 2659 pergit
756 2617 780 2648 J
797 2616 860 2656 71,
878 2617 911 2648 4.
954 2617 998 2648 ad
1024 2626 1062 2647 se
1088 2625 1230 2647 vorsum
1250 2614 1447 2645 exercitum
1465 2623 1620 2655 pergere
1630 2613 1660 2644 ’.1

135 2662 192 2704 69,
213 2662 244 2695 l.
284 2673 479 2705 perrexere
502 2663 540 2694 in
564 2661 782 2704 Hispaniam
808 2671 854 2694 an
879 2661 1086 2694 Sardiniam
1109 2660 1143 2690 H
1168 2660 1200 2690 11
1222 2658 1272 2690 10.
1315 2659 1351 2689 in
1368 2658 1560 2690 Numidiae
1578 2658 1660 2690 loca

136 2707 426 2750 opulentissuma
441 2708 563 2751 pergit
579 2707 603 2739 J
619 2707 675 2747 54,
693 2706 724 2739 6.
759 2708 798 2738 in
816 2706 1032 2738 solitudines
1049 2704 1073 2735 J
1090 2704 1145 2743 74,
1167 2704 1195 2735 1.
1234 2704 1290 2735 sin
1309 2703 1565 2745 properantius
1580 2713 1661 2745 per-

137 2753 314 2795 geretJ8,
324 2753 355 2785 2.
389 2753 442 2784 uti
461 2753 616 2795 coepisti
633 2752 778 2794 perge-I
799 2750 915 2791 102‚9.
934 2760 1032 2791 Vnum
1052 2748 1208 2780 obticere
1227 2748 1311 2790 quid
1330 2748 1433 2780 vobis
1450 2757 1522 2780 uno
1541 2748 1661 2780 animo

137 2798 375 2840 pergentibus
390 2798 504 2840 possit
520 2798 554 2829 H
572 2798 625 2829 111
643 2796 698 2836 61,
717 2797 750 2828 8.

180 2843 399 2882 perieulum.
439 2852 518 2874 cum
545 2859 582 2864 -—
611 2841 769 2883 experiri
798 2839 1042 2882 periculosum
1073 2838 1226 2870 (luceret
1256 2837 1279 2869 J
1303 2837 1363 2877 74,
1391 2837 1421 2870 1.
1471 2837 1596 2870 aliena
1617 2855 1663 2861 -—

139 2887 229 2938 nihil
255 2888 458 2928 profutura,
484 2887 633 2918 multum
652 2886 764 2917 etiam
782 2883 994 2926 periculosa
1018 2886 1055 2915 et
1078 2883 1281 2925 pernitiosa
1304 2885 1434 2925 petunt
1455 2884 1479 2915 J
1506 2883 1542 2924 1,
1559 2883 1592 2916 5.
1617 2895 1663 2910 =

1268 2939 1359 2978 20*
