1826 3282
502 266 803 294 HISTORIARVM
827 265 908 292 LIB.
932 265 965 292 11
993 258 1172 295 19—21.
1549 249 1603 290 37

194 367 375 400 Priscian.
401 368 432 399 V
456 379 492 410 p.
519 366 599 399 143:
639 367 730 409 quod
758 370 867 398 autem
893 365 1035 397 ‘Turia'
1066 370 1099 398 et
1128 366 1250 397 similia
1275 365 1442 407 fltmcinum
1467 364 1605 396 ‘nomina

81 414 262 445 masculina
284 418 380 453 sunt,
412 413 561 445 ostendit
584 414 684 444 etiam
707 410 888 442 Sallustius
911 412 944 442 in
972 411 1054 442 ‘am'
1079 412 1264 442 terminans
1287 412 1358 442 eius
1382 406 1604 441 acczaeaiivmn

81 460 114 489 in
138 458 176 489 11
200 458 435 490 historiarum:
467 458 564 489 inter
587 456 697 488 laeva
721 456 903 487 moenium
933 458 971 487 et
995 455 1160 487 dextrum
1185 456 1316 487 flumen
1340 454 1502 486 Turiam.
1527 464 1604 485 nam

80 504 112 535 si
133 507 230 535 esset·
247 507 411 540 neutrum,
443 502 558 534 similis
582 505 671 533 esset
695 503 904 532 aecusativus
928 503 1139 532 nominativo.
1187 501 1241 532 Id.
1267 500 1318 532 VI
1342 510 1377 542 p.
1402 498 1488 546 291:
1520 508 1603 540 eryo

83 546 222 589 ‘Capsa'
247 558 376 591 quoque
401 551 435 579 et
451 546 602 579 ‘Thala'
627 546 785 587 oppidum
805 549 842 587 *et
868 545 1068 576 ‘Tirimida'
1100 546 1254 577 similiter
1271 546 1420 586 figurate
1441 545 1605 584 feminina

81 594 210 625 neutris
238 597 315 624 sunt
346 592 536 624 coniuncta.
567 590 656 622 unde
687 590 770 622 Sall.
804 592 837 621 in
863 590 899 621 II
926 590 1003 621 hist.
1035 590 1132 621 inter
1162 589 1272 621 laeva
1295 607 1341 612 -
1364 588 1604 631 praeterfluit,

82 637 242 669 ‘Turiam'
267 639 367 674 daz-it,
394 637 452 679 qui
473 637 681 668 accusativus
704 636 879 666 masculini
900 639 966 670 est,
998 645 1062 667 non
1093 637 1216 666 neutri.
1263 634 1423 676 Decepti
1447 633 1604 665 relativo

81 682 176 724 quod
201 682 376 724 sequitur,
402 681 510 713 Prob.
537 691 571 722 p.
595 679 657 712 105
683 683 719 711 et
743 679 856 712 Phoc.
882 690 917 721 p.
942 678 1008 711 324
1039 679 1172 710 Turiam
1197 679 1244 717 ab
1270 679 1359 710 Sall.
1385 689 1448 720 pro
1473 681 1604 710 neutro

79 727 248 758 habitum
275 737 355 758 esse
381 725 613 757 rettulerunt.
639 742 682 746 —
706 725 787 756 Non
813 724 962 756 dubium
988 727 1061 763 est,
1090 725 1176 765 quin
1200 724 1295 755 haec
1320 724 1533 766 pertineant
1558 722 1605 754 ad

81 782 240 814 pugnam
266 771 363 813 apud
380 770 590 802 Valentiam
617 773 654 801 et
670 770 818 801 Turiam
845 768 1127 809 (Guadalaviar)
1153 769 1382 807 eonmissam,
1410 778 1482 809 qua
1499 768 1603 800 Pom-

81 817 186 859 peius
213 817 255 849 G.
278 815 504 849 Herennium
529 814 730 853 interfecit,
760 814 802 845 G.
822 814 1052 856 Perpennam
1079 814 1224 855 fugavit
1249 814 1335 854 (vid.
1364 813 1410 844 ad
1434 813 1471 844 ΙΙ
1494 812 1550 851 96,
1569 811 1602 843 6.

79 862 207 894 Drum.
231 861 283 893 IV
307 872 342 903 p.
369 859 457 902 366)
490 860 584 902 quod
615 859 793 902 proelium
825 869 895 900 quo
925 859 1044 890 minus
1075 869 1156 890 cum
1187 858 1254 890 Th.
1286 858 1523 890 Mommsenio
1548 857 1606 888 111

80 917 115 948 p.
140 906 185 938 25
218 908 305 938 ante
336 916 497 948 pugnam
530 905 575 936 ad
600 905 807 936 Lauronem
841 904 1059 935 conmissam
1090 904 1230 935 factum
1261 906 1446 945 putemus,
1481 903 1605 934 obstat

78 950 241 993 Appiani
264 950 514 983 testimonium
538 949 573 981 b.
602 960 632 981 0.
659 950 677 980 1
702 947 768 980 109
792 960 826 990 p.
838 947 928 980 526:
954 941 1194 990 οἷφικομένου
1220 941 1259 980 δ’
1286 942 1322 984 ές
1343 941 1512 990 Ἰβηρίαν
1536 939 1605 978 αὕ-

78 994 166 1027 τίκα
192 998 263 1028 001.
295 1013 342 1018 —
371 995 599 1036 Quamquam
624 994 810 1026 Prisciani
834 993 920 1025 libri
943 995 1102 1025 moenium
1127 996 1294 1032 tuentur,
1326 996 1451 1024 tamen
1474 994 1606 1024 moenia

78 1041 283 1073 rescribere
309 1050 418 1073 ausus
443 1050 557 1072 sum.-
581 1039 675 1071 Nam
705 1038 917 1081 genetivum
949 1048 1029 1070 eum
1058 1041 1187 1070 neutro
1220 1038 1407 1069 adiectivo
1431 1037 1522 1079 plur.
1550 1037 1604 1068 ita.

78 1088 220 1117 tantum
245 1085 480 1117 coniunctum
507 1095 606 1123 esse,
634 1087 674 1115 ut
697 1086 823 1126 partes
847 1084 963 1115 totius
989 1083 1146 1114 alicuius
1178 1083 1232 1114 rei
1263 1082 1484 1121 dicerentur,
1510 1082 1605 1113 satis

78 1130 276 1163 ostendunt
301 1129 469 1171 exempla
495 1140 517 1161 a.
540 1129 684 1162 Kritzio
710 1128 756 1160 ad
782 1127 864 1160 Cat.
890 1127 945 1168 59,
964 1128 986 1158 2
1010 1138 1045 1170 p.
1063 1127 1130 1160 314
1156 1127 1212 1160 ed.
1238 1138 1291 1169 pr.
1317 1130 1509 1169 congesta,
1532 1126 1604 1158 1100

79 1178 202 1207 autem
226 1174 308 1207 loco
333 1174 547 1207 necessario
573 1173 846 1216 exprimendum
872 1173 960 1213 fuit,
987 1183 1060 1205 non
1084 1172 1229 1205 laevam
1253 1172 1437 1203 moenium
1461 1174 1604 1213 partem

78 1219 126 1252 ab
158 1219 275 1252 altero
305 1219 423 1252 latere
442 1219 590 1259 fuisse,
624 1221 683 1250 set
715 1218 862 1250 moenia
887 1218 933 1249 ad
963 1217 1110 1249 laevam
1136 1217 1161 1249 i.
1189 1227 1220 1248 e.
1245 1216 1375 1258 laeva,
1407 1220 1448 1248 ut
1471 1216 1604 1248 flumen

77 1265 253 1297 dextrum.

197 1353 245 1394 19
278 1353 358 1407 [Kr.
383 1359 439 1392 25.
471 1356 511 1414 G.
533 1353 611 1406 69].
646 1376 693 1381 -—-
720 1352 852 1391 ‘avidis
882 1356 998 1403 atque
1029 1352 1088 1390 ita'
1114 1351 1306 1402 promptis
1335 1349 1521 1395 ducibus,
1560 1354 1605 1389 ut

77 1421 254 1462 Metellus
284 1423 363 1462 ictu
391 1421 568 1472 tragulae
598 1421 854 1460 sauciaretur.
1266 1415 1272 1419 ⁴

187 1489 281 1533 Non.
306 1512 340 1544 p.
367 1494 434 1533 27‘0
465 1511 493 1532 s.
518 1511 552 1532 v.
583 1502 718 1531 saucius
743 1509 787 1530 ex
811 1498 875 1530 lib.
901 1498 938 1529 ΙΙ
965 1500 1002 1529 et
1024 1508 1060 1540 p.
1085 1495 1149 1529 381
1182 1506 1210 1529 s.
1237 1507 1271 1528 v.
1303 1498 1440 1538 tragula
1469 1474 1527 1527 set
1558 1506 1603 1528 ex

76 1545 171 1579 libro
194 1546 264 1579 III.
311 1547 438 1578 Priore
462 1545 544 1578 loco
569 1545 607 1576 in
631 1544 735 1576 libris
761 1546 817 1575 est
847 1544 1022 1585 avidisque
1046 1544 1096 1574 ita
1114 1545 1301 1584 promptis,
1335 1541 1451 1573 altero
1482 1542 1604 1572 avidis·
1650 1554 1653 1557 ·

76 1593 168 1624 simis
192 1595 292 1634 atque
314 1595 500 1633 promptis,
532 1589 628 1622 unde
654 1589 717 1620 Kr.
743 1589 850 1620 avidis
873 1592 922 1620 ita
940 1590 1194 1630 promptisque,
1222 1586 1320 1618 Gerl.
1346 1587 1453 1618 avidis
1476 1588 1527 1617 ita
1550 1590 1602 1617 at-

77 1647 139 1679 que
161 1637 349 1678 promptas,-
373 1636 460 1668 mihi
485 1639 586 1678 atque
610 1639 660 1666 ita
682 1634 760 1666 veri
785 1633 1018 1665 simillumum
1040 1633 1176 1672 visum,
1210 1634 1267 1663 set
1299 1631 1369 1663 duo
1400 1631 1437 1662 in
1461 1630 1602 1662 incerto

75 1681 288 1724 relinquam,
316 1682 470 1723 primum
495 1690 616 1712 annon
640 1680 850 1711 avidissimis
867 1677 1098 1710 scribendum
1116 1677 1173 1717 sit,
1202 1676 1368 1716 alterum,
1395 1679 1513 1707 utrum
1539 1685 1602 1718 ge-

76 1726 221 1758 netivus
246 1726 414 1768 gerundii
438 1724 702 1767 praecesserit,
737 1733 784 1755 an
816 1724 933 1755 avidus
963 1722 1160 1753 Sallustius
1193 1721 1362 1753 absolute
1394 1721 1526 1752 dixerit
1557 1720 1601 1752 de

76 1771 264 1813 pugnandi
289 1774 326 1803 et
351 1769 570 1812 confligendi
594 1769 808 1810 cupiditate.
839 1785 884 1791 —
917 1767 1013 1806 Quin
1046 1766 1140 1798 haec
1170 1766 1214 1798 de
1239 1776 1364 1808 pugna
1389 1765 1436 1797 ad
1461 1765 1602 1806 Sagun-

77 1820 151 1847 tum
183 1816 286 1847 facta
318 1815 418 1847 dicta
449 1815 603 1852 fuerint,
636 1813 783 1845 dubium
816 1822 889 1844 non
922 1815 978 1843 est
1002 1811 1192 1843 Plutarchi
1222 1810 1433 1842 testimonio
1465 1810 1602 1842 Sertor.

38 1890 41 1893 ,
78 1872 109 1893 c.
135 1860 196 1901 213
224 1862 290 1892 cfr.
316 1861 441 1891 Drum.
467 1859 492 1891 l.
518 1870 549 1891 0.
576 1870 610 1901 p.
636 1857 714 1890 368.

189 1949 274 1989 *20
306 1949 465 2002 [Knass.
498 1950 536 1986 G.
558 1948 635 2000 70].
694 1947 762 1986 Set
791 1946 967 2010 Metellus
996 1947 1034 1984 in
1066 1944 1238 1983 volnere.

188 2029 325 2061 Donat.
353 2028 399 2060 ad
423 2028 508 2060 Ter.
534 2027 644 2059 Andr.
671 2026 707 2058 ΙΙ
734 2025 770 2064 l,
801 2024 863 2057 10':
898 2025 993 2056 ‘Set'
1026 2025 1223 2065 inceptivum
1253 2033 1318 2064 pso
1350 2025 1467 2064 ‘atque
1491 2032 1602 2054 eccum

75 2074 292 2116 Pamplu‘lnm'
317 2078 353 2105 ut
377 2073 576 2105 Sallustius:
601 2071 666 2103 sed
689 2089 733 2093 —
757 2071 795 2102 in
819 2069 983 2102 vulnere.
1025 2068 1254 2100 Rectissume
1278 2067 1347 2099 1100
1373 2068 1417 2099 fr.
1444 2066 1602 2098 editores

75 2118 313 2162 praecedenti
338 2117 558 2157 adiunxisse,
584 2127 657 2148 non
683 2119 739 2147 est
761 2115 858 2157 quod
883 2124 1074 2156 exponam.

191 2208 273 2247 *21
322 2207 405 2260 [Kr.
425 2212 482 2244 27.
521 2209 560 2244 G.
582 2195 684 2258 60].Δ
723 2205 946 2255 Saguntini,
986 2203 1062 2242 fide
1093 2207 1208 2254 atque
1240 2202 1438 2241 aerumnis
1468 2195 1603 2240 incluti

76 2289 171 2328 prae
200 2274 475 2328 mortalibus„
495 2274 641 2313 studio*
663 2273 810 2311 maiore
845 2261 963 2322 quam
994 2270 1154 2321 opibus,
1195 2270 1339 2321 quippe
1370 2269 1473 2321 apud
1504 2280 1603 2319 quos

77 2345 277 2383 etiamtum
309 2343 494 2382 semiruta
525 2341 692 2385 moenia,
725 2339 864 2391 (lomus
895 2340 1061 2377 intectae
1089 2338 1334 2388 parietesque
1364 2335 1602 2386 templorum

77 2411 246 2450 ambusti
276 2401 415 2448 manus
443 2408 613 2447 Punicas
643 2406 903 2445 ostentabant.
1076 2431 1103 2443 a

191 2488 320 2520 Adfert
343 2487 587 2527 Hieronymus
605 2495 733 2517 comm.
749 2484 796 2516 ad
812 2484 957 2516 Habac.
974 2484 1008 2522 2,
1025 2482 1048 2515 9
1065 2483 1134 2516 vol.
1154 2483 1205 2514 VI
1222 2493 1256 2524 p.
1275 2480 1341 2514 617
1360 2481 1416 2513 ed.
1441 2480 1600 2512 Vallars.

78 2537 123 2566 ex
146 2533 338 2572 Historiis,
371 2532 456 2564 libri
487 2540 637 2562 numero
667 2540 740 2562 non
770 2529 945 2561 indicato.
995 2528 1058 2560 Set
1083 2529 1170 2570 quin
1200 2528 1244 2559 de
1270 2526 1483 2568 Saguntinis
1506 2525 1602 2556 haec

78 2578 167 2612 Sall.
192 2578 344 2617 dixerit,
377 2576 441 2608 ubi
465 2576 510 2608 de
535 2574 674 2617 proelio
699 2575 737 2606 in
761 2574 861 2606 urbis
886 2583 1009 2606 eorum
1033 2573 1171 2606 vicinia
1196 2572 1296 2604 facto
1320 2570 1504 2609 narravit,
1538 2569 1600 2600 du-

77 2624 176 2655 bium
201 2633 271 2654 non
299 2625 365 2654 est.
414 2621 585 2653 Ceterum
614 2620 732 2652 incluti
753 2629 840 2661 prae
863 2618 1059 2651 mortalibus
1084 2619 1195 2650 studio
1219 2617 1347 2648 maiore
1373 2625 1417 2646 ex
1440 2624 1506 2645 ms.
1530 2614 1601 2645 Re-

78 2669 187 2710 ginae
215 2667 445 2699 emendatum
471 2668 538 2705 est,
566 2669 648 2697 cum
672 2664 802 2697 relicui
826 2663 911 2695 libri
929 2663 1145 2694 exhibeant:
1170 2671 1235 2703 per
1251 2662 1436 2692 mortalium
1459 2659 1602 2690 studium

77 2716 242 2748 maiores,-
272 2722 341 2743 nec
373 2711 490 2742 minus
520 2713 622 2742 recte
652 2720 716 2751 pro
749 2710 874 2751 quippe
898 2710 972 2750 quis
996 2707 1171 2748 scriptum
1195 2705 1339 2737 videtur
1362 2705 1486 2745 quippe
1510 2702 1604 2743 apud

78 2768 172 2800 quos.
220 2757 292 2789 Per
323 2765 363 2788 se
396 2759 519 2787 autem
548 2754 778 2796 intellegitur
807 2753 922 2785 verba
951 2753 1063 2783 studio
1094 2754 1221 2782 maiore
1256 2759 1350 2791 qnam
1375 2747 1494 2788 opibus
1519 2756 1602 2778 eum

77 2801 386 2844 praecedentibus
411 2800 583 2842 coniungi
606 2809 678 2830 non
702 2808 822 2841 posse,
848 2800 906 2830 set
930 2796 1048 2828 relata
1074 2795 1186 2826 fuisse
1205 2793 1251 2832 ad
1269 2802 1325 2831 ea,
1354 2802 1447 2833 quae
1472 2801 1601 2832 seque-

78 2847 222 2882 bantur.
239 2856 333 2888 quae
351 2845 514 2877 dolemus
530 2844 703 2887 periisse:
723 2846 833 2884 atque
850 2843 887 2873 in
904 2839 1097 2883 propatulo
1115 2837 1275 2879 suspicio
1292 2839 1358 2874 est,
1374 2836 1470 2868 hanc
1488 2835 1602 2867 fuisse

79 2891 318 2930 sententiam,
359 2889 582 2932 Saguntinos
621 2888 731 2920 etiam
770 2886 869 2918 bello
901 2884 1112 2916 Sertoriano
1143 2881 1316 2914 Romanis
1348 2880 1612 2916 deditissumos,

80 2936 205 2975 fuisse,
231 2945 299 2967 1100
323 2945 410 2967 vero
435 2934 565 2976 opibus
591 2943 653 2964 eos
679 2932 852 2964 adiuvare
877 2929 1052 2972 potuisse.
1093 2927 1196 2967 Quae
1215 2936 1296 2958 cum
1320 2926 1373 2957 ita
1399 2925 1483 2963 sint,
1507 2924 1602 2958 haec
