1826 3282
603 239 904 268 111sT01³1A11vu
934 241 1019 268 mn.
1050 241 1103 268 111
1132 234 1192 271 62.
1605 225 1659 268 83

134 342 227 378 runt
252 350 321 378 vos
350 340 389 378 in
419 339 631 379 adventum
655 340 730 380 Gn.
760 340 943 392 Pompei:
986 353 1103 393 quem
1134 343 1281 393 ipsum,
1323 341 1390 381 ubi
1420 342 1659 392 pertimuere

63 414 106 445 22
132 405 329 446 sublatum
360 408 398 446 in
430 409 602 447 cervices
630 419 733 452 suaS‚
757 420 846 447 mox
875 408 1034 459 dempto
1062 414 1169 449 metu
1199 409 1383 449 lacerant.
1435 409 1571 460 Neque
1590 420 1659 448 eos

130 474 272 525 pudet,
304 475 475 514 vindices
504 476 560 514 uti
591 487 634 514 se
664 475 797 514 ferunt
823 475 1032 521 libertatis,
1065 481 1121 515 tot
1151 478 1256 516 viros
1285 477 1368 516 sine
1397 489 1474 516 uno
1498 481 1565 516 aut
1594 489 1657 516 re-

0 582 10 591 ,
62 547 106 581 23
131 543 287 581 mittere
316 543 498 582 iniuriam
524 554 603 581 non
633 542 779 582 audere
819 547 886 582 aut
925 544 985 582 ius
1023 556 1102 583 non
1134 556 1250 595 posse
1281 544 1505 583 defendere.
1565 543 1657 583 Mihi

130 609 289 661 quidem
309 611 402 650 satis
423 614 641 661 spectatum
664 615 723 660 est
742 610 994 661 Pompeium,
1025 616 1154 651 tantae
1180 611 1328 661 gloriae
1351 612 1653 657 adulescentem,
1668 623 1684 648 5

128 676 244 717 malle
274 679 495 730 principem
522 677 744 717 volentibus
771 678 882 717 vohis
912 690 1010 724 esse,
1043 691 1159 730 quam
1192 678 1265 718 illis
1296 680 1570 719 dominationis
1592 691 1656 718 so-

128 746 244 790 cium,
267 750 550 798 auctoremque
571 747 608 785 in
629 747 766 796 primis
791 746 874 785 sore
898 745 1131 785 tribuniciae
1153 749 1355 797 potestatis
1375 748 1654 801 restituendae.

57 820 101 852 24
128 812 293 858 Verum,
316 812 510 859 Quirites,
541 818 654 853 antea
675 813 818 864 singuli
845 815 949 852 cives
972 814 1010 852 in
1033 813 1234 867 pluribus,
1261 825 1339 852 non
1363 815 1403 852 in
1425 827 1503 854 uno
1525 816 1655 854 cuncti

51 877 60 881 ’
126 880 318 932 praesidia
346 880 570 926 habebatis,
613 887 743 933 neque
778 881 1003 933 mortalium
1045 882 1250 933 quisquam
1281 882 1375 921 dare
1407 887 1472 922 aut
1498 884 1653 934 eripere

122 948 212 988 talia
244 960 347 987 unus
373 953 540 1000 poterat.
794 947 799 953 ’
1024 997 1027 999 ¹
1525 1002 1530 1006 .
1665 960 1698 986 ιο

54 1025 98 1057 25
236 1011 372 1068 ltaque
397 1016 611 1056 verborum
640 1017 733 1055 satis
758 1017 905 1056 dictum
939 1020 1016 1068 est:
1049 1028 1177 1068 neque
1207 1017 1311 1055 enim
1342 1018 1559 1067 ignorantia
1587 1031 1653 1057 res

53 1089 98 1122 26
123 1083 280 1123 claudit.
338 1083 486 1123 Verum
503 1085 709 1136 occupavit
730 1085 864 1124 nescio
887 1097 986 1136 quae
1014 1096 1082 1123 vos
1106 1084 1290 1135 torpedo,
1323 1097 1398 1136 qua
1428 1098 1506 1124 non
1528 1085 1650 1136 gloria

122 1152 332 1191 movemini
373 1163 503 1203 neque
546 1151 692 1203 flagitio
730 1157 948 1204 cunctaque
987 1153 1185 1203 praesenti
1227 1153 1378 1202 ignavia
1422 1154 1648 1198 mutavistis,
1706 1181 1716 1189 .

122 1219 279 1259 abunde
306 1218 530 1259 libertatem
559 1220 653 1273 rati,
693 1221 782 1271 quia
813 1220 933 1272 tergis
963 1219 1182 1259 abstinetur
1215 1224 1253 1259 et
1281 1220 1359 1258 huc
1387 1221 1444 1259 ire
1474 1220 1563 1260 lieet
1594 1226 1650 1260 at-

51 1294 93 1326 27
120 1300 196 1338 que
222 1286 333 1326 illuc:
365 1299 530 1326 munera
555 1287 691 1326 ditium
712 1287 975 1327 dominorum.
1032 1287 1147 1339 Atqui
1167 1287 1265 1327 haec
1291 1288 1428 1327 eadem
1454 1301 1531 1327 non
1558 1293 1648 1328 sunt
1662 1297 1693 1322 ¹⁵

120 1354 359 1406 agrestibus,
390 1359 449 1394 set
481 1354 700 1394 caeduntur
724 1356 827 1395 inter
854 1356 1073 1406 potentium
1103 1356 1322 1395 inimicitias
1347 1355 1530 1408 donoque
1553 1356 1648 1395 dan-

51 1416 95 1462 28
120 1427 184 1462 tur
214 1424 252 1461 in
286 1423 508 1474 provincias
533 1422 838 1474 magistratibus.
907 1423 962 1463 Ita
990 1428 1188 1474 pugnatur
1229 1427 1268 1462 et
1298 1424 1466 1462 vincitur
1492 1425 1645 1475 paucis:

116 1490 273 1542 plebes,
305 1490 584 1542 quodcumque
620 1491 780 1535 accidit,
819 1503 892 1542 pro
922 1492 1032 1530 victis
1063 1496 1122 1531 est
1161 1495 1199 1531 et
1226 1492 1265 1530 in
1298 1491 1382 1530 dics
1409 1492 1533 1542 magis
1558 1493 1643 1535 erit,

116 1560 148 1597 si
179 1558 338 1610 quidem
367 1558 517 1598 maiore
544 1571 639 1598 cura
669 1559 974 1598 dominationem
998 1558 1052 1598 illi
1075 1560 1310 1598 retinuerint
1339 1571 1456 1610 quam
1484 1571 1551 1598 vos
1582 1571 1644 1599 re-

113 1626 326 1677 petiveritis
354 1625 589 1665 libertatem.

229 1726 282 1759 ll.
315 1727 451 1760 Donat.
485 1727 532 1758 ad
557 1727 641 1758 Ter.
674 1727 768 1759 Eun.
799 1728 818 1759 I
841 1728 880 1766 2,
906 1726 967 1759 84:
998 1729 1175 1760 claudier?
1205 1729 1319 1760 claudi
1348 1732 1405 1760 aut
1435 1729 1642 1761 claudicare.

114 1773 313 1805 Sallustius.-
337 1782 455 1814 neque
483 1772 579 1804 enim
602 1772 814 1814 ignorantia
839 1772 979 1805 claudit
1003 1783 1075 1805 res.

110 1909 142 1940 2.
175 1908 346 1941 lacerant
375 1908 463 1941 libri.
512 1907 570 1939 An
603 1907 849 1939 lacerabunt?
878 1925 923 1929 ——
953 1907 985 1939 7.
1018 1907 1268 1940 restituendae
1299 1920 1363 1951 qao
1395 1910 1491 1942 modo
1523 1909 1641 1942 abesse

107 1957 220 1996 possit
243 1958 310 1985 tam
330 1964 453 1996 parum
473 1954 643 1994 percipio,
675 1957 711 1984 ut
741 1957 863 1985 contra
892 1952 998 1985 libros
1021 1955 1234 1986 inserendam
1256 1958 1379 1995 putem.
1413 1971 1455 1977 ——
1489 1953 1542 1986 12.
1570 1965 1642 1996 qua

109 2009 174 2031 vos
199 1997 243 2033 93.
277 2017 319 2022 --
356 1998 408 2030 14.
442 1998 514 2030 rati
540 1998 626 2040 quia
650 1997 738 2034 libri.
779 1997 850 2030 rati
881 1997 1026 2030 scilicet
1058 1999 1144 2040 quia
1168 1999 1271 2030 Link.
1320 1999 1472 2031 Scilicet
1495 2001 1544 2032 ad
1564 2011 1641 2032 sen-

107 2046 246 2076 tentiam
270 2048 383 2085 aptam
406 2054 481 2076 esse
506 2053 572 2075 non
594 2053 696 2085 neyo,
721 2048 775 2075 set
799 2054 860 2075 cur
883 2045 1078 2076 necessario
1096 2045 1309 2076 adiciundum
1332 2049 1376 2076 sit
1401 2046 1521 2076 nnllam
1546 2055 1641 2077 caas-

106 2099 179 2121 sam
201 2090 311 2122 video.
380 2088 471 2121 licet
495 2091 605 2130 atque
629 2088 719 2120 illuc
744 2086 788 2123 ΞΒ.
837 2087 927 2120 licet
952 2091 989 2120 et
1011 2088 1100 2121 illue
1128 2089 1220 2121 Cort.
1247 2108 1288 2112 —-
1324 2089 1376 2122 15.
1402 2090 1521 2131 Atque
1546 2089 1640 2122 haec

107 2134 195 2167 libri.
235 2133 298 2166 Set
321 2137 437 2167 mirum
461 2138 618 2176 quantum
641 2133 801 2174 obfensas
825 2134 859 2165 in
885 2136 995 2175 atque
1018 2151 1064 2157 ——
1087 2144 1179 2174 non,
1213 2136 1304 2177 quod
1333 2145 1494 2181 nusquam
1518 2136 1640 2167 dictum

106 2180 190 2217 vidi,
216 2182 284 2211 nisi
305 2190 376 2211 cam
396 2179 488 2219 salso
504 2189 617 2211 veram
632 2178 833 2220 obponatur‚
860 2179 963 2220 atqui
979 2183 1133 2212 conr-emi.
1176 2179 1354 2218 ‘Abunde',
1380 2181 1489 2223 inquit
1505 2180 1638 2218 Macer,
1659 2213 1661 2215 ,

108 2224 218 2258 ‘vobis
247 2224 436 2256 libertatem
465 2234 540 2256 esse
559 2227 708 2266 putatis,
743 2225 822 2267 quia
851 2223 1041 2256 muneribus
1068 2225 1190 2257 talibus
1215 2225 1391 2266 fruamini.
1446 2226 1556 2268 Atqui
1586 2237 1640 2257 rc-

106 2271 294 2302 cordamini
315 2270 400 2302 haec
423 2271 540 2301 eadem
565 2269 756 2311 agn-estibus
779 2279 846 2302 non
870 2279 966 2301 esse:
997 2272 1106 2312 qualis
1138 2280 1220 2311 eryo
1254 2270 1348 2303 vobis
1377 2271 1462 2303 haec
1491 2272 1638 2304 conditio

106 2315 280 2347 videtur?'
328 2313 499 2346 Linkeras
522 2314 585 2347 hoc
607 2314 783 2346 membrum
807 2323 878 2347 cum
902 2314 989 2356 quia.
1010 2317 1198 2348 coninua-it.

221 2417 276 2479 62¹
305 2438 386 2491 [Kr.
404 2442 460 2477 84.
499 2440 539 2477 G.
560 2437 615 2490 4].
674 2437 773 2478 Male
808 2439 886 2478 iam
917 2439 1123 2480 adsuetum
1160 2439 1208 2479 ad
1239 2441 1366 2479 omnis
1394 2441 1448 2479 vis
1479 2444 1636 2479 contro-

104 2518 336 2546 vorsiarum.
533 2515 536 2517 ’

217 2596 334 2628 Prisc.
360 2596 411 2628 VI
434 2608 469 2639 p.
495 2591 579 2629 249:
607 2597 700 2629 ‘haec
723 2598 788 2635 vis,
813 2597 908 2630 leuius
931 2598 999 2635 υἰέ,
1025 2599 1118 2630 cuias
1139 2599 1274 2639 plurale
1297 2599 1450 2629 similiter
1475 2597 1544 2628 ‘vis'
1568 2600 1634 2627 cam

105 2641 287 2674 Lucretius
311 2651 408 2683 quam
432 2642 613 2676 Sallustius
636 2645 864 2684 protulerant.
882 2660 925 2673 .—
949 2642 1129 2675 Sallustius
1153 2644 1186 2674 in
1203 2643 1260 2673 III
1276 2643 1511 2674 historiarum:
1536 2641 1632 2672 male

103 2703 149 2708 —
174 2686 516 2719 controversiarum.
566 2687 709 2729 ‘Agitur
733 2687 777 2719 de
802 2684 1012 2720 turbulento
1038 2688 1161 2729 aliquo
1185 2687 1331 2718 tribuno
1355 2686 1474 2728 plebis
1492 2685 1632 2718 violen-

105 2734 164 2763 tas
195 2731 384 2763 contiones
415 2731 554 2764 habere
585 2731 705 2764 solito.
751 2732 938 2765 'Fortasse
977 2731 1240 2774 intelligendus
1278 2730 1444 2765 Licinius
1481 2731 1631 2762 Macer'.

104 2776 218 2808 Kritz.
251 2776 316 2808 Set
338 2780 423 2809 male
448 2774 609 2809 adauctus
631 2777 663 2809 is
688 2780 831 2810 tantum
855 2778 929 2809 dici
953 2780 1092 2819 potest,
1120 2776 1332 2818 qui,parum
1357 2778 1413 2807 est
1439 2775 1633 2815 adsuetum

104 2820 208 2863 isque
232 2831 319 2854 usus
345 2822 511 2854 adverbii
534 2824 619 2855 male
643 2823 833 2865 poetarum
858 2822 976 2863 magis
1002 2824 1058 2853 est
1082 2824 1118 2852 et
1143 2821 1384 2862 posteriorum
1402 2821 1631 2863 scriptorum,

104 2875 212 2907 quam
243 2866 487 2908 antiquiorum
518 2870 555 2899 et
586 2866 866 2909 elegantiorum.
915 2863 1011 2906 Quid
1042 2865 1178 2908 igitur?
1226 2865 1426 2897 Prorsusne
1457 2865 1634 2898 hariolari

103 2910 241 2951 videor,
256 2916 348 2943 'cum
371 2922 435 2953 pro
459 2915 544 2944 male
569 2912 725 2944 Macrum
748 2911 982 2944 scribundum
1000 2910 1159 2942 censeo?
1612 2928 1615 2931 <

1264 2965 1289 3006 6
1303 2967 1327 2992 *
