1852 3294
227 221 310 262 332
919 216 1052 260 mnnx

231 336 348 368 dic-am
366 336 389 367 J
410 334 466 374 17,
487 334 518 366 7.
561 344 593 375 q.
619 333 714 364 haec
737 333 830 365 talia
856 335 955 373 sunt,
981 335 1106 365 tamen
1131 332 1272 365 obviam
1301 333 1353 364 ire
1377 350 1417 355 —
1441 333 1583 364 animus
1608 331 1747 374 subigit

229 382 253 413 J
270 380 330 418 31,
350 381 382 410 4.
425 389 456 420 q.
483 378 612 420 gravia
638 381 761 418 erant,
788 380 910 410 tamen
933 388 1005 420 pax
1031 378 1203 410 convenit
1227 377 1250 409 J
1274 376 1335 417 38,
1358 376 1408 409 10.
1451 388 1484 419 q.
1502 378 1633 420 gravia
1650 378 1745 416 sunt,

231 429 354 456 tamen
372 442 408 446 -—
430 434 494 465 pro
512 423 626 455 nihilo
643 423 825 454 habentur
843 423 866 455 J
883 422 925 455 31
937 448 945 463 ,
963 423 1018 454 25.
1061 433 1094 464 q.
1114 440 1155 444 ——
1173 422 1335 454 obsideri
1353 433 1424 454 non
1441 424 1602 464 poterat,
1621 424 1747 453 tamen

231 486 276 492 —
291 469 314 500 J
332 468 384 507 37,
405 468 436 499 4.
473 479 505 509 q.
525 468 615 500 fessi
634 470 749 507 erant,
768 470 891 501 tamen
908 467 1111 509 procedunt
1127 468 1150 499 J
1167 466 1262 506 53,5.
1298 468 1356 498 cui
1374 477 1406 508 q.
1425 483 1469 488 —
1486 467 1583 498 bona
1599 476 1747 508 supera-

231 514 331 549 bant,
350 516 473 544 tamen
491 515 611 544 inerat
630 516 853 554 contemptor
871 513 1011 544 animus
1027 512 1113 552 J64,
1129 512 1156 543 1.
1193 522 1224 553 q.
1240 529 1275 533 —
1290 515 1524 554 cognoverat,
1542 514 1666 543 tamen
1683 510 1746 542 ad-

232 558 396 599 greditur
410 558 434 590 J
452 558 505 597 75,
525 558 557 589 2.
600 568 631 598 q.
651 557 763 589 adciti
780 557 895 596 ibant,
915 560 1039 589 tamen
1056 557 1196 599 placuit
1213 557 1236 588 J
1256 555 1374 595 102‚3.
1414 566 1445 598 q.
1465 556 1592 588 eadem
1611 551 1747 587 existu-

231 603 370 643 mabat,
393 605 518 635 tamen
541 602 709 644 prohibet
731 602 755 633 J
781 601 841 633 107
857 627 865 641 ,
888 601 915 634 1.
958 612 989 643 q.
1014 620 1057 624 ——
1082 603 1172 634 satis
1191 602 1395 642 quaesitum
1414 604 1510 641 erat,
1537 604 1660 632 tamen
1676 610 1749 632 non

233 648 304 679 fuit
322 648 511 679 consilium
530 648 564 678 H
580 648 597 678 I
613 647 668 686 41,
688 646 732 678 26
749 650 834 679 conl.
853 646 907 687 48,
927 647 959 679 2.
1002 657 1034 688 q.
1054 647 1212 679 Sicinius
1229 665 1270 668 —
1291 647 1557 678 circumventus
1576 648 1673 685 erat,
1693 647 1748 676 ta-

233 703 315 724 men
332 693 431 735 prius
447 709 490 715 —
509 693 544 724 H
560 692 615 724 111
631 690 690 731 61,
710 691 743 723 8.
786 702 819 734 q.
845 702 959 724 naves
982 709 1025 713 ——
1050 692 1202 723 aderant
1219 715 1308 722 .....
1328 692 1363 722 H
1379 692 1428 723 IV
1445 691 1499 723 51.
1541 701 1574 732 q.
1599 689 1678 732 regi
1694 690 1749 721 in·

233 738 330 769 festa
354 738 481 780 plebes
506 740 603 778 erat,
629 737 759 768 sedare
783 739 902 768 motus
918 737 941 768 J
958 736 1021 776 33,
1040 736 1071 768 3.
1114 747 1146 778 q.
1174 754 1215 758 ——
1239 736 1352 768 vades
1370 736 1540 775 dederat,
1559 735 1710 767 dimittit
1725 734 1750 766 J

233 782 287 823 35,
307 782 339 814 9.
383 793 414 824 q.
436 800 473 804 —
495 782 666 820 ardebat,
693 782 821 813 statuit
837 781 931 812 nihil
948 781 1018 813 sibi
1036 781 1247 823 agitandum
1265 781 1288 812 J
1306 779 1359 820 39,
1378 781 1411 812 5.
1454 791 1486 822 q.
1506 781 1667 812 intentos
1683 779 1748 811 ha-

232 822 373 867 bueffit,
394 831 467 859 tum
485 838 570 859 vero
586 844 629 849 -—
644 827 668 858 J
683 825 739 866 94,
758 825 790 858 3.
831 827 961 858 statuit
980 827 1024 857 M.
1045 836 1187 867 quamq.
1206 843 1249 847 —
1265 825 1437 867 putabat,
1466 835 1538 857 non
1561 825 1662 867 prius
1688 824 1749 856 ad-

233 873 376 914 tingere
401 873 424 904 J
449 873 511 912 44,
531 872 561 905 3.
609 881 726 913 neque
751 874 918 911 senatus,
945 881 1001 912 qu.
1030 871 1204 902 advorsus
1230 873 1327 910 erat,
1357 870 1516 912 abnuere
1543 869 1704 901 audebat
1725 869 1750 901 J

233 916 331 957 84‚3.
366 918 479 950 statui
497 917 629 956 subire,
651 926 791 958 quamq.
804 926 927 948 omnes
947 915 1011 947 alii
1031 932 1067 937 —
1090 915 1392 947 convorteruntH
1410 915 1464 946 III
1481 913 1579 955 61,5.
1615 914 1749 954 Quam-

235 973 341 1005 quam
366 973 435 1005 ego
459 966 627 994 naturam
650 972 760 993 unam
785 961 941 992 omnium
961 961 1137 992 existumo
1155 961 1178 992 J
1194 959 1248 1000 85,
1272 959 1321 991 15.
1365 960 1401 992 vi
1426 969 1554 1002 reg-ere
1579 959 1749 1001 patriam,

235 1018 452 1050 quamquam
472 1010 508 1039 et
525 1008 640 1049 possis
665 1010 701 1038 et
719 1006 854 1038 delicta
873 1006 1055 1048 conrigas,
1075 1009 1199 1037 tamen
1217 1005 1448 1046 inportunum
1466 1007 1522 1036 est
1538 1004 1562 1036 J
1578 1003 1610 1043 3,
1629 1004 1661 1035 2.
1690 1003 1748 1035 Or.

234 1053 297 1085 obl.
324 1063 540 1094 quamquam
567 1069 603 1074 -
629 1051 841 1092 intellegat,
865 1053 990 1082 tamen
1013 1050 1109 1083 velle
1132 1051 1156 1082 J
1179 1049 1240 1089 33,
1259 1050 1290 1081 4.
1334 1060 1365 1091 q.
1394 1048 1609 1088 confideret,
1628 1051 1751 1081 tamen

234 1108 306 1129 non
323 1098 456 1130 debere
473 1098 495 1129 J
512 1096 567 1136 83,
589 1096 618 1128 1.
661 1096 738 1128 acri
755 1097 833 1128 viro
853 1099 889 1127 et
907 1106 1122 1138 quamquam
1143 1095 1297 1128 advorso
1315 1094 1439 1137 populi
1456 1094 1632 1136 partium,
1651 1093 1751 1125 fama

234 1146 357 1175 tamen
375 1142 560 1185 aequabili
577 1160 618 1165 -——
635 1140 730 1180 ι143,
753 1140 781 1173 l.
952 1175 954 1177 v

280 1189 437 1228 quamvis.
471 1198 563 1229 quae
582 1186 745 1229 quamvis
765 1185 904 1228 ampla,
926 1178 1093 1227 q'uoniam
1114 1202 1150 1207 —
1172 1187 1419 1217 ostentaretur
1434 1185 1470 1216 H
1486 1184 1541 1216 111
1556 1182 1612 1224 61,
1631 1182 1685 1215 20.
1720 1183 1752 1214 si

237 1243 315 1264 eum
336 1234 500 1274 quamvis
519 1233 690 1275 egregius
707 1231 811 1263 homo
829 1241 942 1263 novos
962 1231 1114 1273 adeptus
1132 1231 1227 1263 foret
1243 1230 1270 1262 C
1289 1229 1342 1269 23,
1361 1229 1393 1262 6.
1555 1231 1558 1235 “

281 1279 418 1318 quando.
449 1288 557 1317 nunc,
578 1277 720 1319 quando
737 1275 918 1318 perillam
936 1275 1035 1317 licet,
1056 1276 1194 1307 festina
1208 1276 1231 1308 J
1249 1274 1321 1315 102,
1331 1274 1363 1306 9.
1397 1274 1434 1306 id
1451 1274 1588 1314 omitto,
1609 1273 1751 1315 quando

234 1323 339 1355 vobis
357 1324 409 1355 ita
427 1323 552 1365 placet
568 1323 591 1354 J
612 1321 686 1361 110,
707 1323 738 1352 7.
782 1321 924 1362 quando
942 1321 1027 1353 talis
1047 1331 1096 1361 es,
1116 1331 1264 1352 maneas
1284 1320 1320 1351 in
1338 1319 1521 1352 sententia
1538 1319 1573 1350 H
1589 1319 1606 1350 Ι
1622 1317 1677 1359 48,
1697 1317 1750 1350 16.

237 1369 321 1410 quid
338 1386 379 1390 —
400 1367 629 1399 enumerem?
654 1366 796 1408 quando
814 1376 872 1397 res
889 1365 970 1407 plus
987 1365 1088 1397 valet
1106 1367 1211 1407 qua'm
1230 1365 1343 1397 verba
1360 1365 1395 1396 H
1411 1365 1447 1396 II
1463 1363 1520 1405 96,
1537 1363 1570 1396 6.

280 1415 432 1453 quantu&
465 1415 602 1454 quanta
627 1411 784 1442 audacia
807 1412 936 1442 natura
952 1428 995 1432 —
1013 1411 1127 1450 inest,
1155 1413 1261 1442 tanta
1285 1410 1322 1441 in
1349 1409 1446 1441 bello
1465 1412 1595 1451 patere
1612 1407 1707 1440 solet
1724 1407 1751 1439 C

235 1457 290 1497 58,
310 1458 340 1488 2.
383 1458 415 1489 si
431 1457 637 1489 hominibus
655 1456 829 1487 bonarum
847 1465 965 1486 rerum
983 1458 1087 1486 tanta
1106 1465 1193 1486 cura
1212 1457 1320 1492 esset,
1341 1457 1475 1495 quanto
1493 1454 1612 1485 studio
1630 1470 1674 1475 —
1689 1463 1751 1494 pe-

236 1505 316 1534 tunt
331 1503 354 1534 J
374 1502 401 1540 1,
420 1501 452 1534 6.
494 1501 638 1544 quantis
658 1500 786 1532 animis
804 1500 889 1531 ierit
904 1500 941 1531 in
959 1501 999 1532 L.
1020 1500 1228 1539 Quinctium
1246 1500 1280 1530 H
1297 1500 1350 1530 III
1366 1498 1420 1539 61,
1445 1498 1494 1530 11.
1536 1501 1671 1540 quanta
1689 1507 1751 1529 au-

236 1547 343 1579 dacia
361 1550 569 1589 quantaque
594 1547 650 1578 vis
676 1545 788 1576 animi
813 1545 947 1576 fuisset
963 1545 1000 1576 in
1019 1545 1183 1576 exercitu
1201 1545 1227 1576 C
1245 1543 1300 1584 61,
1323 1543 1352 1575 1.
1394 1544 1431 1575 in
1450 1547 1586 1585 quanta
1604 1542 1752 1575 calami-

235 1596 312 1624 tate
331 1592 524 1634 sisO44,5.
559 1594 732 1633 quantam
751 1590 891 1621 cladem
910 1588 1183 1629 adtuleritC58,
1195 1590 1227 1620 4.
1263 1591 1419 1630 quantus
1438 1589 1620 1620 exercitus
1636 1586 1753 1619 Manli

235 1638 330 1669 foret
348 1637 375 1669 C
393 1635 448 1676 29,
461 1636 490 1668 1.
533 1640 705 1678 quantum
730 1639 792 1666 aut
815 1645 922 1676 quam
947 1633 1179 1676 magnificum
1196 1634 1376 1676 inperium
1393 1633 1517 1675 populi
1534 1632 1688 1664 Romani
1705 1631 1752 1664 sit

235 1682 262 1714 G
281 1682 336 1722 52,
359 1681 408 1714 10.
452 1681 596 1723 quantis
614 1681 742 1722 opibus
761 1679 1003 1711 familiaribus
1021 1682 1176 1721 agerent
1192 1679 1226 1710 H
1242 1680 1260 1710 I
1275 1678 1331 1711 23.
1374 1681 1528 1720 quantas
1546 1687 1632 1720 opes
1650 1677 1752 1709 nobi—

233 1727 350 1759 litatis
368 1727 567 1759 sustineam
585 1726 619 1757 H
636 1726 689 1757 111
706 1724 761 1764 61,
780 1723 811 1756 3.
855 1727 1028 1766 quantam
1045 1734 1121 1756 rem
1138 1735 1172 1766 p.
1191 1723 1404 1765 reliquerint
1422 1723 1449 1755 C
1467 1722 1499 1763 5,
1518 1721 1550 1754 9.
1589 1725 1752 1764 ,quantae

234 1783 330 1803 nune
347 1771 436 1803 mihi
451 1772 582 1803 turbae
601 1771 834 1803 concitantur
850 1769 885 1801 H
901 1769 955 1800 III
972 1768 1026 1809 61,
1048 1768 1101 1801 11.
1144 1772 1281 1810 quanta
1304 1769 1342 1799 vi
1359 1768 1588 1810 rogationem
1605 1767 1754 1799 iusserit

234 1817 257 1849 J
273 1816 327 1856 40,
348 1817 368 1849 3
385 1818 470 1849 conl.
489 1816 516 1848 C
535 1814 576 1847 61
589 1841 597 1855 ,
621 1815 647 1847 1.
688 1815 893 1857 legatorum
916 1814 1030 1847 verba
1055 1815 1181 1855 quanti
1200 1814 1332 1846 fecerit
1348 1812 1512 1855 pericula
1529 1822 1611 1844 mea
1629 1811 1751 1844 decla-

235 1865 318 1893 rant
334 1863 357 1894 J
375 1862 436 1901 24,
456 1862 488 1892 7.
530 1863 703 1902 quantum
727 1859 852 1901 negoti
876 1860 1078 1891 sustineam
1096 1859 1119 1890 J
1136 1858 1196 1899 85,
1217 1858 1248 1891 3.
1292 1861 1465 1900 quantum
1489 1856 1644 1899 periculi
1668 1867 1752 1889 con-

235 1907 306 1938 suli
323 1908 502 1938 inmineat
520 1906 546 1937 C
565 1904 628 1945 28,
646 1906 678 1937 2.
721 1907 904 1947 quantum
918 1904 1191 1946 inportunitatis
1215 1904 1354 1935 habent
1369 1903 1392 1934 J
1410 1902 1464 1942 31,
1483 1903 1537 1934 22.
1579 1905 1752 1944 quantum

234 1952 409 1994 temporis
425 1951 462 1983 in
479 1951 622 1993 inperio
641 1949 805 1990 fuitJ44,
815 1950 847 1980 4.
883 1952 1055 1991 quantum
1073 1958 1188 1980 mores
1207 1949 1278 1980 mei
1296 1965 1332 1970 —
1349 1947 1562 1990 poscebant,
1581 1946 1753 1988 respondi

234 1997 258 2029 J
273 1996 395 2037 85,44.
427 1999 601 2038 quantum
618 1995 768 2037 ingenio
785 2004 940 2036 possem,
960 1995 1110 2035 utriusq.
1127 2004 1245 2025 mores
1265 1994 1445 2035 aperirem
1464 1992 1490 2032 Q
1508 1991 1562 2031 53,
1574 1990 1606 2023 6.
1641 2001 1752 2033 quan-

236 2045 311 2073 tum
330 2042 472 2074 conicio
490 2042 525 2072 H
543 2041 597 2072 111
613 2041 666 2072 52.
709 2043 882 2081 quantum
906 2039 1074 2071 audeatis
1098 2049 1228 2071 vereor
1245 2039 1279 2069 H
1296 2039 1313 2069 I
1329 2037 1369 2069 41
1381 2062 1388 2076 ‚
1407 2036 1462 2069 20.
1504 2042 1678 2078 quantum
1697 2039 1754 2068 est

235 2087 274 2118 in
290 2087 394 2119 vobis
418 2087 453 2117 H
470 2087 505 2118 II
522 2085 581 2125 96,
606 2085 633 2117 l.
676 2085 807 2116 civitas
833 2086 990 2124 quantum
1013 2084 1117 2118 brevi
1143 2084 1301 2115 creverit
1325 2082 1352 2114 C
1377 2083 1414 2122 7,
1434 2081 1466 2114 3.
1508 2082 1624 2114 virtus
1646 2084 1752 2113 tanta

234 2131 403 2170 habetur,
423 2134 595 2172 quantum
613 2133 764 2168 potuere
783 2129 958 2160 extollere
978 2129 1005 2161 C
1022 2128 1060 2167 8,
1080 2129 1112 2161 4.
1155 2129 1302 2159 inmane
1328 2130 1499 2169 quantum
1518 2126 1631 2158 animi
1650 2136 1751 2158 exar-

236 2186 315 2207 sere
340 2176 374 2206 H
388 2176 433 2209 .II
457 2175 510 2206 79.
553 2177 676 2215 quanto
699 2174 875 2205 intentius
900 2184 945 2206 ea
962 2184 1026 2206 vos
1045 2174 1182 2215 agetis,
1209 2176 1311 2204 tanto
1330 2172 1404 2203 illis
1422 2172 1563 2203 animus
1580 2170 1754 2203 infirmior

237 2221 306 2252 erit
325 2220 351 2252 O
369 2220 422 2259 52,
446 2219 486 2251 18
503 2222 589 2252 conl.
607 2221 631 2251 J
647 2219 703 2259 85,
723 2219 778 2250 22.
809 2218 882 2260 107,
906 2218 933 2251 l.
960 2219 995 2250 H
1011 2220 1027 2250 Ι
1044 2218 1099 2259 48,
1122 2218 1172 2249 17.
1208 2220 1347 2260 quanto
1361 2217 1476 2249 tutius
1495 2217 1611 2248 factio
1628 2216 1752 2248 noxio-

234 2275 311 2296 rum
330 2267 418 2306 agat
435 2265 470 2296 H
486 2265 540 2296 111
557 2263 610 2303 61,
631 2263 661 2296 3.
1579 2285 1582 2288 -

279 2311 480 2350 quapropter
495 2319 559 2341 vos
577 2318 704 2340 moneo
723 2308 749 2339 C
767 2307 822 2348 58,
841 2307 873 2340 8.

279 2356 417 2395 quartus
435 2354 462 2386 C
480 2353 534 2393 56,
553 2353 585 2386 3.
612 2353 635 2385 J
655 2352 728 2391 101,
752 2352 780 2384 l.

280 2400 383 2439 quasi.
413 2399 564 2441 proinde
584 2398 686 2440 quasi
705 2397 731 2428 C
753 2396 805 2436 12,
823 2396 855 2428 5.
880 2398 904 2429 J
920 2398 951 2436 4,
971 2397 1002 2428 8.
1030 2397 1084 2436 31,
1107 2397 1158 2429 10.
1201 2398 1305 2439 quasi
1323 2397 1471 2428 scelesti
1489 2398 1630 2428 tantum
1648 2395 1752 2427 modo

234 2445 273 2476 in
289 2444 378 2475 urbe
403 2444 475 2476 sint
493 2443 519 2475 O
538 2443 599 2482 52,
620 2442 671 2474 15.
712 2442 764 2473 ita
788 2445 949 2473 aetatem
974 2446 1105 2483 agunt,
1134 2443 1237 2483 quasi
1260 2442 1415 2474 honores
1433 2443 1678 2480 contemnant,
1698 2440 1752 2472 ita

234 2490 300 2529 hos
317 2492 457 2531 petunt,
477 2489 581 2530 quasi
598 2487 749 2519 honeste
767 2486 1020 2527 vixerintJ85,
1035 2486 1085 2518 19.
1120 2487 1274 2518 alterum
1293 2486 1521 2518 consulatum
1538 2486 1633 2528 petis
1648 2485 1752 2527 quasi

235 2535 388 2577 primum
413 2533 614 2565 reddideris
638 2532 673 2563 H
698 2532 716 2563 I
737 2530 798 2571 48,
820 2531 871 2562 15.
914 2531 1039 2562 consul
1064 2532 1169 2572 quasi
1192 2531 1292 2563 nullo
1316 2532 1476 2573 inposito
1494 2531 1615 2563 omnia
1632 2529 1750 2571 provi-

236 2580 321 2611 dere
345 2579 368 2618 J
395 2577 475 2617 100,
492 2577 526 2610 3.
569 2577 675 2620 quasi
699 2576 824 2608 dolens
850 2576 928 2607 eius
955 2586 1078 2607 casum
1103 2576 1286 2617 requirere
1312 2576 1433 2617 coepit
1458 2575 1485 2607 C
1509 2575 1571 2615 40,
1598 2574 1629 2605 2.
1671 2574 1750 2616 ipse

237 2626 340 2666 quasi
357 2623 578 2656 vitabundus
596 2632 661 2664 per
676 2621 759 2654 loca
777 2621 939 2653 saltuosa
957 2621 1155 2652 exercitum
1173 2621 1322 2652 ductare
1339 2621 1362 2652 J
1379 2619 1434 2659 38,
1453 2619 1492 2651 1.·
1516 2629 1560 2651 ea
1575 2618 1646 2650 11110
1664 2618 1750 2650 111110

237 2669 342 2711 quasi
358 2668 553 2701 vitabundi
571 2670 633 2699 aut
649 2667 829 2707 iacientes
847 2664 922 2698 tela
939 2666 1083 2707 agitare
1099 2665 1122 2696 J
1139 2663 1200 2706 60,
1219 2665 1251 2697 4.
1293 2664 1448 2696 honores
1470 2674 1541 2695 non
1559 2674 1603 2695 ex
1620 2663 1750 2695 merito

237 2718 293 2746 set
319 2714 424 2755 quasi
450 2713 593 2745 debitos
618 2723 640 2744 a
662 2711 767 2744 vobis
791 2710 927 2752 repetit
948 2710 971 2742 J
993 2709 1052 2749 85,
1072 2709 1127 2742 37.
1169 2712 1302 2741 cuncta
1321 2718 1474 2740 scaevus
1490 2708 1560 2740 iste
1579 2708 1751 2740 Romulus

238 2760 342 2800 quasi
368 2759 414 2790 ab
440 2758 600 2789 externis
624 2759 731 2798 rapta
755 2759 857 2787 tenet
880 2755 915 2786 H
939 2756 956 2787 I
979 2754 1041 2794 41,
1059 2754 1091 2786 5.
1134 2754 1239 2796 quasi
1263 2753 1455 2785 formidine
1481 2753 1666 2785 adtonitus
1683 2753 1717 2784 H
1734 2753 1751 2785 Ι

236 2803 291 2835 88.
335 2803 495 2835 avaritia
527 2802 631 2844 quasi
660 2801 812 2833 venenis
837 2800 948 2834 malis,
966 2800 1094 2831 inbuta
1119 2798 1146 2830 C
1175 2798 1232 2838 11,
1251 2797 1282 2831 3.
1326 2799 1431 2840 quasi
1452 2798 1581 2830 obvius
1603 2797 1751 2830 honoris

239 2859 372 2880 caussa
397 2847 562 2890 procedit
584 2847 607 2879 J
634 2845 715 2885 113,
741 2846 772 2878 5.
822 2855 865 2876 ea
890 2845 995 2886 quasi
1017 2844 1189 2876 materies
1213 2843 1369 2875 omnium
1394 2842 1568 2875 malorum
1593 2843 1696 2874 fuere
1721 2841 1748 2874 C

240 2892 291 2934 10,
303 2892 335 2925 3.
372 2892 543 2934 contagio
562 2891 665 2933 quasi
682 2889 892 2932 pestilentia
908 2889 1045 2923 invasit
1062 2888 1088 2921 C
1110 2887 1161 2929 10,
1178 2888 1209 2921 5.
1242 2888 1432 2920 licentiam
1449 2887 1627 2920 scelerum
1645 2887 1751 2929 quasi
