1826 3282
202 208 278 250 106
612 221 911 249 msromARvM
942 222 1023 248 Lm.
1055 222 1099 249 ιν
1129 215 1291 253 40—43.

311 324 363 362 40
400 322 486 375 [ΚΓ.
516 326 572 359 48.
611 323 649 359 G.
681 320 757 374 24].
827 321 869 361 In
907 323 994 374 quis
1034 323 1272 362 notissumus
1310 324 1473 376 quisque
1510 328 1577 364 aut
1613 324 1717 364 malo

197 391 422 441 dependens
451 389 757 434 verberabatur,
790 394 856 430 aut
885 389 1102 430 inmutilato
1132 402 1299 442 corpore
1333 392 1370 430 in
1400 402 1518 443 prora
1542 391 1716 443 patibulo

196 458 380 498 eminenti
409 457 665 508 adfigebalur.

307 537 398 568 Non.
415 547 450 578 p.
462 534 546 568 249:
565 536 752 568 Patibulum
769 540 819 569 est
833 547 932 569 crux.
966 536 1145 570 Sallustius
1154 538 1386 570 Historiarum
1403 537 1459 569 lib.
1476 538 1568 570 1111:
1585 538 1623 570 in
1638 537 1717 580 quis

194 581 403 613 notissimus
421 581 570 623 quisque
585 583 622 613 et
637 581 731 614 malo
747 581 951 623 deperdens
968 583 1244 622 verberabatur,
1271 585 1333 614 aut
1346 582 1552 615 inmutilato
1566 594 1715 626 corpore

194 626 349 668 improbi
367 626 531 668 patibulo
550 626 712 659 eminens
731 626 963 669 affigebatur.
1005 628 1133 660 Priora
1150 627 1264 660 verba
1289 627 1374 669 quin
1392 631 1491 659 recte
1509 628 1716 660 iamdudum

195 671 391 703 emendata
417 672 500 711 sint,
528 671 688 706 dubitari
711 672 855 713 nequit:
884 675 922 703 at
938 672 975 704 in
992 673 1254 715 posterioribus
1271 673 1424 714 primum
1448 674 1631 706 inmutilato
1648 673 1716 705 dif-

193 716 290 748 ficile
318 720 384 755 est,
411 727 483 748 non
508 727 576 758 quo
602 716 647 748 de
673 717 854 759 scriptura
880 716 1137 759 ambigendum
1162 716 1341 756 videatur,
1373 728 1591 760 quamquam
1615 718 1716 750 Ursi-

193 772 260 793 nus
285 763 426 794 mulcato
453 762 622 801 coniecit,
649 765 706 794 set
730 762 816 803 quia
840 762 1058 794 vocabulum
1084 763 1180 804 apud
1203 762 1341 794 nullum
1368 762 1477 794 alium
1503 763 1718 805 scriptorem

194 807 382 839 invenitur
405 807 478 838 nisi
502 807 539 838 in
573 807 652 839 cod.
679 807 859 839 Theodos.
885 807 936 839 IV
960 807 1021 847 22,
1051 807 1080 839 1.
1130 807 1280 839 Scilicet
1310 807 1380 840 viri
1411 807 1509 839 docti
1540 807 1716 848 nonnulli,

192 854 233 882 ut
256 852 460 883 Freundius
484 853 574 884 Lex.
602 862 630 884 s.
657 863 711 891 v.,
739 862 807 893 quo
833 852 950 884 maior
975 855 1073 884 esset
1097 853 1298 894 piratarum
1324 852 1540 892 crudelitas,
1574 853 1619 884 dc
1645 863 1718 894 qua

193 897 266 929 (lici
290 897 538 929 manufestum
562 900 630 937 est,
656 896 875 930 vocabulum
898 899 1042 929 mutilati
1063 897 1230 929 hocloco
1255 896 1419 939 praefixa
1443 898 1716 940 praepositione

192 946 226 973 in
252 945 399 974 auctam
423 942 607 974 notionem
642 942 844 984 exprimere
876 945 1071 983 putavere:
1105 952 1213 984 quam
1245 942 1466 974 sententiam
1498 953 1568 984 quo
1599 943 1718 975 minus

194 987 457 1030 conprobemus
483 990 520 1018 et
545 987 682 1019 codicis
707 986 954 1019 Theodosiani
978 987 1079 1019 locus
1105 988 1239 1027 obstat,
1265 990 1302 1019 et
1325 997 1384 1018 res
1409 987 1503 1029 ipsa,
1531 996 1611 1019 cum
1634 997 1720 1030 gra--

192 1033 271 1064 vior
296 1033 481 1064 cruciatus
506 1033 555 1063 sit
581 1043 725 1071 eorum,
759 1032 820 1073 qui
850 1032 985 1074 integri
1011 1033 1109 1064 cruci
1135 1031 1359 1074 adfiguntur,
1394 1042 1500 1074 quam
1525 1033 1587 1074 qui
1610 1032 1718 1064 muti-.

191 1077 259 1109 lati
284 1088 349 1119 per
382 1079 481 1109 artus
514 1077 671 1109 celerius
704 1077 883 1119 expirant.
941 1076 1029 1109 Cum
1065 1080 1185 1109 autem
1211 1077 1303 1110 Noni
1327 1076 1411 1109 libri
1441 1077 1589 1119 improbi
1619 1077 1718 1109 exhi-

192 1123 317 1161 beant,
343 1122 472 1154 variae
499 1122 614 1154 initae
646 1126 730 1154 sunt
760 1123 857 1154 viae.
907 1122 1055 1165 Lipsius
1088 1125 1162 1154 ant.
1189 1122 1273 1154 lect.
1301 1123 1336 1154 II
1361 1123 1382 1154 4
1407 1124 1440 1154 in
1461 1124 1582 1164 proris
1608 1123 1718 1163 coni.,

191 1168 388 1200 Putschius
418 1168 451 1199 in
479 1168 605 1209 puppi,
640 1167 790 1199 Colerus
822 1167 988 1209 improbe,
1029 1167 1172 1200 Cortius
1204 1167 1373 1210 improbo,
1413 1167 1468 1199 ita
1497 1167 1718 1209 interpreta-

191 1215 250 1244 tus
281 1216 321 1244 ut
351 1213 543 1254 inprobum
576 1213 759 1245 diceretur
790 1223 872 1254 pro:
906 1212 951 1244 ad
984 1212 1167 1254 subplicia
1197 1212 1448 1254 inproborum,
1482 1213 1542 1244 cui
1573 1214 1718 1244 senten-

192 1258 269 1290 tiae
297 1257 540 1300 adstipulatus
565 1261 620 1290 est
644 1258 818 1289 Kritzius.
867 1258 992 1299 Neque
1017 1257 1153 1289 infitior
1177 1257 1336 1299 aliquam
1354 1257 1630 1290 similitudinem
1653 1257 1718 1289 ha-

192 1303 279 1335 bere
306 1313 351 1335 ea
376 1302 545 1344 exempla
569 1302 709 1335 latinae
735 1302 928 1342 dictionis,
962 1303 1007 1334 de
1040 1303 1169 1344 quibus
1195 1303 1271 1345 egit
1295 1302 1558 1345 Naegelsbach
1583 1302 1716 1335 Theor.

193 1348 226 1379 d.
255 1348 276 1380 l.
306 1348 358 1380 St.
385 1359 419 1390 p.
445 1346 489 1379 62
514 1357 587 1389 sq.,
622 1351 660 1379 at
685 1359 730 1380 ea
754 1348 876 1379 omnia
901 1357 972 1380 non
998 1348 1172 1390 ambigua
1197 1351 1281 1379 sunt
1304 1357 1424 1389 neque
1452 1347 1562 1379 aliam
1587 1347 1718 1379 admit-

193 1396 274 1425 tunt
299 1392 599 1436 explicationem,
626 1393 800 1434 inprobum
813 1393 997 1434 patibulum
1014 1393 1167 1424 obscure
1187 1393 1322 1424 dictum
1349 1395 1458 1431 esset,
1485 1392 1571 1434 quia
1600 1392 1719 1434 quivis

193 1438 229 1470 id
253 1439 307 1470 ita
333 1438 538 1480 acciperet,
571 1440 611 1469 ut
634 1438 851 1480 inprobitatis
885 1438 1160 1469 instrumentum
1193 1440 1353 1479 putaret.
1410 1437 1474 1469 Set
1497 1437 1572 1468 nisi
1597 1436 1733 1476 fallor,-

194 1483 388 1515 Sallustius
405 1494 477 1515 non
494 1483 612 1524 potuit
628 1494 701 1515 non
718 1483 834 1515 locum
853 1483 1074 1525 significare,
1099 1483 1161 1514 ubi
1180 1493 1308 1514 eruces
1331 1482 1369 1514 in
1386 1482 1545 1524 navigiis
1570 1485 1718 1514 erectae

193 1529 359 1561 fuissent.
409 1528 490 1567 Qua
513 1539 551 1560 re
577 1538 657 1560 cum
684 1527 880 1560 Gerlachio
906 1528 1021 1570 Lipsii
1055 1527 1345 1560 emendationem
1367 1527 1550 1569 probavi,
1584 1527 1717 1569 quippe

194 1584 285 1615 quae
305 1583 475 1615 proxume
494 1573 540 1605 ad
556 1572 729 1606 librorum
748 1573 965 1615 scripturam
991 1573 1200 1611 adcederet,
1227 1576 1283 1604 set
1307 1571 1528 1614 singularem
1555 1572 1717 1604 scribere

193 1618 305 1650 malui
331 1621 478 1660 propter
502 1629 757 1660 praegressum
783 1621 880 1650 malo.
931 1618 1117 1649 Postremo
1142 1620 1302 1655 eminens,
1336 1628 1400 1659 pro
1434 1626 1502 1658 quo
1528 1617 1565 1648 in
1588 1616 1611 1648 b
1637 1618 1714 1649 emi-

192 1674 253 1695 nus
277 1664 451 1706 scriptum
477 1667 544 1703 est,
570 1663 658 1695 mihi
683 1663 879 1706 displicuit,
907 1673 986 1694 cum
1012 1663 1100 1694 mire
1118 1662 1254 1694 dictum
1273 1665 1372 1694 esset
1395 1672 1459 1704 pro
1483 1661 1647 1703 sublimis,
1673 1672 1717 1694 ex

195 1709 269 1741 alto
296 1709 524 1751 conspicuus.
574 1709 696 1751 Ipsum
722 1708 840 1751 potius
865 1708 1069 1750 patibulum
1096 1707 1255 1739 eminere
1280 1707 1474 1739 dicendum
1499 1706 1580 1738 fuit.

307 1810 351 1848 41
397 1810 554 1862 [KR-⁷10.
588 1813 625 1848 G.
650 1809 702 1862 2].
764 1810 947 1848 Demissis
978 1813 1127 1860 partem
1161 1810 1270 1860 quasi
1296 1809 1450 1847 tertiam
1480 1809 1671 1847 antennis.

307 1888 409 1922 Arus.
436 1900 470 1931 p.
498 1888 564 1921 253
596 1899 676 1921 cum
709 1889 879 1920 lemmate
906 1893 1043 1930 partem
1075 1889 1246 1920 (termissus.
1296 1888 1524 1929 Quamquam
1554 1886 1644 1918 illud
1669 1886 1715 1919 ab

193 1934 314 1966 multis
331 1934 452 1967 nautis
471 1934 524 1966 sic
541 1934 683 1966 institui
701 1934 861 1976 potuisse
887 1943 960 1965 non
976 1933 1205 1964 infitiandum
1222 1934 1288 1971 est,
1315 1935 1439 1964 tamen
1457 1941 1538 1963 cum
1554 1931 1648 1964 libro
1665 1931 1718 1963 IV

193 1980 238 2012 de
262 1980 392 2022 piratis
417 1982 607 2011 narratum
632 1979 745 2011 fuisse
772 1982 985 2020 conpertum
1010 1978 1232 2016 habeamus,
1258 1979 1297 2008 ut
1323 1977 1369 2008 ad
1395 1987 1457 2009 eos
1481 1976 1596 2009 verba
1620 1976 1717 2009 refe-

192 2035 314 2058 ramus
337 2024 612 2067 probabilitatis
637 2024 800 2056 rationes
825 2023 995 2056 videntur
1016 2022 1218 2065 postulare.

306 2125 360 2165 42
392 2126 471 2178 [Kr.
498 2130 526 2162 1.
559 2127 597 2162 G.
616 2124 691 2177 44].
743 2124 996 2175 Amisumque
1027 2123 1195 2163 adsideri
1227 2124 1309 2162 sine
1342 2121 1500 2174 proeliis
1521 2111 1715 2162 audiebat

306 2204 420 2237 Prisc.
448 2203 537 2235 VIII
562 2215 596 2245 p.
615 2202 697 2236 435.
725 2203 883 2236 ‘''obszdeo
908 2214 987 2236 vero
1005 2208 1038 2236 et
1056 2203 1214 2235 “'asszdeo
1241 2205 1351 2234 activa
1374 2205 1460 2239 sant,
1483 2202 1615 2241 faciunt
1631 2204 1718 2233 enim

195 2249 374 2282 ‘obsideor'
401 2253 435 2281 et
460 2249 647 2286 ‘cassidem-³,
673 2250 762 2281 unde
779 2249 958 2281 Sallustius
984 2251 1017 2280 in
1040 2249 1114 2280 IIII
1139 2249 1374 2280 Instar-iarum.-
1393 2246 1630 2288 Amisumque
1657 2244 1718 2288 [sic

193 2306 239 2327 ea:
263 2295 298 2326 K
323 2298 356 2326 et
381 2295 516 2327 Dousae
541 2295 582 2325 ci.
609 2298 702 2326 reete
722 2293 854 2326 emend.
882 2295 972 2336 qaod
994 2295 1027 2326 in
1044 2293 1140 2326 libris
1164 2294 1298 2324 velicuis
1315 2296 1365 2324 est
1390 2289 1646 2333 amissumque]
1673 2309 1717 2313 —

195 2339 380 2372 audiebat.
430 2339 486 2370 De
511 2339 634 2370 Amiso
659 2339 720 2370 diu
753 2349 817 2380 per
841 2339 883 2370 L.
910 2338 1054 2370 Luculli
1087 2338 1214 2380 copias
1239 2337 1391 2369 obsessa
1416 2336 1489 2369 vid.
1515 2336 1641 2368 Drum.
1667 2335 1719 2367 IV

193 2396 227 2426 p.
258 2383 330 2416 135.
372 2384 535 2416 Momms.
570 2384 669 2425 IIIp
675 2383 751 2415 ,54
778 2387 814 2415 et
838 2382 893 2415 56.
949 2384 1028 2415 Non
1054 2383 1203 2414 dubium
1229 2385 1285 2414 est
1319 2381 1406 2423 quin
1429 2381 1588 2413 audiebat
1611 2380 1717 2414 verbi

194 2430 399 2462 subiectum
425 2429 642 2470 cogitandus
646 2395 714 2460 psiit
738 2428 972 2460 Mithridates
997 2428 1056 2460 vel
1082 2428 1175 2459 alius
1201 2428 1442 2459 Romanorum
1467 2425 1594 2458 hostis.

309 2531 361 2570 43
394 2530 473 2583 [Kr.
499 2533 555 2566 69.
584 2531 622 2566 G.
646 2528 722 2581 75].
774 2528 870 2574 Quia
895 2529 1149 2580 praedatores
1172 2527 1322 2567 facibus
1352 2527 1425 2567 sibi
1445 2526 1717 2578 praelucentes

195 2598 394 2638 ambustas
422 2598 462 2636 in
491 2597 602 2636 tectis
631 2597 714 2634 sine
745 2608 838 2635 eura
870 2595 1122 2647 reliquerant.

198 2705 200 2708 .
308 2676 412 2709 Arus.
439 2687 474 2718 p.
501 2674 568 2707 256
592 2685 620 2706 s.
647 2685 681 2707 v.
705 2676 906 2716 praeluceo,
937 2674 1001 2705 ubi
1026 2676 1199 2715 conrupte
1226 2672 1416 2705 scribitur:
1443 2674 1500 2717 qui
1519 2676 1715 2713 praetores.

196 2723 332 2754 Locum
358 2723 458 2753 recte
486 2719 694 2753 emendavit
721 2722 757 2751 et
779 2719 1007 2758 inlustravit,
1035 2718 1191 2750 conlatis
1215 2716 1312 2750 Plut.
1339 2719 1429 2750 Luc.
1459 2717 1500 2750 19
1523 2717 1646 2751 verbis
1670 2716 1716 2749 de

197 2770 319 2820 capta
339 2766 477 2797 Amiso:
512 2760 636 2797 πάντα
667 2775 749 2841 {mco
773 2743 1040 2805 ἐξερευνῶντες
1071 2757 1146 2795 ὑπὸ
1179 2758 1392 2813 λαμπάδων
1421 2753 1488 2796 καὶ
1518 2760 1719 2804 πανταχοῦ

197 2810 276 2853 φῶς
303 2805 584 2896 ἐπιφέροντες(1
574 2820 666 2842 ocvw
707 2820 752 2841 τα
779 2809 935 2841 πλεῖστα
967 2807 1042 2840 τῶν
1074 2803 1292 2850 οἰκημάτων
1323 2808 1531 2849 καθεῖλον,
1564 2806 1714 2840 Linker»

198 2867 263 2887 em.
292 2855 379 2887 Sall.
413 2866 446 2897 p
474 2854 558 2887 32s
562 2865 594 2896 q.
628 2857 685 2886 set
714 2855 787 2886 iam
821 2857 933 2886 antea
964 2854 1002 2885 in
1035 2853 1189 2890 eandem
1221 2852 1510 2885 emendationem
1535 2851 1717 2884 inciderat

195 2901 359 2941 Wagner
384 2900 424 2931 A.
453 2911 486 2942 g.
512 2900 563 2932 IX
587 2911 622 2942 p.
652 2898 726 2931 198.
