1826 3282
242 237 293 280 34
724 242 1023 273 msromARvM
1055 243 1138 272 Lm.
1166 243 1199 272 11
1238 236 1287 274 12.

240 355 291 382 set
317 351 362 381 ad
383 348 527 390 proelia.
577 345 666 378 Cum
692 345 735 377 de
755 345 939 377 exercitiis
956 345 1109 384 dicatur,
1136 345 1264 387 quibus
1282 344 1416 377 milites
1429 344 1480 378 ad
1496 354 1638 388 pugnas
1655 352 1759 387 prae·-

240 395 367 437 parab
361 396 476 431 uitur,
502 395 593 422 vecte
619 390 708 422 ferri
731 400 804 421 non
828 393 959 431 potest.
1002 390 1147 421 Etenim
1173 391 1203 421 si
1230 400 1309 421 cum
1327 389 1466 422 Kritzio
1483 390 1760 422 instrumentum

242 450 306 480 pro
332 447 441 469 oneie
467 446 599 477 magno
625 435 869 477 promovendo
887 434 1021 466 dictum
1040 438 1202 474 statuaS,
1228 434 1265 466 id
1281 445 1353 466 non
1372 437 1427 466 est
1445 434 1611 467 exercitii
1633 443 1759 476 genuS,

242 482 305 514 sed
332 481 435 512 labor
458 480 495 510 in
519 481 599 521 ipso
623 479 720 511 bello
747 478 986 511 exantlandus
1012 478 1065 520 (ut
1089 478 1255 521 ταφρειά
1282 482 1317 510 et
1342 487 1553 521 χαρακωσις
1578 489 1636 521 ap.
1662 478 1758 510 Plut.

241 528 332 557 Mar.
360 536 391 556 c.
417 525 436 555 7
464 528 552 556 exti.
558 524 581 565 ).
632 525 714 563 Qua
729 534 768 556 re
794 523 967 566 scriptum
992 524 1105 556 fuisse
1131 524 1238 556 credo
1260 524 1369 563 fasce.
1412 523 1681 565 Cfr.Veget.1
1702 521 1758 554 19:

241 571 379 602 Pondus
404 580 533 611 quoque
559 568 709 600 bdiulare
733 579 834 611 usque
860 570 905 600 act
928 572 1111 611 sexaginta
1135 569 1240 600 libras
1264 573 1297 600 et
1322 572 1388 600 τίεν
1409 570 1529 608 faeere
1543 569 1656 610 yradu
1679 569 1760 601 mili-
1789 581 1802 590 ⁸

240 617 309 646 tari
328 615 601 656 frequentissime
626 615 770 655 cogendi
791 618 867 644 sunt
892 615 1048 651 iuniores,
1076 613 1192 656 quibus
1216 615 1249 644 in
1273 615 1391 645 arduis
1409 612 1682 655 expeditionibus
1705 622 1761 643 ne-

240 660 382 690 cessitas
405 659 547 695 immz'net
570 669 734 690 annonam
756 659 893 700 pariter·
916 662 949 689 et
973 669 1068 689 arma
1088 659 1265 699 portandi.
1315 658 1386 690 Nee
1414 658 1476 690 Izoe
1501 658 1664 689 credatur
1687 666 1761 688 esse

241 704 389 744 difficile,
415 706 446 734 si
468 713 546 735 usus
570 705 773 735 accesserit:
798 703 879 734 nihil
902 703 984 734 enim
1010 707 1061 734 est
1086 704 1176 744 qnod
1198 713 1263 734 non
1289 704 1427 734 assidua
1443 703 1614 734 meditatio
1635 701 1761 743 facilli—

240 759 321 780 mum
345 749 481 779 reddat.
531 747 632 787 Quam
656 758 725 779 rem
750 750 904 790 antiquos
928 744 1048 779 milites
1069 750 1281 788 factitavisse
1312 749 1344 780 V
1345 750 1464 789 eryilio
1497 749 1571 789 ipso
1596 750 1682 778 teste
1707 755 1762 778 eo-

239 793 421 834 quescitur,
449 795 506 835 qui
528 795 576 824 ait
601 791 658 833 (G.
686 793 740 823 III
764 791 861 833 346):

512 838 592 869 Non
618 847 722 869 secus
748 847 791 868 ac
815 837 943 878 patriis
970 847 1055 868 acer
1079 837 1263 868 Romanus
1287 837 1325 868 in
1350 837 1459 869 armis

513 882 652 913 Iniusto
677 882 743 913 sub
769 882 872 913 fasce
897 882 994 913 viam
1019 891 1099 912 cum
1125 882 1242 923 carpit
1267 885 1303 925 et
1326 881 1423 913 hosti

260 963 271 980 Ι
513 927 606 958 Ante
633 929 862 968 expectatum
888 927 1016 968 positis
1041 929 1115 958 stat
1138 926 1176 957 in
1194 926 1337 968 agmine
1357 926 1499 958 castris.

361 1015 410 1054 12
444 1014 523 1069 [ΚΓ.
545 1020 600 1053 62.
632 1018 670 1053 G.
693 1014 769 1067 22].
823 1015 920 1054 Nam
948 1014 1094 1054 Sullam
1126 1015 1324 1054 consulem
1360 1015 1407 1054 de
1438 1015 1565 1054 reditu
1598 1015 1681 1053 eius
1709 1013 1763 1052 le-

245 1095 333 1133 gem
351 1082 541 1121 serentem
559 1095 605 1121 ex
624 1083 826 1132 conposito
848 1082 1029 1121 tribunus
1046 1081 1173 1133 plebei
1189 1081 1232 1120 G.
1250 1082 1472 1122 Herennius
1493 1081 1762 1132 prohihuerat.

359 1160 499 1192 Gellius
524 1161 566 1193 N.
593 1161 636 1192 A.
662 1161 694 1191 X
718 1159 762 1191 20
790 1163 980 1202 postquam
1006 1159 1049 1192 de
1084 1160 1292 1192 discrimine
1325 1161 1419 1192 inter
1442 1163 1546 1201 legem
1570 1162 1606 1191 et
1628 1160 1763 1201 privile-

243 1207 330 1246 gium
354 1205 606 1237 intercedente
634 1205 800 1247 exposuit
818 1215 860 1236 ac
879 1209 1001 1236 tamen
1020 1204 1114 1247 apud
1131 1208 1274 1237 veteres
1293 1205 1489 1247 scriptores
1506 1215 1577 1236 non
1594 1214 1765 1246 magnam
1814 1224 1815 1227 =

245 1250 488 1282 differentiam
513 1250 658 1282 illorum
682 1249 940 1282 vocabulorum
967 1260 1046 1281 esse
1074 1250 1349 1289 animadvortit,
1380 1251 1399 1289 ξ
1426 1249 1467 1281 10
1493 1249 1621 1281 adicit:
1654 1248 1764 1285 Sallu-

243 1297 327 1326 stius
352 1305 491 1337 quoque,
516 1297 765 1336 proprietatum
788 1295 822 1325 in
846 1294 956 1326 verbis
980 1296 1275 1331 retinenttssumus,
1302 1295 1535 1326 consuetudini
1550 1294 1713 1330 concessit
1731 1297 1764 1325 et

243 1340 451 1381 privilegium
477 1341 566 1381 quod
589 1341 630 1371 de
658 1340 718 1371 Gn.
746 1339 886 1380 Pompei
907 1340 1019 1370 reditu
1045 1339 1243 1380 ferebatur,
1269 1341 1372 1381 Ieyem
1402 1339 1596 1381 appellavit.
1649 1337 1765 1371 Verba

244 1393 292 1416 ex
314 1386 463 1416 secunda
494 1386 564 1416 eius
595 1385 738 1416 historia
767 1384 851 1415 haec
881 1388 976 1415 sunt:
1013 1384 1105 1415 Nam
1130 1402 1171 1406 —
1196 1384 1445 1426 prohibuerat.
1493 1383 1551 1415 Ibi
1575 1393 1655 1415 cum
1679 1382 1764 1414 libri

245 1440 320 1460 nam
344 1431 432 1461 ittam
457 1429 580 1460 Sullam
607 1428 822 1467 exhibeant,
855 1430 942 1460 illam
968 1439 1012 1460 ex
1037 1428 1286 1471 dittographia
1309 1431 1433 1460 natum
1452 1438 1532 1460 esse
1556 1427 1764 1460 iamdudum

245 1473 314 1506 viri
338 1474 434 1505 docti
465 1483 696 1515 perspexere.
754 1473 849 1512 Quin
882 1473 926 1505 de
961 1474 1027 1505 Gn.
1057 1474 1208 1515 Pompei
1239 1484 1283 1505 ex
1313 1473 1442 1505 Africa
1473 1473 1591 1505 reditu
1621 1472 1765 1508 dicatur

245 1518 392 1549 dubium
416 1529 488 1550 non
513 1522 580 1557 est,
607 1522 662 1550 set
687 1518 730 1549 (13
756 1527 793 1549 re
818 1518 910 1559 ipsa,
937 1518 1106 1559 quoniam
1132 1518 1178 1550 ab
1202 1517 1303 1549 nullo
1329 1518 1400 1550 alio
1425 1521 1588 1550 veterum
1613 1517 1763 1559 scripto-

246 1573 322 1594 rum
348 1568 629 1602 conmemorata,
652 1561 806 1597 multum
832 1565 869 1593 et
892 1563 929 1593 in
954 1563 1154 1594 contrarias
1179 1566 1303 1604 partes
1322 1566 1377 1594 est
1394 1562 1627 1605 disputatum.
1670 1561 1763 1593 Con-

245 1610 387 1649 pertum
411 1607 522 1649 igitur
547 1611 602 1639 est
627 1618 670 1638 ex
688 1606 784 1639 l’lut.
798 1607 922 1649 Pomp.
946 1607 985 1639 13
1003 1607 1175 1655 Pompeio
1201 1618 1281 1639 cuni
1301 1608 1368 1640 Gn.
1387 1607 1584 1639 Domitium
1603 1609 1639 1638 et
1654 1606 1762 1638 Hiar-

246 1653 331 1683 bam
356 1652 563 1692 devicisset,
590 1652 733 1683 litteras
758 1652 874 1683 Roma
899 1652 1028 1684 missas
1055 1662 1154 1691 esse,
1180 1655 1220 1683 ut
1239 1652 1403 1684 exercitu
1427 1652 1574 1683 dimisso
1593 1661 1674 1683 cum
1689 1660 1764 1682 una

245 1697 392 1740 legione
425 1697 556 1729 Uticae
588 1696 810 1728 successoris
843 1696 1038 1728 idventum
1073 1699 1296 1738 expectaret.
1352 1697 1443 1728 Tum
1474 1695 1608 1728 milites
1639 1696 1696 1727 ira
1725 1695 1763 1726 in

246 1741 384 1774 Sullam
409 1742 601 1780 exarsisse,
628 1751 865 1782 maxumoque
890 1741 1037 1783 negotio
1067 1741 1311 1783 inperatorem
1337 1751 1459 1773 eorum
1485 1741 1623 1773 animos
1646 1739 1763 1772 molli·

244 1787 360 1826 visse3
377 1786 471 1827 quod
485 1797 564 1817 cum
574 1787 710 1818 Romae
727 1786 934 1817 exauditum
950 1789 1058 1825 esset,
1073 1786 1291 1828 triumphum
1306 1786 1339 1817 ei
1354 1796 1566 1818 concessum
1584 1785 1760 1826 (Momms.
1790 1811 1793 1813 μ

246 1832 283 1863 ΙΙ
306 1842 341 1873 p.
368 1830 447 1871 319)
473 1831 662 1872 ipsumque
688 1830 733 1862 ab
760 1830 861 1862 Sulla
885 1831 1011 1872 Magni
1038 1830 1288 1872 adpellatione
1319 1830 1518 1862 salutatum
1544 1840 1654 1871 esse..
1683 1830 1763 1861 Iam

247 1876 411 1918 plerique
430 1875 549 1917 legem
567 1875 681 1914 illam,
709 1885 815 1916 quam
841 1876 1126 1907 conmemoravit
1143 1875 1359 1915 Sallustius,
1366 1875 1480 1907 latam
1498 1884 1578 1907 esse
1597 1877 1762 1913 censent,

247 1923 439 1963 postquam
464 1920 598 1952 milites
623 1920 773 1961 Pompei
804 1920 840 1951 in
871 1920 962 1951 iram
993 1924 1223 1959 exarserant,
1256 1922 1312 1951 set
1343 1920 1381 1951 in
1406 1919 1589 1951 contraria
1615 1919 1762 1958 abeunt,

248 1976 329 1997 cum
355 1965 418 1996 alii
443 1964 608 2007 (Pighius
634 1965 718 1996 fast.
744 1965 800 1996 III
817 1964 884 1996 270
901 1965 1128 1997 adsentiente
1149 1963 1365 2005 Gerlachio)
1391 1964 1529 1996 Sullam
1553 1966 1593 1995 ut
1616 1966 1764 1995 senatus

248 2009 468 2048 consultum,
510 2020 578 2050 quo
610 2009 804 2051 Pompeius
840 2012 1032 2041 revocatus
1064 2011 1160 2048 erat,
1199 2009 1408 2049 tolleretur,
1443 2008 1506 2040 alii
1536 2007 1681 2050 (Drum.
1713 2008 1765 2039 IV

246 2066 281 2096 p.
308 2053 375 2086 334
399 2064 451 2095 sq.
479 2055 520 2086 N.
547 2054 604 2095 43)
630 2057 669 2085 ut
695 2053 968 2085 continuaretur
992 2053 1118 2085 tulisse
1145 2053 1377 2097 a12bit1·.entur
1427 2053 1533 2092 Quod
1557 2053 1590 2085 si
1613 2051 1765 2085 Sallusti

247 2099 360 2131 verba
381 2098 742 2138 consideraverimus,
770 2100 907 2129 certum
925 2101 980 2129 est
996 2100 1099 2139 leyem
1115 2099 1157 2130 cle
1174 2088 1286 2130 reditu
1302 2100 1372 2130 eins
1390 2097 1462 2130 alio
1481 2098 1584 2130 modo
1597 2096 1765 2139 intellegi

246 2154 319 2174 non
343 2153 463 2185 posse,
491 2153 597 2184 quam
621 2142 741 2184 legem
767 2142 809 2174 de
836 2142 954 2173 reditu
978 2142 1026 2174 M.
1054 2142 1259 2183 Ciceronis,
1296 2153 1403 2184 quam
1427 2142 1537 2184 paulo
1564 2145 1674 2174 antea
1698 2144 1717 2182 ξ
1743 2139 1764 2174 3

249 2187 388 2219 Gellius
414 2189 762 2226 conmemoraverat,
789 2197 875 2228 ergo
901 2186 1039 2218 Sullam
1064 2187 1203 2226 tulisse,
1233 2190 1273 2219 ut
1297 2188 1469 2229 Pompeio
1495 2197 1575 2219 cum
1601 2187 1764 2219 exercitu

247 2232 364 2263 redire
390 2231 530 2263 liceret.
578 2231 625 2262 Ei
647 2231 723 2273 legi
748 2231 936 2273 conposito
966 2231 1175 2264 intercessit
1200 2232 1242 2264 G.
1269 2232 1476 2264 Herennius
1502 2234 1546 2263 tr.
1572 2230 1621 2273 pl.
1670 2230 1765 2272 Quid

248 2277 359 2318 crgo?
383 2276 651 2315 intercessitne,
678 2286 758 2308 cum
784 2275 886 2308 Sulla
910 2276 1040 2316 ferret,
1066 2279 1106 2308 ut
1131 2277 1345 2316 consultum,
1373 2287 1441 2318 quo
1467 2276 1660 2309 revocatus
1685 2278 1766 2308 erat

247 2322 325 2352 sine
352 2320 533 2359 exercita,
561 2320 794 2352 aboleretur?
842 2321 920 2360 Quo
945 2321 1093 2352 tandem
1117 2321 1194 2353 iure
1219 2321 1278 2354 vel
1302 2321 1389 2353 iuris
1414 2321 1537 2372 specie
1561 2320 1618 2352 illi
1641 2320 1764 2353 trium-

247 2365 339 2408 phus
370 2364 538 2397 decretus
572 2365 650 2396 est?
702 2365 902 2396 'ffiibunum
942 2369 1063 2397 autem
1096 2369 1158 2398 aut
1190 2369 1231 2398 ut
1259 2366 1524 2398 intercessione
1557 2365 1764 2404 desisteret,

248 2412 452 2442 conmotum
477 2427 518 2432 —
543 2409 613 2441 nisi
631 2410 724 2441 forte
743 2410 820 2451 quis
838 2410 907 2441 huc
925 2410 1070 2442 trahele
1094 2410 1184 2443 velit
1208 2411 1252 2442 fr.
1271 2410 1316 2443 34
1339 2428 1382 2433 —
1408 2414 1471 2442 aut
1492 2410 1615 2452 legem
1639 2412 1766 2442 contra

247 2454 547 2486 intercessionem
571 2454 750 2495 perlatam
777 2465 856 2486 esse
882 2465 998 2496 neque
1025 2456 1220 2487 memoriae
1245 2456 1417 2487 traditum
1442 2466 1510 2487 nec
1534 2465 1600 2497 per
1623 2464 1662 2486 se
1686 2453 1766 2487 veri

248 2499 365 2531 simile
392 2501 457 2531 est.
507 2499 588 2538 Qua
605 2509 642 2530 re
668 2499 721 2530 ita
746 2509 821 2530 rem
846 2499 984 2531 factam
1010 2509 1090 2531 esse
1116 2500 1317 2541 cogitemus
1341 2510 1493 2532 necesse
1521 2502 1587 2531 est.
1630 2499 1764 2531 Secun-

248 2545 331 2576 dum
355 2544 474 2585 legem
501 2543 708 2574 Corneliam
733 2562 771 2567 ν-
801 2543 832 2574 si
856 2544 893 2574 in
917 2544 1127 2585 Pompeium
1152 2544 1269 2576 valuit
1294 2563 1335 2566 —
1360 2544 1541 2576 dimittere
1567 2543 1765 2575 exercitum

250 2592 286 2620 et
310 2588 512 2620 successori
536 2588 762 2629 provinciam
787 2588 932 2619 tradere
958 2588 1135 2627 debebat,
1168 2592 1267 2620 certe
1299 2588 1470 2630 triumphi
1501 2588 1677 2620 honorem
1708 2598 1765 2620 se-

249 2633 402 2665 cundum
433 2633 536 2675 leges
567 2643 684 2664 mores
708 2632 875 2664 instituta
899 2634 1026 2674 petere
1054 2633 1087 2664 ei
1111 2643 1184 2664 non
1207 2633 1357 2665 licebat.
1407 2634 1471 2665 Set
1496 2632 1599 2664 Sulla
1623 2642 1704 2664 eum
1728 2631 1766 2664 id

249 2688 381 2719 cupere
408 2677 560 2709 sciebat.
609 2677 656 2708 At
678 2677 847 2719 negando
873 2677 1008 2709 honore
1033 2677 1201 2709 iuvenem
1226 2678 1270 2708 de
1296 2687 1333 2709 se
1356 2680 1500 2719 optume
1516 2677 1683 2708 meritum
1699 2687 1764 2719 pa-

248 2722 322 2754 lam
354 2722 554 2754 obfendere
587 2732 630 2754 ac
663 2721 808 2753 laedere
839 2721 967 2753 noluit.
1023 2721 1117 2761 Quid
1147 2721 1286 2763 igitur?
1316 2725 1356 2752 ut
1387 2722 1421 2753 ei
1451 2724 1649 2764 negaretur
1672 2731 1765 2754 neve

248 2768 327 2808 ipse
352 2770 475 2798 tamen
500 2776 655 2808 negasse
679 2766 881 2805 videretur,
907 2766 984 2807 ipse
1009 2765 1131 2808 legem
1155 2766 1238 2797 tulit
1262 2770 1300 2797 ut
1323 2766 1379 2797 illi
1404 2769 1532 2798 contra
1555 2766 1660 2808 leges
1685 2776 1764 2798 cum

250 2812 412 2842 exercitu
438 2811 555 2843 redire
580 2811 722 2851 liceret,
748 2813 805 2843 set
829 2810 871 2843 G.
897 2811 1121 2842 Herennium
1147 2811 1379 2852 conparavit,
1415 2811 1475 2851 qui
1505 2810 1688 2852 rogationi
1711 2810 1766 2843 in·-

248 2856 464 2890 tercedcret.
515 2856 581 2887 Cui
606 2856 761 2887 minume
786 2855 919 2895 obstat,
947 2855 1040 2897 quod
1064 2854 1198 2892 milites
1215 2855 1365 2897 Pompei
1381 2855 1507 2886 nuntio
1533 2857 1685 2896 accepto
1709 2854 1766 2890 ira
1816 2874 1826 2881 -

248 2900 285 2930 in
310 2900 447 2932 Sullam
474 2901 653 2932 exarsisse
679 2900 873 2932 memoriae
898 2900 1077 2943 proditum
1103 2903 1169 2932 est.
1212 2899 1319 2932 Certe
1346 2901 1441 2931 enini
1460 2899 1687 2942 exploratum
1711 2899 1765 2932 eis
