1838 3288
218 235 297 278 136
491 247 788 278 111s'roR1ARVM
819 247 991 274 INCERT.
1023 249 1194 275 menon.
1225 249 1368 281 asmo.
1399 242 1458 279 78.

330 349 430 381 Serv.
459 348 504 378 ad
528 347 637 389 Vei-g.
664 346 744 378 Ecl.
774 347 861 378 VIII
885 347 946 378 27:
980 348 1170 380 Notandum
1198 359 1280 382 sane
1307 350 1452 381 ‘aevum'
1483 349 1536 382 hic
1562 359 1630 391 pro
1654 353 1734 382 tem-

213 404 311 436 pore,
337 397 371 424 ut
397 394 468 433 ipse
494 391 574 423 alibi
598 391 654 432 (A.
680 391 734 423 III
757 391 838 432 415)
862 409 908 415 -·
929 409 974 415 —
997 393 1176 425 Sallustms
1200 394 1251 426 VI
1274 394 1368 426 Hz'st.
1399 393 1442 426 In
1467 394 1546 436 quis
1569 411 1612 416 —-
1639 404 1733 426 com-

218 438 349 481 posuit.
399 437 498 468 filias
523 446 635 468 aevum
656 447 722 476 pro
748 438 857 468 annis.
906 437 1020 476 Falsa,
1048 438 1142 480 quod
1166 438 1251 470 libri
1276 439 1459 479 exhibent,
1485 449 1558 472 non
1575 449 1664 481 opus
1680 439 1735 471 vi-

219 483 325 514 detur
341 491 422 512 eum
439 480 603 512 Kritzio
593 491 632 512 ιιι
645 481 736 521 falso
754 482 899 522 mutari,
919 493 1000 514 cum
1017 483 1070 515 ita
1088 486 1188 515 recte
1203 482 1372 515 dieantur
1391 493 1484 526 quae
1499 486 1626 516 eontra
1640 483 1735 516 veri-

218 530 332 558 tatem
351 525 535 568 finguntur
554 528 662 567 atque
681 525 909 568 evolgantur.
942 528 1056 559 Dicta
1074 531 1195 560 autem
1212 528 1306 560 haee
1321 528 1434 560 verba
1451 528 1521 560 fuis
1507 538 1564 560 se
1586 528 1631 560 de
1648 528 1736 560 scri-

218 574 334 614 ptore,
355 581 426 602 non
444 570 488 602 de
506 573 649 602 oratore
667 574 767 603 recte
785 570 971 603 intellexit
987 572 1162 613 Kritzius,
1185 583 1402 616 quamquam
1421 572 1518 604 Gerl.
1539 573 1738 605 etiamnum

220 626 301 647 eam
327 616 550 648 sententiam
574 615 720 648 videtur
743 618 881 655 tenere,
909 627 1015 658 quam
1034 620 1143 649 autea
1166 618 1364 660 proposuit.
1407 610 1625 650 Conlocavit
1642 617 1738 656 enim

219 661 317 692 inter
342 660 385 692 fr.
412 660 448 691 ΙΙ
474 659 517 692 36
543 663 579 691 et
603 659 659 691 37.
707 661 790 703 Ipse
816 671 903 693 vero
921 662 1083 694 Kritzius
1109 662 1155 694 ad
1180 662 1357 694 Catonem
1382 662 1578 695 referunda
1603 662 1737 695 existu-

220 705 346 745 mavit,
374 715 444 746 qua
470 715 507 736 re
534 705 571 736 in
598 705 651 737 ed.
678 705 812 738 noviss.
848 716 928 738 cum
953 707 970 738 Ι
1001 707 1021 738 2
1054 707 1251 739 coniunxit.
1308 707 1375 739 Cui
1406 707 1614 740 sententiae
1645 706 1740 739 haec

220 750 310 781 mihi
341 749 512 782 videntur
544 750 709 782 obstare.
750 751 909 782 Primum
942 761 1161 794 quamquam
1192 752 1369 784 Catonem
1400 751 1503 784 illum
1535 751 1741 784 censorium

222 805 350 827 severe
377 797 487 836 atque
514 795 650 826 aeriter
674 795 718 827 de
743 795 951 828 hominibus
968 796 1171 838 praeclaris
1191 797 1369 839 rebusque
1395 797 1442 829 ab
1469 796 1521 828 eis
1546 797 1662 839 gestis
1686 796 1741 827 iu-

222 840 407 872 dicavisse
434 842 647 882 conpertum
671 839 847 872 habemus
872 839 1112 882 (Bernhardy.
1139 842 1229 873 Litt.
1250 842 1352 873 Rom.
1371 840 1500 883 p.583)
1526 841 1563 873 id
1566 851 1635 883 que
1651 840 1743 872 haut

223 895 304 916 raro
331 884 368 916 in
394 884 596 926 originibus
624 885 668 920 ab
695 895 737 916 eo
764 885 902 916 factum
929 896 1011 917 esse
1037 896 1202 918 maxume
1228 885 1405 918 credibile
1431 889 1488 918 est
1512 884 1590 927 (cfr.
1617 885 1662 917 fr.
1682 895 1740 928 ap.

223 930 339 961 Prisc.
373 929 406 961 X
437 940 471 971 p.
499 929 575 963 510.
611 929 655 961 fr.
692 929 756 961 100
786 930 841 961 ed.
875 930 982 962 Roth.
1008 942 1043 973 p.
1069 929 1152 963 283:
1186 931 1277 974 quod
1304 941 1418 963 eorum
1447 940 1540 963 nemo
1572 932 1744 973 quisquam

224 978 398 1017 quicquam
421 975 498 1006 mihi
521 976 695 1016 ignoturus
720 973 808 1016 est),
836 978 960 1007 tamen
993 986 1073 1007 eum
1102 976 1146 1008 de
1171 976 1346 1018 gravibus
1370 978 1514 1008 tantum
1539 978 1576 1007 et
1598 975 1744 1018 magnis

224 1020 332 1051 rebus
364 1019 501 1051 dixisse
534 1020 651 1061 n'eque
685 1019 832 1062 copiose
865 1020 1091 1062 expatiatum
1125 1030 1205 1053 esse
1238 1023 1378 1053 certum
1411 1023 1467 1053 est
1498 1019 1586 1062 (cfr.
1614 1019 1657 1051 fr.
1682 1019 1700 1052 1
1723 1018 1745 1050 2

224 1065 341 1106 paucis
368 1063 539 1105 absolv1'3c)
567 1064 698 1096 deinde
725 1075 806 1096 eum
830 1065 945 1097 verba
969 1068 1167 1108 longis-sumo
1193 1076 1286 1103 aevo,
1312 1065 1486 1107 quidquid
1510 1064 1658 1097 Servius
1681 1074 1744 1096 nu-

226 1112 344 1152 gatur,
372 1089 543 1151 intellegi
567 1119 639 1141 non
663 1110 824 1151 possint,
855 1110 926 1141 nisi
950 1113 991 1142 ut
1015 1111 1064 1151 is,
1099 1110 1143 1142 de
1170 1120 1239 1152 quo
1265 1109 1331 1142 illa
1355 1110 1468 1142 verba
1493 1110 1631 1152 scripta
1648 1111 1743 1149 sunt,

224 1164 290 1197 per
314 1154 493 1185 diutinam
517 1154 631 1186 vitam
664 1154 700 1185 id
726 1154 860 1186 fecisse
886 1154 1049 1196 dicatur,
1083 1155 1127 1187 de
1153 1154 1293 1187 Catone
1317 1158 1416 1187 certe
1439 1155 1558 1187 minus
1581 1156 1668 1197 apta
1692 1153 1746 1186 vi-

226 1200 374 1239 dentur,
410 1199 542 1240 quippe
568 1208 672 1240 quem
698 1208 823 1231 senem
848 1199 1022 1232 historias
1048 1200 1254 1232 confecisse
1279 1199 1338 1232 vel
1364 1210 1407 1231 ex
1432 1198 1540 1232 Corn.
1559 1199 1651 1241 Nep.
1668 1198 1748 1231 vita

227 1243 259 1284 3,
286 1242 307 1276 3
332 1244 503 1276 sciamus.
546 1243 638 1275 Tum
662 1254 747 1276 num
773 1244 951 1276 credibile
978 1247 1046 1283 est,
1073 1244 1285 1277 Sallustium
1311 1245 1354 1276 de
1374 1244 1528 1285 Catone,
1554 1253 1659 1286 quem
1675 1252 1749 1275 non

227 1288 343 1321 solum
368 1289 550 1320 imitatum
577 1299 659 1320 eum
684 1299 764 1321 esse
789 1300 860 1322 uno
880 1299 1059 1322 consensu
1075 1294 1220 1323 veteres
1239 1289 1462 1329 confirment,
1489 1299 1615 1322 verum
1636 1288 1749 1321 etiam

229 1333 446 1366 admiratum
472 1343 551 1365 esse
579 1336 687 1375 atque
714 1334 805 1366 adeo
831 1335 1107 1366 acerbitate-ac
1132 1335 1331 1367 severitate
1356 1333 1544 1366 iudicandi
1569 1342 1747 1376 aequasse

229 1388 287 1410 res
318 1379 399 1420 ipsa
431 1378 580 1417 doceat,
614 1378 689 1410 tale
723 1378 863 1420 aliquid
895 1379 938 1412 de
970 1379 1033 1411 illo
1066 1379 1246 1412 dicturum
1277 1379 1392 1411 fuisse
1424 1378 1643 1421 praesertim
1668 1387 1750 1410 cum

228 1423 331 1455 nulla
357 1423 435 1455 eius
460 1423 515 1455 rei
538 1424 751 1455 necessaria
777 1434 910 1456 caussa
934 1435 979 1456 ne
1004 1424 1094 1467 fingi
1111 1424 1255 1466 quidem
1271 1424 1411 1467 possit?
1450 1423 1543 1455 Nam
1568 1423 1599 1455 si
1615 1422 1661 1455 (10
1679 1422 1749 1454 eis-

230 1468 312 1499 dem
336 1468 458 1508 rebus,
485 1468 528 1499 de
555 1468 684 1510 quibus
709 1469 788 1510 ipse
815 1469 1016 1511 scripturus
1043 1473 1135 1508 erat,
1161 1469 1224 1501 ille
1250 1469 1487 1508 narravisset,
1513 1478 1586 1500 non
1610 1467 1750 1500 minore

230 1513 307 1544 iure
333 1513 435 1544 illum
459 1512 716 1555 vituperasset,
745 1523 851 1554 quam
876 1514 1067 1546 Sisennam
1092 1514 1170 1556 Iug.
1198 1513 1259 1555 95,
1286 1514 1325 1545 2:
1351 1513 1540 1555 scriptori,
1574 1512 1636 1555 qui
1660 1513 1750 1544 iam·

230 1557 362 1589 dudum
387 1557 465 1589 vita
490 1557 714 1597 decesserat,
741 1557 816 1589 tale
844 1558 1074 1600 obprobrium
1099 1560 1239 1599 facere,
1265 1558 1336 1590 nisi
1360 1558 1398 1589 id
1415 1557 1639 1600 argumentis
1665 1566 1751 1589 con-

231 1601 435 1634 firmaretur
467 1605 530 1633 aut
562 1605 661 1634 certe
694 1603 838 1635 veriora
863 1603 969 1635 falsis
994 1604 1280 1646 obponerentur‚
1314 1612 1432 1644 neque
1456 1602 1647 1644 prudentis
1679 1601 1752 1633 fuit

231 1657 349 1689 neque
381 1647 479 1678 iusti.
528 1647 584 1678 Ad
617 1657 709 1689 quae
742 1647 904 1689 adcedit,
941 1648 1033 1690 quod
1064 1648 1167 1681 Servi
1196 1647 1389 1688 Hisc.V1,
1431 1647 1595 1689 quamsis
1626 1655 1750 1689 suspe-

233 1696 330 1724 ctum
356 1693 412 1731 sit,
440 1695 564 1724 tamen
587 1702 659 1724 non
684 1693 737 1723 ita
762 1702 907 1734 prorsus
933 1693 1159 1725 reiciundum
1190 1693 1349 1733 videtur,
1388 1694 1428 1723 ut
1463 1691 1501 1723 in
1525 1692 1606 1734 ipso
1631 1690 1751 1734 operis

233 1717 451 1769 Sallustiani
475 1737 657 1779 principio
683 1736 748 1768 illa
765 1737 879 1769 verba
897 1737 996 1769 dicta
1015 1738 1130 1770 fuisse
1150 1737 1307 1770 celerius
1333 1740 1370 1768 et
1395 1736 1563 1779 cupidius
1587 1738 1750 1768 statuere

233 1782 444 1814 debeamus.
492 1782 540 1812 At
565 1782 638 1813 alio
662 1781 745 1814 loco
770 1792 855 1813 num
880 1783 988 1825 copia
1014 1783 1084 1814 fuit
1109 1783 1153 1814 de
1180 1781 1319 1814 Catone
1345 1781 1515 1813 dicendi?
1554 1782 1633 1813 Iam
1658 1780 1753 1823 quod

232 1827 311 1869 ipse
338 1827 494 1866 conieci,
521 1837 730 1869 proponam,
758 1837 830 1858 non
848 1838 916 1869 quo
934 1837 1057 1859 verum
1075 1838 1130 1859 me
1149 1828 1335 1859 invenisse
1362 1825 1558 1867 confidam,
1585 1828 1642 1858 set
1666 1835 1751 1868 quo-

233 1872 331 1903 niam
356 1872 470 1904 variis
494 1872 693 1913 propositis
724 1873 916 1904 sententiis
941 1882 1063 1904 verum
1091 1871 1240 1904 facilius
1271 1871 1472 1911 invenitur,
1505 1870 1596 1902 haut
1620 1869 1752 1902 inutile

232 1920 334 1949 ratus
357 1916 541 1948 hominum
567 1917 753 1948 doctorum
781 1917 920 1949 animos
934 1918 972 1949 in
988 1917 1084 1949 hanc
1104 1918 1355 1959 quaestionem
1379 1917 1534 1948 vortere.
1577 1914 1694 1947 Cum*
1684 1914 1752 1957 igi-

232 1965 289 1993 tur
306 1961 420 2001 illum,
449 1961 491 1992 de
511 1971 580 2002 quo
599 1972 643 1993 ea
660 1972 681 1994 v
687 1961 774 1993 erba
800 1962 899 1994 dicta
917 1963 1064 2002 fuerint,
1093 1962 1285 2003 aequalem
1303 1959 1480 1992 Sallustio
1498 1959 1626 2000 fuisse,
1652 1961 1752 1991 certe

233 2006 276 2037 de
304 2006 441 2038 eisdem
466 2006 573 2038 rebus
600 2009 708 2047 atque
742 2006 948 2038 hominibus
981 2006 1098 2039 videri
1131 2006 1321 2048 scripsisse
1354 2015 1464 2047 supra
1495 2005 1752 2044 monuerimus,

234 2061 386 2093 cumque
421 2061 502 2082 eum
531 2061 597 2093 per
627 2051 775 2092 longam
807 2052 908 2083 vitae
944 2054 1104 2083 aetatem
1138 2050 1269 2082 multos
1308 2050 1421 2082 libros
1451 2049 1610 2081 edidisse
1639 2049 1753 2082 verba

233 2097 315 2138 ipsa
334 2096 542 2136 ostendant,
562 2095 605 2127 (le
622 2096 768 2127 nemine
786 2096 824 2127 id
842 2096 962 2137 aptius
979 2095 1054 2127 diei
1071 2096 1204 2137 potuit,
1232 2105 1338 2136 quam
1356 2095 1400 2126 de
1417 2094 1467 2126 M.
1477 2094 1652 2126 Terentio
1661 2094 1752 2127 Var-

234 2151 321 2172 rone
346 2141 515 2179 Reatino,
545 2141 680 2182 quippe
706 2140 766 2181 qui
792 2151 825 2172 a.
849 2139 912 2171 116
928 2140 987 2172 vel
1010 2139 1071 2172 115
1088 2143 1197 2172 natus
1216 2139 1353 2181 (Fisch.
1372 2139 1465 2171 Tab.
1483 2150 1518 2181 p.
1541 2137 1630 2181 154),
1658 2149 1691 2171 a.
1708 2137 1755 2170 28

234 2188 398 2217 mortuus
424 2185 473 2216 sit
499 2185 636 2225 (hisch.
664 2185 688 2216 1.
717 2195 747 2216 0.
773 2196 807 2227 p.
834 2183 911 2224 378,
939 2185 1005 2216 cfr.
1032 2185 1166 2216 Bernh.
1192 2184 1216 2216 1.
1244 2195 1274 2216 0.
1294 2195 1328 2226 p.
1349 2184 1413 2216 757
1432 2194 1485 2226 sq.
1488 2183 1512 2225 ),
1539 2186 1754 2227 tantamque

233 2230 408 2261 librorum
434 2230 590 2271 copiam,
617 2232 788 2271 quantam
813 2240 918 2262 nemo
944 2229 1038 2261 alius
1063 2233 1226 2262 veterum
1253 2229 1422 2262 ediderit.
1468 2229 1560 2260 Eum
1584 2238 1692 2271 porro
1714 2228 1755 2260 in

235 2275 384 2316 scriptis
416 2275 491 2305 suis
523 2274 612 2306 haut
644 2284 725 2306 raro
758 2285 876 2306 mores
909 2274 1117 2316 aequalium
1149 2274 1406 2316 perstrinxisse
1441 2276 1477 2305 et
1509 2273 1754 2316 eastigavisse

235 2330 316 2351 cum
342 2318 488 2350 aliunde
516 2322 670 2358 constat,
696 2322 771 2350 tum
797 2330 839 2351 ex
858 2322 1062 2351 saturarum
1086 2319 1265 2361 reliquiis,
1293 2329 1383 2361 quas
1407 2319 1444 2351 J.
1461 2317 1607 2350 Vahlen
1624 2317 1752 2359 edidit,

237 2364 391 2406 adparet
417 2363 563 2404 (Bernh.
590 2363 612 2394 l.
641 2374 673 2395 0.
699 2375 733 2406 p.
759 2363 850 2405 549).
893 2365 981 2395 Eius
1000 2364 1131 2396 deinde
1151 2363 1447 2396 conmemorandi
1472 2363 1615 2406 copiam
1638 2362 1754 2396 fuisse

236 2408 409 2441 Sallustio
435 2408 520 2440 inde
545 2409 784 2450 perspicitur,
822 2409 915 2450 quod
947 2409 1009 2440 1110
1037 2409 1104 2441 Gn.
1130 2409 1304 2451 Pompeio
1331 2408 1526 2440 familiaris
1551 2408 1622 2439 fuit
1647 2408 1754 2450 eique

237 2464 384 2496 operam
408 2453 595 2496 praestitit
621 2456 728 2494 atque
749 2453 838 2485 adeo
858 2453 933 2485 eius
951 2457 1082 2495 rog-atu
1100 2454 1385 2486 conmentarium
1406 2446 1653 2495 εἰσαγωγικόν
1671 2462 1753 2485 con·

236 2499 368 2541 posuit,
397 2509 465 2540 quo
491 2498 576 2540 quid
602 2498 727 2530 consul
753 2499 789 2529 in
814 2502 944 2530 senatu
978 2509 1088 2540 agere
1120 2499 1271 2531 deberet
1302 2498 1503 2530 docebatur
1533 2497 1678 2539 (Drum.
1703 2496 1756 2530 IV

235 2543 530 2597 113821111ιοιὶ
549 2543 686 2584 aliquid
703 2543 920 2575 firmamenti
938 2543 1022 2574 inde
1049 2543 1198 2586 accipit,
1226 2542 1321 2585 quod
1338 2542 1486 2575 Servius
1512 2553 1556 2574 ex
1579 2542 1674 2574 libro
1690 2541 1752 2582 VI,

237 2590 261 2620 i.
281 2599 311 2621 0.
330 2588 527 2620 secundum
545 2588 863 2629 grammaticorum
881 2588 1095 2620 numerandi
1113 2588 1291 2620 rationem
1304 2588 1550 2619 Historiarum
1561 2587 1624 2628 IV,
1641 2586 1756 2620 verba

238 2635 429 2676 desumpta
446 2633 683 2675 significavit,
704 2643 772 2675 quo
789 2633 910 2665 libro'
900 2643 979 2675 ipso
998 2633 1041 2665 de
1059 2633 1210 2675 Pompei
1229 2632 1420 2665 consulatu
1436 2634 1624 2664 narratum
1640 2631 1755 2664 fuisse

239 2681 383 2711 constat
408 2678 466 2719 (fr.
493 2678 544 2709 IV
568 2677 661 2709 29-
672 2677 740 2719 35).
781 2679 970 2710 Postremo
995 2678 1090 2709 inter
1114 2678 1313 2710 Varronem
1339 2680 1448 2719 atque
1467 2676 1678 2709 Sallustium
1703 2675 1755 2708 al·

240 2724 481 2756 tercationem
506 2723 760 2755 intercessisse
787 2723 940 2765 adparet
964 2733 1008 2754 ex
1033 2733 1092 2762 eo,
1121 2722 1213 2764 quod
1240 2721 1381 2754 Gellius
1398 2721 1501 2753 XVII
1526 2720 1567 2753 18
1592 2731 1636 2753 ex
1659 2720 1755 2753 libro

242 2770 338 2807 eius,
375 2769 433 2810 qui
467 2769 664 2810 inscriptus
690 2767 760 2799 fuit
785 2768 866 2799 Pius·
890 2772 947 2799 aut
979 2769 1020 2799 de
1048 2778 1146 2808 pace,
1180 2766 1332 2798 rettulit.
1383 2766 1421 2797 Si
1444 2766 1558 2808 igitur
1581 2765 1642 2797 hic
1667 2768 1753 2797 ante

242 2813 394 2845 Sallusti
420 2813 604 2845 Historias
630 2813 748 2844 editus
774 2813 854 2853 fuit,
881 2812 912 2845 is
937 2812 1174 2854 ignominiam
1201 2811 1246 2843 ab
1272 2811 1336 2843 1110
1361 2811 1434 2843 sibi
1458 2810 1634 2842 inflictam
1656 2809 1755 2842 ultus

241 2867 320 2889 esse
345 2858 527 2899 putandus
553 2860 624 2897 cst,
658 2858 714 2889 sin
745 2860 892 2899 poste,a
926 2857 955 2889 V
961 2867 1042 2889 ιιι-0
1075 2857 1243 2889 aceibius
1274 2855 1318 2888 de
1351 2866 1390 2887 se
1422 2855 1556 2887 dietum
1581 2854 1755 2887 iudicium
1789 2887 1791 2889 .

239 2904 320 2945 pari
344 2903 529 2934 rettulisse
556 2902 770 2934 censendus.
