1780 3242
557 361 934 402 OONRIGENDA
957 362 1037 402 ET
1070 363 1367 403 ADDENDA.

202 472 292 505 Vox..
311 474 328 505 Ι
343 484 376 516 p.
395 472 416 506 3
433 474 559 506 nescio
578 484 645 516 quo
664 465 787 506 errore
800 475 1120 507 Th.'Mommsenium
1134 475 1250 507 forma
1266 475 1421 508 nominis
1438 475 1592 508 catalina
1607 477 1713 508 uten-

394 549 403 557 ae
435 530 516 561 dum
533 530 719 572 putavisse
738 530 957 573 scripserim.
992 530 1107 571 Quem
1124 531 1240 563 virum
1258 531 1379 563 dicere
1399 531 1593 572 voluerim,
1619 541 1714 565 nunc

436 586 578 628 quidem
598 597 670 619 non
689 586 880 619 succurrit.

344 652 378 684 p.
399 642 429 674 7.
448 643 491 675 In
509 642 586 675 cod.
604 642 720 675 Paris.
738 641 828 674 6088
846 642 924 685 <p⁰)
950 653 1015 685 per
1038 644 1154 675 virum
1179 643 1223 675 cl.
1243 643 1414 675 Rothium
1435 644 1570 676 certior
1593 644 1715 677 factus

435 708 513 731 sum
529 699 607 741 Iug.
627 699 687 737 44,
706 698 727 730 5
744 708 854 741 super
869 699 991 732 verbis
1004 700 1056 731 uti
1072 700 1189 740 cuique
1206 701 1345 732 lubebat
1361 700 1534 742 scriptum
1553 710 1633 745 esse
1649 710 1716 733 non

435 755 695 797 inpuniebantur
710 756 774 787 sed
786 758 899 797 potius
924 761 960 787 et
979 756 1024 787 ad
1040 755 1241 798 marginem
1258 756 1351 788 haec
1370 756 1535 788 adiecta:
1563 757 1640 789 Non
1661 766 1715 789 80-

435 813 497 842 lum
513 812 575 843 Izoc
591 815 683 850 erat,
711 813 799 854 quod
823 811 952 843 albinus
968 812 1111 844 habebat
1129 822 1186 844 eos
1202 813 1334 844 stativis
1350 815 1384 844 in
1401 814 1523 844 castris
1539 814 1602 845 sed
1617 814 1717 844 etlam

434 877 495 899 nec
511 868 699 900 minuebant
706 880 717 906 ‚·
741 870 868 900 seilicet
881 878 948 909 per
963 868 1025 899 hoc
1043 867 1181 899 dehotat
1197 869 1375 900 stulticiam
1391 867 1504 900 albini..

345 933 378 965 p.
398 921 462 955 287
480 923 505 955 l.
524 922 555 956 9.
574 925 653 966 lug.
670 923 725 964 49,
746 923 766 956 6
782 934 846 966 pro
863 925 1050 956 instruerat
1065 923 1259 966 legendum
1275 924 1493 955 instruxerat.

343 990 378 1021 p.
398 978 464 1012 336
481 979 503 1012 l.
526 979 542 1011 1
561 981 639 1023 lug.
658 979 713 1022 87,
732 980 753 1011 4
770 988 834 1023 pro
852 981 904 1012 uti
920 980 1025 1023 legas
1042 980 1109 1011 ubi.

203 1057 294 1089 Von.
314 1058 350 1090 II
366 1069 401 1101 p.
422 1058 465 1091 23
483 1059 524 1091 fr.
543 1059 638 1091 Hist.
657 1059 675 1090 I
692 1057 735 1091 68
751 1058 965 1101 legendum:
992 1059 1191 1091 adveniens
1209 1067 1282 1090 cum
1307 1059 1498 1100 legionibus
1515 1046 1715 1101 postquam.

368 1126 402 1157 p.
421 1114 464 1146 78
482 1115 524 1147 fr.
542 1115 637 1147 Hist.
658 1115 713 1147 III
730 1113 774 1146 58
789 1115 1001 1157 legendum:
1027 1125 1098 1157 qua
1114 1117 1211 1155 parte
1228 1103 1384 1157 spectat.

367 1182 401 1213 p.
419 1169 463 1203 98
481 1171 525 1203 fr.
544 1171 640 1203 Hist.
659 1171 709 1203 1V
728 1169 770 1203 16
785 1171 997 1213 legendum:
1015 1172 1129 1213 Igitur
1146 1171 1321 1213 legiones.

367 1237 401 1269 p.
422 1226 486 1258 128
504 1227 547 1260 fr.
566 1227 661 1260 Hist.
680 1228 750 1259 inc.
770 1226 813 1258 25
831 1227 1042 1269 legendum:
1066 1227 1190 1259 multis
1217 1236 1236 1259 e
1258 1227 1360 1259 locis.

368 1294 402 1325 p.
425 1283 486 1315 121
505 1284 548 1316 fr.
567 1284 662 1316 Hist.
681 1284 751 1316 inc.
771 1282 814 1316 39
831 1283 1044 1326 legendum:
1063 1284 1101 1315 in
1118 1284 1227 1315 muris
1243 1283 1471 1316 locaverant.

294 1338 383 1371 Cum
410 1340 542 1372 indicis
566 1350 700 1382 magna
729 1350 814 1382 pars
842 1340 914 1371 iam
940 1341 1035 1382 typis
1061 1350 1236 1382 expressa
1261 1342 1375 1380 essct,
1406 1339 1550 1372 iuvenis
1576 1338 1720 1381 quidam

204 1394 457 1436 doctissumus,
479 1396 539 1437 qui
549 1396 697 1438 Lipsiae
715 1394 940 1437 philologiae
959 1407 1105 1438 operam
1122 1396 1246 1436 dabat,
1267 1406 1305 1427 re
1324 1398 1511 1438 conperta,
1531 1405 1623 1437 quae
1639 1396 1719 1438 ipse

205 1451 251 1483 ad
277 1451 453 1483 edendum
476 1451 623 1484 lexicon
641 1451 904 1483 Sallustianum
926 1444 1132 1493 paraverat·
1149 1454 1258 1492 atque
1283 1451 1514 1493 conlegerat,
1540 1447 1639 1483 ultro⁴
1656 1450 1720 1483 hu-

204 1508 426 1540 manissume
450 1507 540 1540 mihi
558 1508 675 1547 misit,
700 1518 763 1550 pro
790 1518 858 1549 quo
883 1507 1052 1540 benificio
1079 1518 1119 1539 eo
1143 1508 1258 1539 maior
1274 1507 1396 1549 gratia
1414 1507 1448 1539 ei
1465 1506 1635 1538 habenda
1652 1509 1718 1548 est,

205 1563 298 1605 quod
313 1563 371 1596 his
389 1564 563 1596 subsidiis
580 1563 755 1596 nonnulla
773 1564 963 1606 conrigere
983 1567 1018 1596 et
1037 1563 1181 1605 explere
1199 1564 1312 1605 potui.

369 1631 403 1662 p.
426 1619 488 1651 144
505 1620 528 1651 1.
552 1618 593 1651 16
610 1622 691 1661 post
708 1620 826 1651 secedo
845 1620 1049 1651 addendum
1068 1619 1094 1651 C
1113 1618 1167 1658 33,
1186 1619 1218 1650 4.

369 1687 403 1718 p.
426 1674 490 1708 146
506 1675 530 1707 l.
550 1675 593 1708 39
612 1676 692 1707 add.
712 1677 890 1707 incendere
907 1677 950 1707 ad
965 1676 1115 1707 facinora
1133 1675 1158 1706 C
1181 1673 1230 1715 13,
1250 1675 1282 1705 4.

368 1743 402 1774 p.
425 1730 488 1763 148
506 1742 533 1764 s.
551 1743 585 1765 v.
597 1733 765 1772 adipiscor
775 1732 1026 1764 adiciundum:
1043 1740 1144 1772 prope
1152 1729 1592 1770 iamadeptamvictoriamJ
1603 1729 1719 1771 101,9.

369 1788 456 1820 ibid.
477 1798 505 1820 s.
523 1799 556 1821 v.
577 1789 723 1830 adiungo
741 1788 813 1831 leg.
834 1788 860 1820 C
879 1788 933 1828 24,
953 1788 984 1820 4.

370 1845 457 1876 ibid.
478 1845 558 1876 add.
578 1845 712 1876 Africus
729 1846 764 1876 H
780 1845 816 1876 II
833 1843 887 1876 83.

371 1913 405 1943 p.
426 1900 490 1933 153
508 1911 536 1933 s.
556 1912 589 1933 v.
610 1901 693 1932 alibi
709 1901 781 1943 leg.
802 1900 828 1932 C
846 1899 903 1941 60,
922 1899 954 1932 5.

369 1957 455 1989 ibid.
476 1968 504 1989 s.
522 1968 555 1990 v.
576 1958 753 1997 aliquando
770 1956 841 1999 leg.
861 1957 884 1988 J
904 1954 978 1995 110,
997 1955 1027 1987 3.

371 2025 404 2056 p.
427 2013 491 2045 154
507 2013 532 2045 l.
552 2012 595 2046 23
613 2013 807 2055 legendum
824 2014 846 2045 G
863 2013 917 2051 22,
934 2013 963 2043 2.

370 2081 405 2112 p.
427 2068 491 2102 156
510 2080 537 2101 s.
557 2080 590 2100 v.
610 2070 738 2108 amplus
757 2069 837 2101 add.
857 2069 975 2108 amplis
991 2064 1173 2099 honoribus
1189 2067 1244 2098 usi
1260 2066 1283 2098 J
1300 2065 1354 2107 25,
1374 2066 1406 2097 4.

370 2137 404 2168 p.
428 2124 490 2157 158
509 2125 713 2157 addendum
730 2126 851 2165 Apollo
868 2125 903 2156 H
919 2125 954 2156 II
969 2123 1023 2156 90.

371 2193 406 2223 p.
428 2180 491 2213 160
509 2191 536 2212 s.
555 2192 589 2212 v.
608 2183 644 2212 at
661 2184 744 2223 post
760 2183 797 2212 at
813 2183 931 2213 contra
947 2180 1181 2212 inserundum
1200 2179 1226 2211 O
1248 2178 1298 2219 12,
1318 2178 1354 2210 5:
1374 2180 1410 2210 at
1425 2178 1462 2209 hi
1478 2179 1603 2209 eontra.

370 2238 457 2269 ibid.
478 2247 505 2269 s.
526 2248 560 2270 v.
579 2238 803 2268 Athenienses
822 2237 903 2268 add.
924 2236 950 2268 C
969 2237 999 2276 2,
1017 2237 1049 2268 2.
1076 2235 1130 2274 51,
1148 2233 1201 2267 28.

371 2305 405 2336 p.
429 2292 492 2325 163
509 2293 533 2324 1.
552 2293 595 2324 25
613 2293 805 2334 legendum
825 2292 851 2324 C
870 2291 924 2332 37,
947 2292 997 2324 10.

373 2361 408 2391 p.
431 2348 494 2380 178
511 2359 539 2381 s.
558 2359 592 2382 v.
611 2356 757 2388 conpono
774 2351 857 2390 post
873 2349 978 2380 verba
993 2357 1066 2380 mea
1082 2347 1275 2390 legendum
1292 2347 1315 2379 J
1332 2346 1386 2387 85,
1406 2345 1458 2378 31.

371 2416 405 2448 p.
424 2403 490 2437 269
508 2415 536 2437 s.
554 2416 588 2437 v.
607 2405 755 2436 Marcius
774 2404 854 2435 add.
874 2405 909 2435 G.
926 2405 1074 2436 Marcius
1091 2404 1233 2445 Figulus
1252 2402 1278 2434 C
1300 2402 1351 2442 17,
1375 2401 1404 2433 l.

372 2472 405 2503 p.
424 2460 489 2493 297
509 2461 667 2493 adicias:
686 2461 780 2492 Ostia
796 2459 831 2490 H
848 2460 861 2490 i
878 2461 932 2491 74.

372 2528 406 2559 p.
425 2516 492 2549 298
511 2517 641 2549 addas:
659 2517 851 2557 Paelignus.
882 2516 923 2547 P.
944 2515 1071 2548 cohors
1088 2515 1112 2548 J
1132 2514 1205 2552 105,
1224 2515 1256 2546 2.

299 2584 468 2617 Ceterum
491 2585 522 2616 si
547 2584 627 2626 quis
652 2584 689 2614 in
714 2583 836 2615 indice
860 2582 998 2624 aliquid
1022 2586 1085 2614 aut
1109 2583 1279 2614 omissum
1304 2583 1367 2613 aut
1383 2580 1499 2612 minus
1516 2582 1615 2612 recte
1633 2579 1720 2610 scri-

207 2644 307 2684 ptum
328 2640 628 2684 deprehenderit,
647 2640 751 2671 modo
771 2649 877 2682 quam
893 2639 1030 2671 laboris
1047 2638 1194 2680 plenum
1210 2637 1285 2670 tale
1305 2646 1394 2678 opus
1412 2627 1459 2667 sit
1476 2645 1598 2685 secum
1615 2644 1720 2678 repu-

207 2698 355 2738 taverit,
374 2697 543 2729 lubenter
561 2699 597 2729 et
613 2695 781 2728 benivole
801 2695 1002 2728 excusabit.
