1780 3276
517 256 820 285 nlsTORIARVM
842 256 926 282 Lm.
949 255 963 280 1
994 249 1039 283 45
1055 263 1102 269 -
1116 248 1172 282 48.
1552 237 1601 275 15

195 360 249 399 45
290 358 369 411 [Kr.
393 366 428 397 et
450 360 488 396 G.
510 357 587 410 48].
640 357 795 396 Etruria
827 356 953 394 omnis
981 366 1070 394 cum
1091 353 1237 406 Lepido
1265 354 1445 402 suspecta
1477 351 1516 389 in
1543 354 1603 389 tu-

19 472 23 473 .
82 426 248 467 multum
278 430 374 480 erat.

195 494 298 526 Arus.
324 504 360 536 p.
385 491 469 525 ⁶240:
495 495 577 535 post
592 491 709 524 locum
734 492 778 524 fr.
805 491 858 532 13,
883 490 1085 533 pnaemisso
1111 490 1208 528 idem,
1234 487 1298 520 ubi
1322 486 1479 519 fortasse
1506 485 1604 518 exei-

83 540 135 572 dit
159 542 191 571 ὑι
217 540 343 571 eodem.

195 617 283 656 *46
315 616 397 668 [Kr.
426 621 482 654 49.
515 618 554 653 G.
584 614 661 667 57].
723 615 862 665 Magna
899 615 955 653 vis
992 613 1197 652 hominum
1233 615 1467 652 convenerat
1501 611 1606 660 agris

82 683 193 736 pulsa
223 687 290 722 aut
316 673 468 722 civitate
499 684 632 722 eiecta.

137 754 139 756 “
195 750 296 783 Serv.
325 750 370 782 ad
395 751 504 792 Verg.
531 750 621 782 Aen.
648 750 666 781 Ι
690 749 773 781 27οε
806 750 867 781 Vis
880 759 947 791 pro
965 759 1086 790 mafflm
1102 749 1212 789 eopia.
1240 765 1282 768 ——
1307 746 1505 779 Sallustius.-
1531 757 1605 778 ma-

36 798 39 800 ’
83 806 156 839 gna
180 800 245 828 eet.
271 814 312 818 —
337 795 407 827 Vix
432 795 531 827 aliud
557 794 751 837 quidquam
776 795 960 836 reperies,
993 804 1061 835 quo
1093 793 1213 835 aptius
1245 792 1338 823 haee
1370 791 1485 824 verba
1510 791 1605 823 refe-

82 845 220 881 rantur,
247 851 354 883 quam
381 840 427 872 ad
450 839 594 872 turbam
618 840 800 872 hominum
827 839 873 871 ab
897 840 948 872 M.
974 838 1128 870 Aemilio
1154 837 1292 879 Lepido
1319 837 1535 868 conlectam.

196 920 282 958 *47
313 918 393 971 [Kr.
417 924 472 957 50.
499 921 537 957 G.
556 918 633 971 60].
693 917 765 964 Qui
796 922 921 957 aetate
952 921 989 955 et
1020 916 1181 956 consilio
1211 920 1364 955 ceteros
1392 915 1575 975 anteibat.

197 986 298 1019 Serv.
332 986 379 1018 ad
402 987 512 1028 Verg.
546 986 636 1018 Aen.
662 987 714 1018 IX
738 985 823 1018 246:
856 986 966 1018 Annis
989 987 1104 1027 gravis
1128 989 1192 1016 eet.
1248 983 1426 1016 Sallustius
1457 985 1499 1016 de
1530 984 1608 1015 Plu·-

82 1034 195 1074 lippo:
221 1031 280 1073 qui
306 1035 430 1063 aetate
457 1035 526 1063 eet.
1111 1055 1114 1057 .

196 1108 250 1148 48
281 1109 361 1162 [ΚΡ.
383 1114 439 1147 51.
471 1112 510 1148 G.
536 1124 570 1161 p.
598 1109 694 1162 144]

520 1178 656 1216 Oratio
684 1179 865 1227 Philippi
893 1180 934 1216 in
963 1179 1168 1216 senlenlia.

43 1257 57 1289 1
196 1244 376 1284 Maxume
405 1243 554 1290 vellem,
583 1252 715 1296 patres
732 1246 962 1295 conscripti,
995 1257 1080 1285 rem
1105 1243 1301 1294 publicam
1329 1244 1498 1295 quietam
1523 1255 1608 1284 esse
1665 1235 1670 1239 ⁴

84 1313 218 1352 autin
250 1311 435 1363 perieulis
470 1324 492 1350 a
530 1314 837 1364 promptIssumo
874 1324 1030 1364 quoque
1068 1311 1245 1357 defendi,
1283 1311 1451 1362 'denique
1490 1324 1607 1362 prava

84 1381 238 1430 incepta
266 1379 558 1433 consultoribus
589 1393 714 1420 noxae
752 1393 852 1420 esse.
917 1380 984 1419 Set
1006 1367 1155 1419 ‘contra
1189 1379 1444 1418 seditionibus
1478 1381 1606 1418 omnia

84 1446 238 1486 turbata
267 1451 380 1492 sunt,
418 1452 456 1487 et
482 1447 531 1487 ab
563 1449 619 1487 eis
649 1459 749 1500 quos
777 1447 989 1498 prohibere
1029 1448 1153 1498 magis
1183 1447 1366 1492 decebat,
1407 1451 1608 1498 postremo

84 1526 184 1566 quae
224 1516 396 1568 pessumi
437 1520 475 1554 et
513 1515 742 1554 stultissumi
780 1516 1013 1560 decrevere,
1055 1527 1098 1555 ea
1137 1503 1251 1554 bonis
1287 1519 1325 1554 et
1365 1515 1637 1565 sapientibus-3

38 1589 60 1620 2
85 1581 264 1621 faciunda
295 1586 397 1621 sunt.
455 1583 551 1622 Nam
582 1582 729 1622 bellum
760 1589 876 1635 atque
906 1596 1035 1628 arma,
1071 1595 1307 1635 quamquam
1334 1582 1443 1621 vohis
1475 1583 1606 1627 invisa,

85 1654 227 1695 tamen.
246 1651 335 1700 quia
364 1650 510 1701 Lepido
541 1650 716 1702 placent,
755 1652 948 1691 sumunda
980 1656 1090 1690 sunt:
1128 1651 1203 1689 nisi
1239 1651 1339 1689 forte
1379 1651 1441 1689 cui
1471 1661 1608 1701 pacem

40 1726 62 1760 3
85 1721 287 1767 praestare
324 1721 361 1755 et
389 1717 536 1756 bellum
574 1720 653 1769 pat-i
679 1718 884 1759 consilium
915 1723 985 1758 est.
1046 1719 1123 1757 Pro
1160 1719 1221 1757 dei
1252 1718 1365 1763 boni,
1408 1719 1473 1769 qui
1507 1718 1609 1757 hanc

26 1818 30 1823 .
88 1783 228 1822 urbem
256 1784 396 1823 amissa
429 1786 534 1824 curia
567 1785 696 1825 adhuc
726 1787 872 1836 tegitis,
913 1787 962 1825 M.
995 1785 1201 1830 Aemilius,
1241 1787 1414 1824 omnium
1445 1785 1608 1835 flagitio-

87 1863 222 1889 sorum
254 1855 497 1901 postmmus,
529 1854 594 1904 qui
624 1854 734 1905 peior
756 1865 805 1892 an
836 1855 1011 1903 ignavior
1038 1855 1091 1896 ,sit
1121 1853 1330 1892 deliberari
1360 1866 1437 1892 non
1468 1859 1607 1904 potest,
1626 1866 1656 1889 to

86 1918 302 1957 exercitum
332 1918 617 1969 obprimuudae
647 1920 837 1960 libertatis
863 1921 981 1960 babet
1003 1926 1039 1960 et
1070 1933 1111 1960 se
1132 1934 1152 1960 e
1181 1925 1405 1971 contempto
1429 1925 1606 1959 metuen-

87 1985 181 2024 dum
211 1985 356 2024 effecit:
381 1998 448 2024 vos
477 1992 697 2027 mussantes
725 1993 763 2027 et
790 1983 1047 2027 retractantes
1078 1988 1205 2027 verbis
1242 1993 1280 2027 et
1308 1992 1436 2027 vatum
1468 1990 1609 2028 carmi-

88 2052 204 2091 nibus
234 2064 372 2103 pacem
402 2055 544 2104 optatis
572 2056 694 2105 magis
725 2068 842 2107 quam
869 2055 1075 2094 defenditis
1106 2068 1233 2106 neque
1263 2055 1482 2107 intellegitis
1512 2057 1609 2095 mol-

41 2124 62 2155 4
87 2119 166 2158 litia
199 2119 449 2160 decretorum
483 2122 592 2161 vobis
610 2123 874 2173 ·‹lignitatem‚
912 2123 964 2162 illi
1001 2128 1148 2163 metum
1189 2123 1351 2162 detrahi.
1410 2125 1535 2176 Atque
1571 2125 1607 2163 id

89 2188 192 2231 iure,
233 2189 415 2239 quoniam
453 2202 499 2228 ex
531 2191 678 2241 rapinis
708 2191 972 2238 consulatum,
1018 2191 1067 2230 ob
1106 2192 1334 2230 seditionem
1368 2193 1654 2242 provinciarum

88 2267 176 2293 cum
206 2256 379 2294 exercitu
410 2257 574 2308 adeptus
600 2263 669 2297 est.
721 2259 820 2305 Quid
851 2258 914 2298 ille
939 2259 989 2297 ob
1019 2259 1119 2298 bene
1149 2259 1239 2298 sacti
1268 2260 1458 2284 **'**³“‘³*‘
1476 2262 1608 2312 *cepis—

42 2325 63 2357 5
87 2326 157 2366 set,
190 2323 301 2362 cuius
326 2322 541 2364 sceleribus
570 2330 674 2365 tanta
705 2327 876 2377 praemia
909 2326 1122 2366 tribuistis?
1179 2327 1226 2365 At
1255 2326 1403 2366 scilieet
1433 2340 1511 2372 eos,
1543 2330 1609 2380 qui

88 2389 135 2427 ad
161 2394 403 2440 postremum
434 2403 558 2443 usque
589 2392 757 2444 legatos,
796 2400 935 2445 pacem
972 2394 1223 2433 concordiam
1259 2399 1297 2433 et
1334 2395 1405 2434 alia
1446 2396 1608 2435 huiusce

87 2457 191 2496 modi
230 2457 508 2504 decreverunt,
545 2462 710 2510 gratiam
749 2461 797 2500 ab
835 2475 881 2501 eo
920 2462 1132 2513 peperisse.
1202 2462 1326 2501 Immo
1365 2463 1537 2514 despecti
1572 2469 1609 2503 et

89 2614 96 2621 ι
200 2570 291 2601 VAR.
320 2580 398 2603 scu.
430 2571 494 2604 Tit.
514 2572 630 2605 oratio
655 2573 816 2616 Philippi
840 2574 936 2607 insia
961 2574 1004 2609 Q.
1046 2575 1083 2606 in
1108 2578 1239 2607 senatu
1256 2578 1339 2617 vols).
1367 2595 1408 2598 —
1434 2576 1466 2608 2.
1494 2587 1608 2618 parva

87 2618 236 2656 incepta
252 2613 296 2649 ffi-
322 2634 359 2637 —
389 2616 421 2647 4.
450 2616 559 2649 abiis
584 2616 627 2652 Q.
657 2619 790 2651 Cor-tius
814 2621 959 2652 delenda
975 2621 1114 2652 censuit.
1141 2638 1182 2643 —
1207 2620 1240 2651 8.
1268 2620 1366 2654 (11⁸3.
1390 2638 1434 2666 -Τ-
1458 2620 1491 2652 9.
1518 2622 1608 2652 omis

87 2669 220 2691 sacura
244 2658 287 2693 Ἑ.
335 2661 470 2693 omissa
494 2671 582 2694 eura
605 2665 692 2704 0019.
739 2664 872 2697 omissa
898 2675 920 2697 a
944 2668 1075 2697 senatu
1101 2675 1188 2696 eura
1214 2665 1314 2696 Orell.
1331 2676 1424 2706 susp.
1474 2666 1609 2697 amissa

90 2704 192 2736 curia
221 2715 282 2736 em.
315 2706 449 2747 Haupt.
481 2707 570 2739 Mus.
604 2708 710 2740 [then.
746 2708 843 2741 1842.
928 2710 1054 2752 tegitis
1078 2708 1122 2743 23.
1172 2710 1300 2751 regitis
1325 2714 1427 2741 antea
1450 2713 1533 2752 voly.
1565 2728 1608 2733 —-
1652 2734 1655 2740 .

93 2748 143 2780 11.
171 2752 208 2780 et
232 2754 480 2793 seeontempto
506 2750 549 2786 23.
592 2756 630 2784 et
655 2763 698 2785 ex
716 2757 923 2797 contempto
948 2754 1048 2786 Linlc.
1076 2773 1117 2776 -
1146 2753 1197 2785 12.
1225 2754 1396 2785 carminis
1414 2754 1457 2788 Q.
1484 2773 1527 2777 -ss-
1555 2755 1606 2788 13.

88 2793 303 2836 intellegitis
328 2794 371 2829 23.
442 2796 596 2829 mollitia
620 2796 662 2831 Q.
689 2816 733 2821 —-
767 2798 818 2831 16.
846 2799 1085 2841 obbenefassti
1110 2799 1270 2840 cepisset
1294 2798 1337 2832 Q.
1380 2799 1609 2841 Anannfestum

87 2840 191 2880 igitur
213 2844 274 2875 est,
296 2841 334 2872 id
345 2842 435 2882 quod
446 2846 542 2873 acute
556 2847 747 2884 perspeaez’t
758 2843 909 2879 Orellius,
928 2845 1148 2875 accusativum
1164 2845 1249 2874 velut
1265 2844 1420 2885 gratiam
1435 2849 1487 2877 vel
1498 2845 1607 2877 hono-

88 2893 164 2914 rem
188 2886 370 2917 excidisse.
420 2886 464 2917 ob
490 2886 584 2918 bene
611 2887 713 2920 facta
736 2891 820 2929 voly.
846 2905 892 2910 ——-
918 2888 969 2920 17.
997 2898 1059 2919 eos
1076 2886 1119 2922 Β.
1170 2888 1195 2919 ii
1223 2888 1314 2920 Cart.
1338 2906 1383 2911 -
1412 2888 1462 2922 19.
1487 2890 1608 2923 habeo

89 2929 276 2969 peperisse
301 2928 344 2963 Q.
394 2941 570 2972 peperere
596 2935 753 2964 nonnulli.
