1800 3250
536 248 838 279 msrossmnvn
869 247 953 275 mn.
985 247 1000 273 1
1029 239 1117 276 8-9.
1560 228 1585 269 3

149 353 201 396 ,8
240 353 406 406 [Kr.19.
443 354 483 391 G.
509 354 522 390 Ι
548 350 623 403 10].
686 350 764 389 Res
801 349 976 388 Romana
1006 347 1241 398 plurumum
1275 345 1430 397 inperio
1468 343 1588 383 valuit

64 422 148 462 Ser.
181 421 355 472 Sulpicio
386 419 463 472 [et]
494 419 544 458 M.
568 417 752 457 Marcello
783 415 1011 455 consulibus
1039 416 1144 454 omni
1171 413 1293 454 Gallia
1322 414 1376 452 cis
1403 413 1590 452 Rhenum
1650 412 1654 416 '

62 495 178 541 atquc
208 490 311 528 inter
342 500 450 527 marc
480 490 660 526 nostrum
691 490 730 523 et
761 483 974 528 Oceanum,
1006 483 1078 521 uisi
1103 494 1178 534 qua
1208 481 1268 534 [a]
1300 480 1508 533 paludibus
1529 482 1586 519 in-

63 558 119 596 via
143 557 226 601 suit,
260 555 491 606 perdomita.
544 552 723 604 Optumis
744 556 874 590 aulem
904 551 1082 590 moribus
1110 555 1148 590 et
1168 562 1351 589 maxuma
1377 549 1586 589 concordia

62 625 140 675 egit
169 622 336 675 populus
363 622 565 662 Romanus
595 621 696 659 intei-
727 619 945 659 secundum
975 631 1021 657 ac
1051 622 1295 669 postremum
1326 616 1472 658 bellum
1495 615 1587 655 Car·
1608 629 1618 636 ·

62 675 328 741 magimenses
1390 675 1400 683 ⁴

173 769 312 802 Victor.
341 768 389 801 ad
413 767 491 800 Cic.
517 767 624 799 Rhet.
651 778 685 809 p.
712 766 734 798 5
759 765 814 798 ed.
841 765 957 797 Orell.
996 766 1077 797 Hoc
1107 769 1140 796 et
1165 763 1345 797 Sallustius
1369 765 1492 803 tenuit,
1517 775 1588 797 cum

61 817 103 848 de
127 815 227 847 rebus
251 815 410 847 Romanis
433 815 642 856 toqueretur.
682 812 784 844 Dixit
807 814 893 852 enim
915 811 1012 852 prius
1035 810 1123 842 bella
1137 814 1245 852 qesta,
1268 814 1350 852 post
1372 821 1490 852 pacem
1515 820 1588 842 esse

57 862 247 901 fundatam.
295 860 368 892 Res
392 861 499 901 inquit
523 858 690 890 Romana
723 856 916 899 plurimum
941 855 1095 898 imperio
1126 855 1246 887 valuit
1271 856 1398 888 Servio
1424 854 1588 898 Sulpicio

61 909 99 938 et
122 906 171 937 M.
196 904 374 937 Marcello
401 903 612 936 consulibus
644 903 739 934 omni
775 901 900 934 Gallia
932 901 987 932 cis
1019 900 1184 933 Rhenum
1220 903 1331 942 atque
1363 901 1460 932 inter
1487 909 1588 933 mare

60 954 223 983 nostrum
250 953 287 982 et
311 949 521 989 Oceanum,
555 948 628 980 nisi
661 957 756 989 quae
789 957 817 982 a,
835 946 1032 988 paludibus
1064 946 1167 978 invia
1199 946 1270 977 fuit
1296 944 1377 988 [Sic
1399 947 1476 978 cod.
1501 946 1588 977 Bas.

62 998 107 1028 al.
134 996 206 1027 fuit
230 993 358 1037 inviaJ,
385 993 605 1036 perdomita.
653 993 724 1026 Hic
747 992 864 1024 bellum
885 992 1037 1033 geritur:
1062 990 1184 1023 deinde
1201 1002 1318 1032 pacem
1334 994 1496 1023 memorat
1513 1001 1590 1023 con-

61 1045 220 1074 secutam.
269 1040 429 1082 Optimis
456 1042 580 1070 autem
604 1038 764 1081 moribus
791 1040 828 1069 et
852 1037 1013 1068 maxima
1031 1036 1230 1068 concordia
1255 1037 1333 1078 egit
1356 1046 1416 1068 res
1439 1036 1590 1079 publica

63 1087 162 1118 inter
193 1085 392 1117 seeundum
424 1095 467 1116 ac
498 1086 720 1126 postremum
751 1082 889 1114 bellum
914 1081 1238 1124 Carthaginiense.
1283 1100 1326 1103 —
1367 1082 1460 1113 Non.
1486 1092 1521 1123 p.
1547 1079 1591 1112 64

62 1131 171 1163 Roth.
206 1131 261 1183 Cig-
280 1133 427 1172 positum
449 1139 514 1170 pro
539 1121 640 1160 ultra'.
690 1127 905 1159 Sallustius:
944 1127 997 1159 cis
1022 1127 1188 1159 Rhenum
1220 1129 1331 1168 atque
1363 1127 1460 1158 inter
1490 1135 1589 1157 marc

62 1179 224 1217 nostrum
250 1178 287 1207 et
311 1174 512 1214 Oceanum,
539 1173 613 1205 nisi
637 1182 709 1215 qua
725 1172 923 1215 paludibus
939 1172 1042 1204 invia
1059 1171 1143 1211 fuit,
1168 1171 1374 1213 perdomita
1401 1169 1487 1214 [nisi
1505 1172 1592 1213 quia

63 1222 164 1254 codd.
189 1220 300 1252 Dubn.
327 1218 396 1260 αὸς
422 1219 525 1251 invia
550 1218 621 1250 fuit
644 1219 688 1258 A,
715 1217 827 1249 fuerit
852 1215 928 1259 αδ].
955 1235 998 1239 —-
1022 1217 1204 1248 Ammian.
1221 1217 1336 1248 Max-0.
1355 1217 1423 1248 XV
1442 1216 1482 1248 12
1501 1220 1590 1248 extr.

62 1267 156 1299 Nam
182 1276 306 1298 omnes
332 1265 478 1297 Galliac
503 1264 576 1295 nisi
601 1273 673 1305 qua
689 1262 886 1305 paludibus
910 1262 1035 1294 inviae
1061 1262 1176 1302 suere,
1202 1268 1243 1292 ut
1261 1261 1423 1293 Salustio
1441 1259 1593 1293 docetur

65 1314 229 1352 auctore,
254 1313 339 1353 post
356 1308 572 1342 decennalis
589 1308 680 1340 belli
704 1310 850 1340 mutuas
876 1306 1001 1339 clades
1021 1307 1169 1349 subegit
1186 1306 1327 1339 Caesar
1343 1307 1591 1348 societatique

64 1360 212 1389 nostrae
237 1355 448 1388 foederibus
473 1354 593 1386 iunxit
618 1353 792 1385 aeternis.
818 1370 863 1374 —
888 1351 990 1384 Serv.
1017 1351 1064 1383 ad
1081 1352 1190 1394 Verg.
1209 1351 1300 1384 Aen.
1326 1352 1377 1383 VI
1402 1350 1487 1383 539:
1512 1352 1592 1383 Fin-

65 1403 114 1433 dit
138 1403 172 1433 in
196 1401 325 1438 ambas,
358 1400 626 1442 compendiosius
658 1409 754 1441 quam
785 1399 817 1430 si
846 1398 931 1429 duas
962 1398 1105 1429 dt‘ceret.
1160 1397 1360 1429 Poteramus
1383 1399 1469 1428 en'im
1493 1398 1593 1428 etiam

64 1448 199 1479 tertiam
221 1456 379 1488 sperare.
420 1445 482 1477 Sic
506 1444 704 1477 Sallustius.-
730 1444 827 1476 inter
843 1442 1041 1474 secundum
1067 1444 1178 1484 atque
1205 1440 1330 1484 [Guelf.
1349 1440 1397 1484 ct]
1424 1442 1593 1473 ultimum

65 1491 201 1524 bellum
227 1490 558 1533 Carthaginiense,
584 1499 650 1521 non
675 1492 723 1521 ait
747 1490 891 1520 tertium.
917 1506 961 1510 -
984 1488 1180 1530 Augustin.
1208 1487 1252 1519 de
1279 1487 1350 1519 civ.
1376 1488 1422 1519 D.
1448 1487 1505 1519 III
1528 1486 1590 1518 21:

65 1538 178 1570 Porro
203 1537 300 1568 inter
324 1535 523 1568 secundum
549 1537 586 1566 et
603 1537 824 1576 postremum
841 1532 979 1565 bellum
997 1532 1321 1575 Carthaginiense,
1349 1532 1495 1575 quando
1512 1530 1593 1564 Sal-

65 1582 198 1614 lustius
223 1581 370 1624 optimis
395 1580 556 1612 moribus
582 1582 619 1611 et
643 1579 803 1611 maxima
828 1578 1027 1611 concordia
1053 1577 1146 1610 dixit
1172 1578 1292 1620 egisse
1318 1578 1502 1610 Romanos
1526 1581 1594 1609 cet.

7 1658 15 1665 .
69 1627 107 1659 ΙΙ
135 1625 176 1658 18
207 1630 453 1659 eonmemorato
484 1628 558 1658 loco
593 1624 666 1657 Cat.
698 1622 835 1656 6—10
863 1624 914 1656 sie
940 1625 1077 1665 perqit:
1116 1622 1218 1655 Idem
1250 1626 1375 1655 tamen
1408 1623 1446 1654 in
1476 1623 1592 1665 primo

65 1672 254 1704 historiae
269 1681 358 1704 suae
383 1671 477 1702 libro
503 1673 613 1712 atque
640 1669 719 1702 eius
745 1669 893 1701 exordio
919 1669 1059 1700 fatetur
1085 1668 1197 1700 etiam
1213 1671 1302 1700 tunc
1328 1679 1410 1700 cum
1436 1669 1483 1700 ad
1508 1678 1593 1700 con-

67 1716 166 1749 sules
199 1727 221 1748 a
245 1717 395 1758 regibus
430 1718 530 1748 esset
559 1714 742 1747 translata
773 1724 832 1746 res
857 1713 1026 1756 publica,
1060 1717 1144 1756 post
1174 1724 1326 1756 parvum
1359 1713 1594 1745 intervallum

68 1762 225 1794 iniurias
249 1761 469 1794 validiorum
494 1763 531 1792 et
556 1760 601 1792 ob
628 1769 691 1791 eas
716 1759 980 1791 discessionem
1004 1758 1126 1801 plebis
1153 1757 1215 1801 [et]
1244 1769 1265 1790 a
1290 1759 1456 1801 patribus
1482 1758 1594 1790 alias-

69 1817 138 1849 que
163 1807 202 1838 in
225 1806 315 1838 urbe
340 1805 588 1837 discessiones
613 1804 740 1836 fuisse.
788 1804 882 1836 Nam
907 1814 989 1836 cum
1014 1804 1160 1846 optimis
1185 1804 1347 1836 moribus
1373 1806 1410 1835 et
1434 1804 1596 1836 maxima

71 1851 268 1884 concordia
292 1850 463 1893 populum
480 1850 683 1882 Romanum
708 1849 805 1887 inter
829 1849 1029 1881 secundum
1046 1851 1084 1880 et
1107 1853 1328 1890 postremum
1352 1848 1489 1880 bellum
1506 1849 1595 1881 Car-

11 1931 15 1934 ,
69 1897 304 1940 thaginiense
331 1897 652 1928 commemorasset
677 1894 800 1937 egisse
826 1903 1047 1936 causamque
1073 1893 1180 1925 huius
1211 1894 1298 1926 boni
1330 1904 1402 1925 non
1435 1904 1594 1926 amorem

70 1942 258 1983 iustitiae,
291 1944 348 1973 set
373 1943 495 1973 stante
522 1939 750 1981 Carthagine
775 1942 911 1971 metum
934 1939 1040 1981 pacis
1066 1937 1201 1971 infidae
1228 1939 1342 1970 fuisse
1368 1934 1522 1970 diiiisset
1554 1943 1600 1960 -—‘

70 1987 244 2020 continuo
269 1986 431 2019 subiecit
453 1985 551 2018 idem
576 1984 773 2017 Sallustius
798 1987 836 2016 et
862 1984 932 2016 ait:
958 1984 1006 2015 At
1032 1983 1106 2026 (Fr.
1131 1982 1179 2026 9).

185 2054 216 2086 l.
243 2058 280 2086 et
303 2065 364 2087 cur
387 2054 562 2086 delendum
586 2062 739 2085 censeam
761 2053 828 2084 via'.
857 2051 968 2084 Conm-
993 2053 1056 2083 vol.
1083 2051 1100 2082 I
1120 2062 1158 2093 p.
1185 2050 1240 2083 50.
1274 2068 1319 2073 -—-
1348 2049 1381 2082 3.
1408 2049 1458 2093 et]
1485 2053 1596 2093 atque

71 2100 138 2132 Kr.
164 2105 197 2132 et
224 2100 315 2132 Gerl.
377 2110 401 2131 a
424 2110 495 2132 cum
513 2099 604 2131 Gerl.
630 2098 764 2130 delend.
788 2114 834 2121 —-
857 2097 889 2129 5.
915 2096 1069 2139 populus
1093 2097 1279 2129 Romanus
1303 2106 1350 2128 ea:
1367 2097 1456 2139 Any.
1473 2098 1601 2138 scripsi

67 2156 135 2188 pro
159 2155 217 2177 res
240 2144 404 2188 publica.
475 2154 538 2185 ac3
565 2146 603 2175 et
626 2145 703 2175 ret.⁴

184 2212 226 2276 9*
249 2235 287 2288 [1
323 2239 364 2272 10
387 2237 448 2273 Kr.
494 2239 532 2271 ll
562 2233 629 2286 G.]
688 2233 734 2271 Αῑ
778 2233 972 2272 discordia
1010 2236 1048 2271 et
1083 2225 1239 2271 avaritia
1284 2237 1400 2284 atquc
1438 2231 1598 2271 ambitio

72 2308 110 2344 et
150 2308 279 2343 cetera
318 2302 500 2342 sec-mdis
539 2301 660 2340 rebus
703 2301 797 2340 oriri
832 2305 940 2340 sueta
983 2300 1083 2340 mala
1123 2305 1211 2351 post
1250 2299 1494 2350 Carthaginis
1532 2313 1598 2339 ex-

186 2394 308 2425 Vcrba
339 2395 486 2425 exstant
518 2402 578 2434 ap.
608 2391 701 2434 Aug.
734 2391 778 2423 de
812 2391 883 2423 civ.
910 2391 954 2422 D.
982 2391 1020 2423 II
1046 2390 1087 2423 18
1113 2390 1201 2433 (vid.
1228 2390 1274 2423 ad
1298 2390 1347 2432 8),
1374 2392 1464 2422 iuter
1488 2393 1600 2422 aucta

73 2442 158 2472 sunt
188 2443 220 2471 et
251 2439 345 2470 Nam
376 2437 533 2469 iniuriae
566 2438 776 2479 interpositis
806 2437 917 2469 hisee:
949 2441 983 2468 ut
1016 2437 1276 2478 intelligeremus
1308 2438 1407 2468 etiam
1441 2440 1542 2468 antea
1567 2440 1599 2467 et

72 2487 160 2517 oriri
180 2486 292 2515 solere
317 2487 351 2515 et
375 2483 504 2524 anyer-i.
556 2482 652 2515 Unde
675 2482 875 2514 subnectens
906 2493 967 2513 cur
990 2482 1074 2514 llaec
1105 2483 1235 2514 dixerit
1260 2479 1394 2524 [vides]
1424 2482 1520 2513 Nam
1546 2481 1600 2512 in-

73 2530 190 2562 iuriae
216 2547 260 2551 -
285 2529 478 2571 agitatum.
522 2528 637 2565 Vides,
664 2528 934 2570 quemadmodum
958 2528 1057 2559 etiam
1081 2529 1137 2559 illo
1163 2527 1258 2559 brevi
1279 2531 1429 2568 tempore
1454 2531 1489 2557 ut
1512 2527 1601 2566 reyz'-

73 2575 133 2606 bus
156 2575 291 2606 exactis
314 2575 336 2605 i.
362 2584 391 2605 e.
418 2573 534 2604 eiectis
558 2574 796 2615 aliquantulum
813 2583 920 2615 aequo
938 2576 971 2604 et
987 2574 1137 2605 modesto
1155 2575 1228 2604 iure
1253 2576 1424 2613 aqeretur.
1474 2571 1601 2602 Metam

73 2621 162 2652 diaeu
183 2620 290 2660 luisse
315 2629 463 2653 causam,
491 2621 644 2660 quoniam
667 2617 875 2649 metuebatur
899 2617 1032 2655 bellum,
1060 2619 1151 2660 quod
1172 2628 1240 2649 rex
1270 2617 1472 2658 Tarquinius
1495 2625 1617 2656 reyno.

73 2661 174 2708 atque
198 2664 280 2700 urbe
301 2667 419 2705 pulsus
444 2663 600 2694 Etruscis
622 2663 773 2695 sociatus
797 2667 919 2695 contra
943 2663 1112 2695 Romanos
1133 2662 1287 2704 9erebat.
1343 2661 1494 2692 Attencle
1520 2660 1604 2702 quid

74 2711 196 2742 deinde
219 2712 403 2742 contexat:
433 2708 532 2740 Dein
563 2709 670 2750 inquit
698 2707 826 2740 servili
849 2726 894 2730 —
917 2706 1055 2739 bellum
1079 2707 1270 2740 Punicum.
1323 2705 1441 2737 Cernis
1465 2715 1512 2736 em
1537 2715 1600 2747 quo

45 2771 53 2776 -
73 2760 224 2796 tempore
248 2757 270 2786 i.
296 2765 326 2786 e.
350 2764 458 2795 parvo
483 2754 659 2785 intervallo
683 2757 761 2795 post
778 2763 877 2795 reyes
901 2757 1045 2785 escae-tos
1070 2752 1344 2795 quale.sssonzani
1356 2751 1500 2791 fuerint.
1545 2748 1600 2792 [In

76 2800 132 2831 ed.
147 2798 323 2831 Erasxmss
336 2800 466 2841 ayitata
479 2808 548 2830 om.
563 2797 695 2830 deinde
709 2800 851 2830 maxime
867 2799 990 2839 fenore
1011 2793 1349 2839 oppressa'script.].
1398 2794 1452 2826 Id.
1469 2795 1526 2826 ΙΙΙ
1542 2793 1599 2826 Ιῦ;

77 2846 167 2877 Huic
190 2848 337 2886 tempori
357 2844 552 2876 adiiciamus
577 2844 676 2875 etiam
699 2847 828 2885 tempus
852 2844 935 2875 illud
959 2852 1128 2884 quousque
1159 2842 1242 2873 dicit
1272 2840 1452 2881 Sallustius
1484 2850 1602 2882 aequo

79 2894 116 2922 ct
146 2890 309 2922 modesto
335 2890 411 2921 iure
437 2889 618 2931 agitatum
644 2889 727 2920 dum
753 2891 870 2919 metus
897 2898 918 2918 a
942 2886 1146 2928 Tarquinio
1169 2889 1206 2917 ct
1230 2895 1342 2927 grave
1361 2884 1496 2917 bellum
1523 2896 1604 2917 cum

79 2935 228 2967 Etruria
253 2934 409 2977 positum
439 2937 507 2966 est.
564 2934 725 2973 Quamdiu
757 2934 842 2964 em‘m
873 2932 1014 2963 Etrusci
1049 2931 1232 2974 Tarquinio
1262 2931 1379 2962 redire
1403 2932 1436 2962 iu
1468 2941 1606 2972 regnum

1281 2987 1339 3026 1*
