1812 3268
204 199 286 244 382
900 212 1032 239 INDEX

204 315 258 356 61,
276 317 308 347 4.
337 313 410 353 108,
430 313 461 346 3.
492 312 564 353 111,
587 311 614 343 1.
645 311 761 352 112,3.
789 310 863 351 113,
882 311 901 342 7
918 310 1027 353 (pass.
1046 310 1219 353 vinctus).
1249 322 1295 343 ne
1313 312 1391 354 ipse
1409 322 1475 354 per
1492 311 1719 344 conditiones

206 362 251 393 ad
275 359 494 401 subplicium
520 357 726 388 traderetur
741 357 764 389 J
781 355 842 396 61,
861 355 892 388 5.
936 358 997 398 qui
1022 357 1057 388 in
1082 357 1286 389 custodiam
1303 357 1431 388 traditi
1451 360 1556 389 erant
1573 356 1600 388 C
1618 356 1681 394 50,
1698 356 1719 389 3

205 408 289 438 conl.
314 402 491 435 Lentulus
508 419 550 423 —
569 402 756 443 Spintheri
773 406 837 433 cet.
855 401 917 442 47,
935 402 967 432 4.
1010 403 1040 433 si
1064 403 1207 443 equites
1226 402 1380 433 Romani
1398 402 1578 434 satellites
1596 402 1719 433 Numi-

205 452 272 482 dae
292 447 614 486 traderenturJ65,
625 446 657 477 2.
691 447 745 478 uti
763 447 969 488 inperatum
987 450 1078 487 erat,
1098 447 1286 488 elephanti
1303 447 1457 488 triginta
1475 464 1516 469 —-
1535 446 1721 488 quaestori

204 493 424 526 tradunturJ
431 491 486 532 29,
499 491 531 523 6.
565 492 626 533 qui
644 502 730 523 auro
749 491 915 533 conrupti
933 491 1148 533 elephantos
1164 491 1363 533 Iugurthae
1381 492 1567 523 traderent
1583 492 1607 523 J
1623 490 1678 530 32,
1699 490 1720 522 3

204 541 290 571 conl.
309 537 370 577 40,
392 536 408 568 1
435 535 650 578 (perfugas).
692 536 811 578 leges,
839 536 1014 568 maiestas
1037 540 1177 577 vostra,
1206 537 1330 569 divina
1356 540 1392 568 et
1415 537 1574 568 humana
1597 536 1720 568 omnia

204 583 369 616 hostibus
387 582 521 613 tradita
538 584 622 612 sunt
637 581 661 612 J
677 580 731 621 31,
749 580 781 613 9.
821 591 907 623 pars
925 581 1115 613 Numidiae
1134 600 1175 605 —
1193 581 1389 623 Iugurthae
1408 581 1563 612 traditur
1579 581 1610 612 J*
1625 580 1674 620 16,
1685 580 1718 612 5.

207 628 388 661 exercitus
407 627 442 658 ei
458 627 616 658 traditur
634 637 655 658 a
673 626 733 668 Sp.
752 625 884 658 Albino
903 626 925 657 J
943 626 998 665 44,
1017 626 1045 657 1.
1079 627 1110 658 si
1129 627 1300 668 adempta
1319 626 1511 668 provincia
1530 626 1596 657 alii
1613 635 1720 667 quam

205 673 321 705 Mario
341 672 547 704 traderetur
562 672 585 703 J
602 671 662 710 82,
682 670 713 703 3.
757 671 848 702 alios
873 672 1110 713 magistratus
1127 671 1272 713 plebes,
1301 670 1526 703 consulatum
1544 670 1720 702 nobilitas

204 719 301 750 inter
318 728 355 749 se
373 727 438 759 per
456 726 582 748 manus
599 716 771 747 tradebat
787 716 811 747 J
828 715 888 755 63,
907 714 938 747 6.
980 716 1083 747 vobis
1108 727 1258 758 regnum
1284 716 1387 749 trado
1413 715 1551 747 firmum
1568 715 1592 747 J
1617 714 1667 752 10,
1687 714 1719 747 6.

205 764 425 801 libertatem,
445 771 539 803 quae
556 761 645 792 mihi
663 771 684 792 a
701 763 852 802 parente
870 771 948 792 meo
966 761 1104 792 tradita
1122 765 1178 792 est
1194 761 1216 792 J
1235 760 1330 800 3l,5.
1364 761 1499 792 tradite
1517 760 1719 802 exemplum

206 808 362 850 posteris
372 807 405 838 H
414 808 432 838 I
441 806 554 847 41‚25.
573 809 614 837 ut
622 805 921 837 aliitradiderunt
929 806 962 836 H
970 806 1005 836 11
1013 804 1068 837 26.
1087 806 1242 837 traditur
1251 806 1375 847 fugam
1385 805 1587 847 agitavisse
1595 805 1630 837 H
1639 806 1655 837 1
1663 804 1718 836 61.

251 853 398 894 tragula.
429 852 506 883 ictu
522 851 689 893 tragulae
708 851 869 882 sauciari
886 850 920 881 H
937 851 974 882 ΙΙ
995 849 1046 882 19.
1228 870 1230 872 v

250 899 360 930 traho.
397 897 521 928 limum
543 896 757 937 harenamq.
784 898 821 927 et
844 905 934 926 saxa
959 895 1127 936 ingentia
1153 895 1285 926 fluctus
1309 894 1458 926 trahunt
1474 895 1497 926 J
1514 893 1568 932 78,
1588 893 1609 926 3
1632 897 1719 926 ronl-

206 945 241 975 H
259 944 310 975 IV
326 941 380 974 23.
422 943 460 973 in
483 942 602 974 vicem
625 944 746 972 tracto
770 940 862 982 pede
882 940 915 970 H
933 941 988 971 111
1010 939 1059 971 19.
1101 940 1210 982 paulo
1236 942 1318 982 post
1343 940 1414 981 ipsi
1433 939 1674 971 trahebantur
1685 938 1719 970 ,Ο

208 989 262 1028 51,
282 988 336 1020 34.
378 988 464 1029 quin
487 987 607 1018 socios
632 986 770 1017 amicos
794 985 943 1016 trahant
968 985 1166 1016 excindant
1183 986 1217 1016 H
1234 986 1285 1017 lV
1302 984 1356 1022 61,
1379 984 1430 1017 17.
1473 984 1600 1016 abdita
1619 994 1640 1015 a
1658 983 1719 1016 do-

207 1035 316 1066 minis
342 1036 405 1064 aut
428 1032 527 1074 ipsos
550 1030 749 1062 trahebant
772 1031 807 1061 H
831 1030 886 1062 ΙΙΙ
910 1028 973 1069 67,
995 1029 1046 1061 17.
1088 1040 1216 1072 rapere
1241 1040 1364 1061 omnes
1388 1029 1534 1061 trahere
1560 1029 1586 1060 C
1609 1028 1645 1059 11
1660 1047 1670 1068 ,
1687 1029 1719 1061 4.

208 1080 279 1111 sibi
304 1078 418 1120 quisq.
443 1078 575 1109 ducere
599 1075 747 1107 trahere
771 1085 901 1117 rapere
918 1075 941 1107 J
957 1074 1019 1114 41,
1039 1075 1070 1106 5.
1113 1075 1277 1106 omnibus
1302 1074 1417 1106 modis
1434 1074 1629 1116 pecuniam
1647 1077 1720 1105 tra·

207 1126 298 1157 hunt
322 1126 455 1156 vexant
480 1122 506 1154 C
531 1120 593 1161 20,
614 1120 667 1152 12.
707 1121 746 1151 ni
764 1130 808 1151 ea
830 1130 888 1152 res
912 1130 977 1151 nos
1001 1119 1146 1162 longius
1171 1120 1216 1151 ab
1242 1120 1390 1161 incepto
1408 1119 1571 1151 traheret
1588 1118 1615 1149 C
1634 1118 1665 1158 7,
1685 1119 1719 1150 7.

208 1169 337 1212 iurgiis
354 1167 533 1200 trahendo
553 1169 694 1208 tempus
711 1166 735 1197 J
751 1165 806 1206 27,
829 1165 857 1196 1.
898 1166 977 1206 Iug.
996 1165 1141 1196 trahere
1161 1165 1282 1196 omnia
1298 1165 1321 1196 J
1338 1164 1392 1202 36,
1412 1164 1443 1195 2.
1475 1165 1553 1196 Vid.
1572 1163 1719 1195 bellum.

208 1215 330 1247 omnia
351 1224 425 1245 non
447 1213 541 1244 bene
566 1210 735 1243 consulta
758 1211 797 1241 in
819 1211 992 1242 virtutem
1016 1210 1256 1241 trahebantur
1273 1210 1295 1241 J
1312 1208 1373 1249 92,
1392 1209 1426 1240 2.
1466 1209 1614 1240 dubium
1632 1207 1721 1240 belli

210 1264 281 1302 atq.
301 1259 405 1301 pacis
422 1258 586 1289 rationes
603 1255 749 1287 trahere
765 1255 787 1286 J
805 1254 859 1294 97,
882 1254 909 1286 1.
951 1255 1090 1286 Marius
1109 1265 1153 1286 ex
1171 1255 1278 1296 copia
1301 1264 1418 1285 rerum
1437 1253 1627 1285 consilium
1646 1256 1720 1284 tra-

207 1306 297 1337 hitJ
314 1303 412 1344 98,3.
446 1312 526 1334 sese
548 1318 584 1323 —
603 1300 824 1343 locupletem
842 1300 918 1332 fore
938 1317 974 1321 ——
996 1299 1072 1331 alia
1087 1300 1240 1331 huiusce
1258 1299 1354 1331 modi
1373 1299 1505 1330 animis
1523 1298 1722 1329 trahebant

208 1351 231 1382 J
248 1350 303 1389 84,
322 1349 354 1380 4.
397 1348 525 1380 anxius
542 1346 689 1377 trahere
709 1356 789 1377 cum
808 1345 928 1376 animo
946 1355 1010 1376 suo
1029 1345 1263 1376 omitteretne
1281 1344 1465 1385 inceptum
1484 1344 1506 1375 J
1522 1342 1576 1381 93,
1601 1342 1630 1374 1.

234 1389 386 1426 ‘tramea
425 1403 490 1434 per
515 1391 679 1422 saltuosa
702 1390 785 1421 loca
811 1393 847 1420 et
870 1390 1037 1421 tramites
1061 1390 1261 1420 exercitum
1286 1389 1437 1420 ductare
1458 1389 1481 1420 J
1501 1387 1562 1428 138,
1586 1387 1613 1419 1.
1657 1397 1723 1429 per

208 1440 374 1472 tramites
398 1437 561 1469 occultos
584 1435 727 1466 Metelli
751 1435 951 1466 exercitum
978 1435 1168 1465 antevenit
1190 1434 1214 1465 J
1237 1432 1296 1471 48,
1315 1434 1346 1465 2.
1388 1434 1443 1465 uti
1467 1444 1531 1475 per
1556 1433 1722 1464 tramites

209 1484 352 1518 occulte
369 1483 581 1524 perfugeret
598 1480 636 1511 in
654 1479 813 1511 Galliam
832 1479 858 1511 C
876 1479 929 1519 57,
953 1479 981 1510 1.

252 1529 464 1568 tranquillus
496 1529 597 1557 tutae
615 1524 874 1566 tranquillaeq.
894 1534 952 1555 res
970 1534 1094 1556 omnes
1113 1524 1139 1555 C
1161 1522 1212 1563 16,
1232 1524 1263 1555 5.

253 1577 348 1605 trans
366 1577 535 1614 stagnum
553 1571 587 1601 H
604 1570 616 1600 i
636 1569 687 1602 17.
710 1585 711 1588 ¹
728 1573 825 1601 trans
843 1569 958 1600 maria
974 1580 1065 1610 susp.
1084 1569 1117 1599 H
1136 1570 1171 1600 II
1188 1567 1242 1609 23,
1261 1569 1294 1599 4.

253 1618 500 1656 Transalpinus.
533 1614 654 1647 Gallia
672 1615 712 1646 Τ.
730 1625 822 1655 susp.
842 1614 868 1645 C
886 1614 942 1654 57,
963 1613 994 1645 1.

253 1663 442 1695 transduco.
479 1662 542 1692 vix
565 1661 602 1691 in
626 1663 766 1701 partem
792 1659 946 1691 alteram
964 1659 1196 1690 transductus
1215 1661 1270 1689 est
1286 1658 1309 1689 J
1328 1657 1387 1695 ll,
1404 1657 1435 1688 4.
1479 1657 1576 1700 legio
1593 1657 1725 1688 flumen

209 1709 422 1741 transducta
442 1707 476 1737 H
493 1707 529 1737 II
546 1705 602 1736 57.

253 1757 436 1785 transenna
452 1752 486 1782 H
504 1751 540 1782 II
557 1749 612 1790 23,
632 1750 665 1781 4.

254 1802 398 1830 transeo.
429 1796 609 1827 transiere
621 1795 666 1826 ad
676 1805 798 1836 regem
814 1793 899 1835 J38,
911 1792 943 1825 6.
977 1804 1041 1835 per
1059 1793 1180 1825 media
1197 1793 1274 1825 eius
1286 1796 1407 1825 eastra
1423 1791 1545 1834 palam
1567 1792 1724 1824 transire

208 1846 231 1876 J
253 1844 326 1881 107,
344 1843 364 1874 5
381 1845 466 1874 conl.
485 1840 517 1872 6.
558 1850 604 1871 ne
622 1840 736 1872 vitam
753 1839 900 1871 silentio
918 1842 1109 1871 transeant
1127 1839 1153 1870 C
1175 1838 1204 1879 1,
1227 1838 1255 1870 1.
1295 1838 1409 1870 vitam
1435 1838 1545 1869 sicuti
1562 1837 1724 1879 peregri-

209 1893 340 1921 nantes
358 1887 536 1918 transiere
556 1885 582 1916 Ο
600 1885 632 1925 2,
651 1884 684 1916 8.
1662 1904 1664 1906 -

253 1934 430 1965 transfero.
462 1933 499 1962 in
516 1932 640 1963 Nonas
657 1930 766 1961 Febr.
786 1929 979 1961 consilium
997 1928 1122 1960 caedis
1139 1928 1406 1960 transtulerant
1425 1927 1451 1959 C
1474 1926 1529 1967 18,
1548 1926 1580 1959 6.
1622 1927 1724 1968 inpe-

209 1980 300 2011 rium
326 1979 371 2010 ad
395 1980 578 2019 optumum
604 1985 745 2016 quemq.
773 1985 794 2006 a
818 1975 936 2006 minus
960 1975 1055 2006 bono
1078 1974 1299 2005 transfertur
1317 1973 1343 2004 C
1362 1973 1393 2011 2,
1413 1971 1445 2004 6.
1487 1983 1618 2004 novom
1634 1971 1725 2003 illud

211 2023 414 2065 exemplum
439 2021 484 2053 ab
510 2021 630 2063 dignis
655 2039 695 2042 -—
721 2020 767 2051 ad
798 2020 967 2061 indignos
994 2036 1031 2041 —
1058 2019 1280 2050 transfertur
1304 2017 1331 2049 C
1356 2017 1416 2057 51,
1442 2017 1496 2048 27.
1543 2022 1686 2048 metum.
1703 2025 1746 2048 a'

210 2069 348 2101 scelere
367 2078 430 2099 suo
449 2066 495 2098 ad
512 2066 699 2107 ignaviam
717 2067 874 2097 vostram
891 2063 1110 2095 transtulere
1127 2064 1151 2096 J
1167 2062 1223 2104 31,
1242 2062 1292 2094 14.
1326 2062 1562 2104 suamquisq.
1581 2061 1725 2104 culpam

210 2117 352 2146 actores
371 2113 417 2144 ad
434 2111 586 2152 negotia
602 2110 828 2141 transferunt
843 2110 867 2141 J
886 2109 916 2150 1,
934 2109 966 2140 4.
1648 2131 1651 2132 γ
1668 2122 1675 2126 κ

252 2158 432 2197 transfuga
444 2158 534 2197 plear.
552 2156 574 2186 J
592 2155 646 2194 54,
666 2155 698 2185 2.

253 2202 453 2242 transfugio.
485 2201 594 2231 duces
615 2217 651 2221 —-
671 2200 724 2230 uti
742 2199 1019 2241 transfugerent
1037 2208 1273 2240 conrumpere
1290 2196 1384 2237 J‘38,
1406 2197 1437 2229 3.

253 2247 495 2287 transgredior.
529 2244 712 2276 exercitus
729 2244 815 2275 hinc
834 2247 869 2275 et
887 2255 967 2275 cum
986 2255 1028 2275 eo
1047 2254 1150 2275 omne
1170 2243 1303 2274 bellum
1320 2260 1365 2265 —
1382 2243 1418 2273 in
1437 2241 1583 2273 Italiam
1607 2244 1725 2273 trans-

210 2293 420 2335 gredientur
437 2291 471 2321 H
487 2291 525 2321 II
541 2289 595 2329 96,
619 2288 668 2319 10.
702 2292 950 2330 transgressos
969 2289 1085 2320 omnis
1103 2289 1236 2330 recipit
1252 2298 1354 2319 mons
1373 2288 1407 2318 H
1424 2288 1441 2318 Ι
1458 2286 1512 2318 66.
1547 2286 1725 2318 Servilius

211 2340 399 2378 aegrotum
417 2335 569 2366 Tarenti
594 2333 784 2375 conlegam
808 2334 908 2375 prior
923 2337 1175 2376 transgressus
1193 2333 1227 2364 H
1244 2334 1261 2364 I
1280 2332 1333 2364 78.
1382 2342 1596 2363 conmunem
1619 2331 1724 2362 habi-

209 2387 283 2414 tum
303 2385 553 2422 transgressus
566 2380 600 2410 H
617 2379 629 2409 i
646 2377 700 2410 80.

253 2431 498 2467 transgressus.
530 2425 648 2457 vitare
665 2422 844 2465 proelium
862 2423 899 2453 in
917 2425 1149 2464 transgressu
1167 2425 1318 2454 conatus
1336 2423 1370 2453 H
1387 2423 1403 2453 I
1420 2421 1472 2454 65.

253 2472 415 2515 transigo.
447 2470 587 2501 relicua
606 2478 685 2500 cum
703 2468 839 2500 Scauro
857 2471 1003 2498 secreta
1021 2468 1196 2509 transigit
1211 2469 1234 2499 J
1252 2466 1307 2507 29,
1325 2467 1357 2498 5.

253 2517 427 2548 transitus.
460 2514 653 2546 transitum
672 2513 762 2545 fecit
778 2515 842 2544 inc.
862 2513 897 2543 H
913 2513 949 2543 II
966 2510 997 2544 5.

253 2561 455 2593 transmitto.
487 2569 571 2591 suos
591 2559 732 2600 equites
749 2558 843 2590 vado
861 2557 1066 2588 transmisit
1083 2557 1118 2587 H
1134 2557 1170 2588 ΙΙ
1187 2555 1242 2590 62.

252 2606 444 2638 transveho.
472 2604 638 2647 legiones
656 2614 721 2645 per
738 2602 886 2634 Italiam
904 2602 1057 2644 Regium
1077 2605 1186 2642 atque
1206 2601 1289 2632 inde
1308 2601 1344 2631 in
1363 2600 1539 2639 Siciliam,
1557 2610 1662 2641 porro
1682 2609 1724 2630 ex

209 2652 338 2684 Sicilia
362 2651 399 2681 in
422 2650 586 2681 Africam
611 2650 847 2680 transvectae
862 2648 893 2684 ,J
916 2646 976 2685 28,
1000 2645 1032 2678 6.
1080 2646 1233 2677 navibus
1266 2646 1303 2676 in
1325 2645 1489 2676 Africam
1521 2644 1725 2676 transvecti

209 2698 231 2728 J
253 2696 304 2737 18,
323 2696 354 2728 5.
1749 2722 1755 2725 .

252 2744 478 2773 transversus,
519 2738 648 2771 collem
672 2741 881 2770 transvorso
905 2736 1037 2768 itinere
1054 2737 1259 2777 porrectum
1277 2734 1300 2765 J
1317 2733 1377 2773 49,
1400 2733 1428 2765 1.
1470 2734 1566 2765 ——sis
1584 2734 1723 2765 itineri-

208 2787 274 2818 bus
293 2786 425 2817 cotidie
444 2787 566 2816 castra
584 2794 728 2815 movere
745 2784 769 2814 ,J
785 2782 839 2822 45,
859 2782 892 2813 2.
927 2782 1043 2813 aciem
1062 2782 1137 2811 -—-is
1156 2779 1346 2822 principiis
1366 2797 1405 2800 w
1425 2779 1608 2810 deducitJ
1624 2777 1678 2816 49,
1690 2777 1722 2810 6.

209 2832 303 2862 —sis
328 2830 480 2872 proeliis
503 2830 574 2860 iter
603 2839 707 2860 suum
737 2830 981 2859 remoraturos
1004 2827 1027 2858 J
1051 2826 1110 2865 50,
1139 2824 1167 2856 l.
1217 2824 1446 2866 oportunitas
1473 2841 1508 2845 —
1535 2824 1633 2857 viros
1658 2833 1722 2865 spe

208 2876 367 2918 praedae
387 2885 490 2906 -sos
509 2875 587 2916 agit
602 2874 625 2905 J
641 2872 673 2915 6,
693 2872 726 2905 3.
768 2883 812 2903 ne
832 2882 918 2914 quos
938 2871 1102 2902 amicitia
1120 2869 1318 2912 Iugurthae
1336 2879 1439 2900 —sos
1458 2871 1546 2911 agat
1561 2869 1585 2901 J
1603 2867 1722 2910 14,20.
