1812 3268
206 197 286 237 368
653 204 655 206 ·
895 190 1034 231 mnes

203 310 334 341 bonam
351 317 394 338 ex
407 306 512 339 vobis
527 323 568 327 —
583 304 696 335 statui
709 303 744 334 H
757 303 811 334 111
822 301 876 342 61,
888 303 921 334 4.
957 306 1171 335 conmeatus
1186 313 1250 345 spe
1266 302 1420 345 amplior
1431 303 1456 335 J
1469 303 1522 343 75,
1532 302 1565 336 8.
1594 313 1722 345 perve-

204 356 335 385 nerunt
350 350 460 382 multo
476 349 631 380 celerius
647 358 710 390 spe
726 347 950 380 Mithridatis
964 348 999 379 H
1015 348 1070 379 111
1088 347 1138 380 12.
1165 348 1331 380 homines
1346 348 1452 380 malis
1466 348 1723 389 moribus‚ma·

203 409 283 429 xum
290 408 310 427 a
320 406 383 437 spe
395 395 420 426 C
431 394 486 433 37,
496 393 528 425 8.
556 394 593 424 in
603 394 706 425 Num.
716 392 958 434 proficiscitur
966 403 1101 435 magna
1109 403 1172 435 spe
1184 392 1410 433 civiumJ43,
1421 393 1452 425 5.
1478 403 1543 435 spe
1551 392 1724 435 patrandi

204 442 303 480 belli,
323 441 354 472 si
374 440 451 471 eius
469 438 592 480 oppidi
609 438 746 480 potitus
765 437 870 476 foret,
891 437 1100 479 adgreditur
1112 437 1198 477 J75,
1209 437 1241 470 2.
1274 438 1417 480 inperia
1435 447 1502 470 sua
1519 438 1642 480 gratia
1659 438 1724 469 aut

204 497 266 528 spe
283 488 345 516 aut
359 484 532 526 praemiis
547 483 585 514 in
598 492 662 515 vos
677 486 892 515 convortere
902 482 936 514 H
949 481 1063 522 11161,
1074 482 1106 514 5.
1138 493 1239 515 arma
1250 492 1342 524 quae
1351 493 1415 524 spe
1429 484 1533 525 pacis
1549 482 1724 515 amiserat

202 532 223 563 J
242 529 296 570 66,
319 529 346 561 1.
390 529 585 560 adcensum
603 528 845 570 praemiorum
862 524 978 569 spe'H
994 528 1050 559 ΙΙΙ
1066 527 1098 560 8.
1140 527 1244 559 simul
1268 527 1452 559 Romanos
1477 530 1514 559 et
1530 526 1722 568 Numidam

203 586 267 617 spe
292 575 395 616 pacis
422 573 625 605 adtinuisse
643 573 666 604 J
686 571 767 613 108,
788 570 818 604 3.
860 573 971 604 etiam
997 572 1191 604 mediocris
1215 573 1312 604 viros
1337 582 1402 614 spe
1425 571 1587 614 praedae
1605 575 1722 604 trans-

203 630 328 653 vorsos
347 619 424 661 agit
439 617 503 658 J6,
516 617 548 650 3.
580 617 769 660 ignaviam
788 618 925 659 cuiusq.
944 617 1167 649 tenuissuma
1185 627 1248 659 spe
1268 617 1465 649 frustratur
1481 617 1516 648 H
1532 617 1585 648 111
1601 614 1721 656 61,19.

202 675 287 707 pars
306 675 381 706 spe,
403 663 468 695 alii
484 663 648 705 praemio
666 662 807 694 inducti
822 662 846 694 J
866 661 916 702 13,
929 661 961 694 8.
991 662 1122 694 Aulum
1139 672 1202 704 spe
1220 662 1403 704 pactionis
1420 661 1580 704 perpulit
1589 660 1679 701 -J38,
1689 661 1721 693 2.

203 710 292 742 mihi
311 720 332 741 a
351 719 414 751 spe
433 711 532 740 metu
548 708 715 750 partibus
734 708 788 739 rei
804 718 838 749 p.
859 708 1000 738 animus
1019 707 1113 738 liber
1131 707 1157 738 O
1175 707 1206 747 4,
1226 707 1258 738 2.
1293 711 1334 738 ut
1351 707 1480 738 omnia.
1490 706 1641 739 bonaria
1657 712 1722 748 spe

202 756 357 787 haberet
375 753 401 785 C
420 752 481 793 31,
501 753 533 785 7.
574 763 707 795 magna
730 762 871 784 merces
893 753 931 783 in
949 762 1012 794 spe
1030 751 1255 784 victoriae‘C
1273 751 1334 791 41,
1354 753 1386 783 2.
1427 751 1497 784 hac
1522 752 1561 783 in
1578 761 1642 793 spe
1659 761 1722 793 po·

202 800 308 843 pulus
325 799 461 831 liberos
479 808 563 830 suos
583 798 629 830 ad
647 797 781 830 bellum
800 797 900 828 misit
917 797 951 828 H
968 798 1003 828 ΙΙ
1019 795 1073 837 96,
1093 797 1125 828 2.
1167 807 1230 838 pro
1249 797 1391 828 incerta
1414 806 1478 838 spe
1497 799 1603 828 certa
1617 806 1721 838 prae·
1743 831 1746 834 .

203 847 277 877 mia
296 845 322 877 C
341 844 396 884 41,
415 843 447 875 2.
481 854 633 885 parvom
650 846 687 875 te
706 843 784 874 sine
803 852 866 884 spe
885 842 965 873 sine
985 842 1113 884 opibus
1131 841 1154 873 J
1175 840 1227 881 10,
1246 841 1274 873 1.
1309 841 1478 883 quoniam
1497 850 1580 883 spes
1597 850 1722 883 opesq-

203 891 281 922 cius
299 900 344 924 ex
361 892 466 932 patre
485 899 549 921 suo
566 888 770 930 penderent
785 887 808 919 J
828 886 933 926 107,4
950 889 1035 919 conl.
1057 886 1131 926 114,
1143 886 1175 917 4.
1210 886 1324 918 omnis
1343 895 1426 928 spes
1445 889 1481 918 et
1498 895 1585 928 opes
1599 885 1722 927 priva-

202 939 259 968 tas
278 945 377 967 meas
396 934 603 976 consumpsi
620 933 655 964 H
670 933 706 964 11
722 931 784 971 96,
803 933 835 963 2.
877 942 916 963 se
934 942 1053 973 suasq.
1073 941 1157 973 spes
1175 934 1434 973 conrupturum
1450 930 1474 963 J
1491 929 1546 970 33,
1564 931 1597 962 4.
1632 930 1722 969 satis

200 981 376 1013 honestas
394 989 477 1021 spes
495 979 657 1011 relicuae
675 977 869 1020 dignitatis
887 976 1159 1009 conservandae
1178 986 1255 1007 sum
1274 979 1419 1008 secutus
1438 975 1465 1007 C
1483 974 1536 1016 35,
1555 976 1588 1008 4.

247 1027 347 1066 spiro.
378 1024 566 1067 paululum
585 1023 697 1055 etiam
715 1023 858 1065 spirans
876 1021 1056 1064 (repertus
1075 1021 1143 1062 est)
1164 1020 1190 1052 C
1209 1019 1263 1061 61,
1283 1021 1314 1053 4.
1389 1018 1394 1023 ”
1700 1051 1705 1053 ,

246 1071 362 1111 spolio.
394 1070 456 1112 qui
472 1069 515 1101 de
535 1069 666 1101 castris
684 1066 867 1110 spoliandi
885 1068 1007 1109 gratia
1024 1069 1282 1108 processerant
1300 1065 1326 1098 C
1345 1064 1441 1106 61,8.
1478 1075 1499 1097 a
1515 1064 1720 1105 latronibus

202 1116 442 1149 circumventi
458 1113 643 1157 spoliatiq.
661 1114 684 1145 J
704 1112 785 1152 103,
803 1112 835 1144 4.
875 1112 903 1143 1.
924 1112 1034 1143 armis
1051 1111 1174 1151 virisq.
1196 1114 1232 1143 et
1249 1111 1406 1153 pecunia
1423 1110 1604 1152 spoliatus
1627 1112 1683 1144 est
1697 1109 1722 1141 J

200 1161 255 1201 62,
274 1160 295 1192 8
311 1163 396 1193 conl.
416 1160 452 1191 H
468 1160 518 1191 IV
534 1158 588 1198 61,
607 1157 639 1190 6.
682 1157 835 1190 delubra
852 1156 1011 1199 spoliare
1030 1156 1056 1188 C
1079 1155 1136 1197 11,
1155 1155 1186 1188 6.
1227 1156 1317 1188 fana
1339 1158 1411 1197 atq.
1429 1156 1553 1187 domos
1572 1153 1722 1197 spoliari

202 1207 229 1238 C
248 1206 304 1246 51,
322 1205 343 1238 9
361 1205 420 1246 (al.
441 1203 623 1246 expilari).
1466 1231 1468 1234 ,
1686 1216 1688 1218 v

246 1251 396 1291 spolium.
428 1249 548 1291 spolia
571 1248 660 1280 belli
684 1247 881 1289 magnifica
900 1247 926 1279 C
945 1246 1005 1286 20,
1024 1246 1055 1278 5.
1096 1256 1178 1278 sese
1203 1245 1429 1278 consulatum
1454 1255 1498 1277 ex
1519 1245 1629 1278 victis
1645 1244 1721 1276 illis

201 1297 318 1339 spolia
338 1296 481 1337 cepisse
499 1295 522 1327 J
539 1293 600 1334 84,
623 1293 652 1326 1.
692 1303 737 1325 ne
756 1292 876 1335 spolia
892 1295 1014 1324 vostra
1038 1301 1152 1333 penes
1168 1291 1249 1323 illos
1267 1291 1341 1323 sint
1357 1291 1393 1322 H
1409 1291 1426 1322 I
1442 1290 1482 1321 41
1497 1315 1505 1331 ,
1523 1290 1554 1321 7.
1598 1300 1720 1323 arcem

200 1343 340 1373 habent
357 1351 401 1372 ex
418 1340 543 1382 spoliis
561 1339 694 1372 vostris
713 1338 747 1369 H
765 1338 818 1369 111
835 1336 932 1378 61,6.
961 1337 1097 1377 Asiam,
1117 1336 1271 1378 spolium
1288 1335 1576 1378 regisAntiochi,
1595 1334 1721 1376 recepi

245 1431 387 1471 sponsio.
418 1440 484 1471 per
500 1429 661 1460 indutias
679 1427 907 1470 sponsionem
927 1426 1079 1467 faciunt,
1099 1427 1153 1458 uti
1174 1426 1252 1458 —-J
1269 1425 1324 1467 79,
1343 1426 1376 1457 4.

246 1478 361 1516 sporta
378 1476 423 1515 ej.
442 1475 477 1505 H
494 1474 530 1505 ΙΙ
546 1472 599 1506 53.

245 1521 398 1553 stadium.
429 1519 556 1551 decem
574 1518 677 1550 milia
694 1517 851 1550 stadium
871 1527 891 1548 a
910 1516 1072 1548 Gadibus
1090 1516 1180 1548 sitas
1197 1516 1233 1547 H
1249 1516 1265 1547 1
1282 1514 1336 1547 61.

246 1568 376 1606 stagno.
408 1564 529 1597 omnia
547 1563 671 1606 oppidi
688 1562 914 1604 stagnabant
933 1562 967 1592 H
984 1561 1038 1592 ΙΙΙ
1055 1559 1111 1592 26.

246 1613 403 1651 stagnum
419 1610 454 1641 H
471 1609 484 1640 i
503 1608 554 1640 17.
1064 1611 1069 1617 ·

246 1656 427 1695 Staphylus
444 1655 479 1685 H
497 1654 509 1685 i
526 1653 580 1685 87.

245 1700 411 1738 Statilius,
427 1700 462 1730 1..
480 1698 506 1730 C
529 1698 581 1739 17,
600 1698 631 1729 4.
658 1696 713 1738 43,
733 1697 763 1729 2.
790 1695 843 1736 46,
863 1694 894 1728 3.
921 1696 977 1735 47,
996 1695 1027 1728 3.
1055 1695 1109 1734 52,
1128 1694 1183 1728 34.
1210 1695 1265 1736 55,
1284 1694 1315 1727 6.

244 1745 367 1777 statim.
401 1747 550 1776 senatus
569 1743 693 1775 statim
711 1741 911 1774 consulitur
927 1742 950 1779 J
971 1740 1027 1780 15,
1046 1741 1078 1772 2.
1109 1740 1183 1780 101,
1201 1739 1232 1772 9.
1265 1739 1337 1781 102,
1358 1740 1389 1773 3.
1433 1751 1476 1772 ac
1494 1740 1642 1783 saepius
1660 1750 1719 1773 ear
1778 1738 1780 1740 ’

200 1791 281 1823 dem
299 1789 503 1823 ascendens
521 1787 781 1830 descendensq.
801 1786 884 1818 dein
902 1786 1025 1818 statim
1043 1786 1251 1828 digrediens
1267 1786 1291 1817 J
1307 1784 1362 1824 94,
1380 1785 1408 1817 1.
1442 1785 1543 1817 flexit
1560 1785 1719 1819 animum

200 1837 396 1876 statimque
416 1845 496 1866 eum
515 1833 704 1875 adoptavit
721 1835 757 1864 et
778 1849 813 1853 --
835 1832 858 1863 J
874 1830 906 1871 9,
927 1830 948 1863 3
968 1832 1125 1872 Conm.p.
1141 1831 1194 1863 75.
1230 1841 1273 1863 ac
1291 1831 1417 1862 statim
1434 1831 1513 1872 ip'se
1531 1831 1718 1873 profectus

198 1881 221 1913 J
237 1880 298 1921 36,
322 1880 349 1912 1.
376 1880 431 1919 55,
450 1878 483 1910 8.
509 1877 564 1918 58,
582 1878 603 1910 5
621 1877 838 1919 (equitatum
855 1886 1008 1918 propere
1027 1876 1125 1908 misit
1143 1886 1186 1907 ac
1204 1876 1330 1907 statim
1350 1876 1391 1908 G.
1410 1875 1566 1908 Marium
1585 1875 1718 1917 eumq.)

202 1925 275 1966 101,
300 1925 350 1956 11.
378 1923 453 1964 106,
473 1924 505 1955 4.
535 1922 608 1964 107,
627 1921 660 1955 6.
691 1921 763 1962 109,
783 1922 815 1953 4.
845 1920 919 1962 113,
939 1920 970 1952 3.
990 1920 1022 1954 6.
1048 1921 1083 1952 Η
1098 1921 1151 1952 III
1168 1919 1222 1960 67,
1247 1920 1297 1952 15.
1654 1942 1656 1944 -

242 1971 356 2002 statio.
399 1969 667 2011 infrequentem
699 1967 896 1999 stationem
926 1969 1087 1998 nostram
1116 1966 1152 1997 H
1180 1966 1230 1997 IV
1254 1964 1310 1997 65.
1358 1965 1538 1997 stationes
1570 1964 1716 1997 locatae

198 2017 233 2047 H
250 2017 262 2047 i
279 2015 333 2048 43.
374 2014 524 2056 vigilias
549 2014 766 2054 stationesq.
793 2015 830 2043 et
854 2011 928 2043 alia
951 2011 1076 2042 munia
1100 2010 1230 2052 exequi
1254 2010 1289 2041 H
1312 2011 1365 2042 ΙΙΙ
1381 2008 1442 2051 67,
1461 2010 1494 2042 4.
1535 2010 1717 2042 stationes

199 2062 264 2093 sub
283 2061 413 2093 vineas
431 2059 643 2091 removebat
660 2058 694 2089 H
711 2057 729 2089 1
745 2056 799 2089 83.
837 2073 873 2078 -—
895 2060 932 2088 et
948 2055 1096 2098 vigilias
1115 2058 1294 2098 temptare
1311 2055 1346 2087 H
1363 2054 1398 2087 11
1414 2055 1468 2087 54.

243 2106 399 2137 stativas.
432 2104 567 2136 milites
585 2102 730 2135 stativis
750 2102 880 2133 castris
897 2101 1060 2133 habebat
1075 2101 1099 2132 J
1114 2101 1170 2139 44,
1189 2101 1222 2132 4.

243 2152 366 2182 statuo.
399 2149 516 2180 aciem
542 2151 621 2180 arte
647 2144 874 2179 statuerat'J
897 2146 958 2186 52,
977 2144 1008 2178 6.
1052 2146 1131 2187 quis
1150 2145 1205 2176 illi
1229 2144 1333 2177 finem
1360 2147 1499 2177 statuet
1523 2143 1550 2176 C
1577 2143 1639 2185 51,
1657 2142 1715 2187 36.

199 2195 362 2227 omnibus
387 2204 495 2225 unum
521 2193 627 2224 finem
650 2195 784 2224 natura
808 2191 939 2223 statuit
962 2191 996 2222 H
1013 2191 1030 2222 Ι
1047 2190 1108 2231 41,
1132 2190 1181 2222 15.
1225 2191 1361 2222 ceteris
1387 2193 1464 2222 arte
1482 2189 1627 2222 modum
1643 2192 1716 2222 sta-

198 2241 311 2271 tuisse
328 2239 352 2271 J
376 2238 436 2278 45,
456 2238 487 2277 2,
530 2240 675 2269 ceterae
700 2236 924 2268 multitudini
948 2236 1043 2267 diem
1067 2235 1214 2275 statuit,
1242 2238 1327 2267 ante
1352 2245 1458 2277 quam
1485 2252 1521 2257 —
1550 2234 1577 2266 O
1602 2233 1715 2273 36‚>2.

198 2286 384 2326 utriusque
411 2282 564 2315 consilio
589 2282 667 2313 dies
685 2282 829 2312 insidiis
848 2281 1021 2312 statuitur
1037 2281 1060 2313 J
1077 2280 1138 2321 70,
1157 2279 1188 2312 3.
1231 2280 1315 2322 quid
1333 2281 1370 2311 in
1388 2280 1479 2312 alios
1497 2279 1671 2312 statuatis
1688 2278 1716 2315 C

199 2329 253 2369 51,
272 2328 327 2361 26.
352 2328 406 2368 52,
427 2327 458 2360 3.
484 2328 519 2358 Η
535 2328 572 2358 II
587 2325 648 2366 96,
672 2326 700 2357 1.
744 2336 823 2357 cum
848 2325 891 2357 de
915 2326 955 2357 P.
975 2326 1132 2358 Lentulo
1152 2325 1321 2367 ceterisq.
1349 2325 1519 2356 statuetis
1538 2323 1565 2355 C
1584 2324 1639 2365 52,
1660 2322 1714 2356 17.

201 2393 242 2397 »-
264 2392 299 2396 -
321 2373 405 2416 quid
421 2390 466 2396 --
483 2372 509 2404 C
527 2372 581 2410 52,
599 2370 653 2404 31.
679 2371 703 2402 J
724 2370 773 2410 14,
792 2369 845 2402 20.
887 2371 1017 2402 statuit
1033 2370 1124 2402 nihil
1141 2370 1213 2402 sibi
1231 2370 1447 2412 agitandum
1462 2369 1486 2401 J
1502 2368 1556 2409 39,
1575 2367 1607 2400 5.
1641 2372 1716 2401 sta-

198 2420 252 2451 tui
271 2418 482 2451 certaminis
501 2417 658 2455 advorsa
674 2416 818 2458 potiora
836 2425 915 2446 esse
927 2415 1021 2447 forti
1038 2416 1116 2447 viro
1134 2415 1169 2446 H
1186 2415 1241 2447 III
1258 2414 1356 2455 61,4.
1391 2415 1504 2446 statui
1518 2424 1576 2446 res
1590 2417 1716 2456 gestas

199 2464 425 2506 perscribere
444 2462 470 2494 C
489 2463 551 2503 4,2
569 2463 653 2494 conl.
672 2460 726 2500 35,
745 2461 776 2492 2.
802 2459 898 2499 57,5.
928 2460 952 2491 J
969 2460 1001 2499 7,
1020 2459 1050 2491 5.
1081 2459 1132 2500 11,
1152 2459 1185 2492 9.
1211 2459 1264 2500 29,
1285 2458 1317 2491 3.
1343 2460 1397 2500 44,
1417 2459 1449 2493 3.
1474 2458 1531 2499 48,
1553 2458 1581 2490 1.
1607 2457 1662 2498 56,
1684 2457 1714 2490 1.

199 2509 254 2549 88,
274 2510 305 2540 4.
349 2507 474 2541 consul
492 2508 545 2539 uti
563 2509 744 2539 statuerat
759 2506 782 2538 J
799 2503 855 2544 89,
876 2504 904 2536 1.

243 2556 363 2586 status.
396 2553 489 2595 quod
505 2552 618 2584 multo
635 2551 781 2594 propius
800 2552 856 2581 est
873 2549 918 2581 ab
938 2559 996 2588 eo,
1018 2559 1086 2590 quo
1105 2550 1243 2591 agitat,
1264 2552 1363 2581 statu
1380 2549 1414 2580 H
1431 2549 1448 2580 1
1464 2547 1519 2589 48,
1543 2547 1593 2579 10.
1634 2557 1713 2590 per-

201 2602 393 2631 cunctatus
409 2608 529 2640 pauca
546 2597 591 2629 de
613 2599 713 2629 statu
730 2594 891 2628 civitatis
910 2593 936 2626 C
954 2592 1015 2634 40,
1034 2594 1065 2625 2.
1109 2597 1244 2626 statum
1267 2593 1463 2636 dignitatis
1482 2603 1555 2626 non
1571 2591 1714 2625 obtiner-

199 2645 282 2676 bam
301 2644 328 2676 C
346 2643 400 2683 35,
420 2641 452 2674 3.

243 2690 387 2720 stimulo.
427 2698 531 2729 quem
557 2687 603 2719 ad
626 2685 911 2729 perturbandam
928 2694 1003 2716 rem
1020 2694 1054 2726 p.
1073 2683 1199 2725 inopia
1217 2687 1289 2724 atq.
1310 2682 1398 2714 mali
1415 2692 1532 2714 mores
1550 2681 1713 2717 stimula·

199 2735 287 2766 bant
305 2733 331 2765 C
354 2733 405 2774 18,
424 2734 455 2765 4.

243 2778 395 2818 stipator.
427 2780 612 2819 tamquam
630 2777 844 2819 stipatorum
862 2778 1031 2807 catervas
1050 2773 1076 2805 C
1099 2772 1149 2813 14,
1172 2772 1199 2805 1.

243 2823 451 2862 stipendium.
482 2822 607 2865 populi
625 2822 795 2854 nationes
813 2820 997 2862 stipendia
1014 2818 1170 2861 pendere
1187 2816 1278 2857 020,
1290 2817 1322 2848 7.
1355 2816 1575 2859 stipendium
1592 2816 1713 2848 neutri

199 2867 416 2908 (exercitui)
447 2867 554 2899 datur
581 2866 616 2898 H
646 2866 682 2898 ΙΙ
709 2864 769 2906 96,
796 2865 828 2897 6.
882 2863 1100 2906 stipendium
1128 2862 1237 2905 aliaq.
1268 2862 1512 2895 decernuntur
1537 2862 1561 2893 J
1588 2861 1650 2902 27,
1677 2860 1709 2893 5.
