1826 3282
236 228 289 268 94
688 239 987 277 msromARVM
1016 240 1101 268 LIB.
1131 240 1176 268 1v
1207 235 1236 269 1.
1262 235 1297 269 2.

234 350 397 383 pugnare
429 339 566 380 coepit,
600 348 713 380 usque
746 338 793 370 ad
815 338 923 379 illud,
959 348 1027 381 quo
1057 339 1290 372 Mithridates
1323 339 1368 372 ab
1399 340 1548 372 Parthis
1579 339 1753 374 auxilium
1808 347 1818 353 “

235 389 360 427 petere
387 386 534 415 coactus
561 386 634 423 est,
668 394 871 426 enarrasoe.
922 384 983 416 Sic
1009 384 1162 426 adparet
1187 395 1250 417 eas
1275 394 1352 424 res,
1386 394 1475 427 quas
1506 386 1545 418 in
1574 386 1751 419 ulteriora
1786 398 1788 401 ’

233 434 397 470 tempora
421 427 577 469 scriptor
600 431 813 470 persecutus
839 431 910 468 est,
936 432 1017 471 post
1041 439 1122 470 eas,
1151 439 1244 471 quae
1264 432 1374 461 antea
1392 430 1438 462 ad
1461 429 1567 462 finem
1594 430 1750 463 adactae

233 475 354 511 fuere,
382 472 593 504 conlocatas
619 473 751 513 fuisse,
778 473 954 515 simulque
979 474 1032 506 ita
1058 474 1267 506 Sallustium
1291 476 1436 516 optume
1462 475 1533 507 sibi
1556 476 1749 508 transitum

232 517 421 559 paravisse
448 517 494 549 ad
520 527 582 549 eas
607 527 665 549 res
690 517 752 549 lib.
779 518 810 550 V
835 519 1078 558 enarrandas,
1112 519 1241 560 quibus
1269 519 1336 551 Gn.
1362 519 1557 561 Pompeius
1587 520 1626 552 in
1653 530 1747 552 sum-

232 572 326 593 mum
351 562 538 604 potentiae
563 562 753 604 fastigium
779 566 927 595 evectus
953 567 1018 595 est.
1061 563 1231 596 Ceterum
1257 563 1383 606 procul
1409 564 1534 596 absum
1561 565 1606 597 ab
1633 575 1678 597 ea
1694 566 1748 598 in·

231 607 425 648 pudentia,
450 610 491 638 ut
514 606 608 639 haec
633 618 697 649 pro
723 607 833 639 certis
858 608 1052 651 venditare
1068 608 1201 648 ausim,
1230 619 1274 641 ea
1291 611 1432 640 tantum
1448 619 1627 651 propono,
1654 620 1747 652 quae

231 651 317 682 mihi
341 651 427 684 boni
453 655 489 684 et
514 652 769 694 circumspecti
793 663 911 684 rerum
936 653 1122 695 scriptoris
1148 653 1261 686 fuisse
1286 654 1492 686 videantur.

346 746 361 778 1
397 740 476 793 [Kr.
498 746 552 780 ⁶22.
585 744 623 780 G.
645 741 698 794 4].
756 742 804 781 Hi
834 742 1013 782 locorum
1032 745 1216 794 pergnari
1247 747 1286 782 et
1313 742 1413 782 soliti
1434 749 1592 783 nectere
1622 757 1668 784 ex
1691 745 1744 784 vi-

229 808 399 848 minibus
428 820 518 848 vasa
548 810 737 860 agrestia,
776 809 829 848 ihi
855 813 958 854 tum,
1000 810 1107 860 quod
1135 810 1264 863 inopia
1292 815 1494 850 scutorum
1523 812 1668 857 suerat,
1701 824 1744 851 ea
1777 829 1782 833 ·

228 881 311 921 arte
338 888 380 915 se
412 877 575 928 quisque
602 877 641 915 in
673 875 838 915 formam
866 888 1026 927 parmae
1057 878 1248 928 equestris
1277 880 1415 927 clupeo
1442 878 1630 918 armabat.

339 955 430 987 Non.
457 966 492 997 p.
518 953 600 987 381:
632 955 759 987 Parma
783 959 833 987 est
857 959 982 987 scutum
1006 954 1116 987 breve.
1173 956 1351 988 Sallustius
1377 957 1468 989 Hz'st.
1502 956 1558 989 lib.
1583 957 1673 989 1111:
1705 957 1744 989 hi

225 998 385 1040 locorum
411 1000 599 1042 perignari
624 998 729 1042 [recte
753 1001 871 1032 Dousa
893 998 1078 1042 pergnari]
1096 1003 1142 1032 et
1167 1018 1209 1022 -Α
1234 1000 1387 1034 fueread
1412 1010 1456 1034 ea
1474 1004 1554 1034 arte
1581 999 1640 1044 [ea
1657 1012 1743 1034 arce

223 1049 334 1086 princ.
363 1055 444 1076 eam
469 1055 591 1077 arcem
619 1043 704 1076 1480
728 1044 769 1077 A.
798 1055 861 1077 eas
888 1048 985 1077 artes
1010 1045 1144 1086 Dousa,
1171 1045 1293 1077 fuerat
1310 1046 1356 1078 ad
1375 1056 1457 1078 eam
1475 1049 1590 1078 artem
1610 1046 1742 1085 Carrio,

227 1090 349 1121 fuerat
380 1089 425 1122 ab
458 1100 502 1121 ea
535 1093 613 1121 arte
642 1089 773 1128 Ursin„
800 1090 938 1130 fuerat,
974 1100 1019 1122 ea
1045 1092 1122 1122 arte
1149 1088 1272 1132 Mera]
1299 1108 1342 1112 ——
1366 1108 1409 1113 —
1441 1091 1594 1124 formam
1617 1102 1742 1134 parme

225 1134 402 1177 equestris
429 1132 491 1177 [sic
515 1134 610 1172 libri;
633 1139 727 1167 recte
751 1136 829 1167 edd.
855 1145 1005 1177 parmae
1034 1133 1224 1177 equestris]
1252 1135 1429 1168 armabat.

337 1213 394 1252 *2
426 1213 505 1266 [Kr.
529 1218 583 1252 23.
622 1216 660 1252 G.
683 1213 736 1265 5].
797 1213 908 1262 Coria
946 1225 1085 1253 recens
1121 1213 1293 1253 detracta
1331 1215 1441 1266 quasi
1468 1214 1616 1264 glutino
1647 1215 1741 1254 adu-

222 1280 433 1321 lescebant.

334 1359 435 1393 Serv.
463 1359 509 1391 ad
533 1359 642 1402 Verg.
671 1359 735 1392 Ge.
762 1359 818 1391 ΙΙΙ
846 1357 926 1391 155:
961 1358 1057 1392 ‘Sole
1073 1370 1192 1392 recens
1225 1360 1338 1396 orto’,·
1368 1362 1492 1392 statim.
1542 1359 1740 1393 Sallustius:

222 1405 321 1437 coria
346 1414 474 1436 recens
499 1404 668 1436 detracta
691 1404 805 1437 veluti
831 1404 969 1446 glutino
993 1403 1063 1447 [sic
1086 1402 1209 1446 codd.]
1235 1405 1510 1437 adolescebant.
1552 1405 1606 1438 Id.
1634 1405 1679 1438 ad
1695 1405 1738 1438 A.

220 1451 288 1482 VII
305 1449 388 1482 632:
416 1449 584 1491 ‘Saliynas
609 1449 778 1481 umbonum
802 1451 946 1490 crates',
971 1453 1007 1480 ut
1031 1450 1113 1481 dicit
1137 1449 1317 1482 Sallustius
1342 1451 1383 1482 de
1410 1450 1576 1488 Lucanis,
1611 1450 1670 1493 qui
1695 1450 1739 1482 de

219 1495 354 1528 vimine
379 1494 481 1526 facta
506 1497 610 1526 scuta
634 1494 842 1526 recentibus
870 1494 929 1531 [V.
956 1492 1098 1536 reeens]
1134 1494 1310 1526 detractis
1337 1495 1443 1526 coriis
1469 1495 1578 1536 quasi,
1598 1495 1738 1538 glutino

221 1539 483 1572 adolescebant
509 1537 631 1581 [Guelf.
658 1540 687 1571 I.
706 1539 754 1571 ΙΙ.
781 1539 821 1571 R.
849 1539 946 1580 Lips.
972 1543 1005 1571 et
1030 1541 1073 1571 al.
1099 1543 1226 1571 tantum
1256 1542 1358 1571 scuta
1391 1540 1499 1572 coriis
1530 1540 1736 1582 tegebantJ.

219 1584 381 1627 Philarg.
410 1583 457 1616 ad
480 1584 589 1627 Verg.
619 1584 683 1616 Ge.
716 1584 766 1615 1·V
790 1582 850 1615 50:
885 1583 1024 1620 Gtutem
1053 1584 1107 1616 bic
1135 1586 1258 1626 yluten.
1306 1583 1485 1616 Sallustius
1517 1589 1644 1617 autem:
1676 1585 1738 1617 hic

219 1629 359 1671 glutino
386 1628 634 1661 adolescebat.
677 1628 818 1660 Charis.
837 1640 872 1670 p.
890 1627 953 1660 88:
979 1639 1075 1671 quam
1099 1629 1351 1661 declinationem
1375 1628 1553 1662 Sallustius
1575 1631 1736 1673 sequitur,

217 1685 288 1707 eum
312 1675 409 1707 dicit:
437 1674 542 1716 quasi
567 1673 705 1716 glutino
732 1673 1005 1706 adolescebant.
1055 1673 1107 1705 Id.
1134 1685 1169 1716 p.
1198 1673 1278 1706 131:
1304 1675 1416 1717 itaque
1441 1675 1739 1711 Sallustiusristius

211 1721 328 1761 potius
358 1720 592 1752 declinationis
623 1729 713 1750 usum
741 1722 875 1751 secutus
906 1718 1045 1761 glutino
1077 1720 1184 1761 inquit
1216 1718 1495 1760 adolescebant,
1534 1723 1571 1751 ut
1599 1719 1736 1762 yaudio,

211 1766 379 1806 praemio.

328 1832 388 1863 Fr.
418 1831 433 1863 1
462 1835 497 1863 et
521 1831 542 1862 2
567 1831 652 1873 quin
678 1831 724 1863 ad
749 1831 902 1863 eandem
927 1841 1002 1863 rem
1027 1832 1289 1873 spectaverint,
1325 1841 1395 1863 non
1420 1831 1567 1863 dubium
1593 1834 1674 1872 est,
1701 1832 1734 1864 si

216 1877 359 1919 quidem
384 1876 482 1908 Flor.
508 1877 544 1908 II
566 1876 598 1916 8,
617 1875 654 1908 6:
682 1875 902 1918 adfluentibus
926 1877 959 1907 in
984 1877 1056 1908 dies
1079 1877 1186 1917 copiis
1209 1886 1280 1908 cum
1303 1877 1368 1908 iam
1391 1880 1480 1908 esset
1503 1879 1608 1908 iustus
1632 1886 1735 1908 exer-
1791 1894 1795 1897 -

215 1925 315 1959 citus,
349 1932 367 1954 e
397 1922 567 1954 viminibus
593 1922 823 1963 pecudumque
848 1923 1044 1962 tegumentis
1074 1922 1264 1953 inconditos
1293 1921 1359 1952 sibi
1387 1921 1528 1962 clipeos,
1562 1931 1608 1953 eoe
1633 1922 1733 1962 ferro

214 1969 458 2008 eryastulorum
480 1970 616 1999 recocto
638 1967 771 2008 gladios
796 1977 836 1998 ac
860 1970 928 1997 tela
948 1964 1117 2007 fecerunt.
1157 1965 1321 1997 Frontin.
1341 1965 1450 1997 Strat.
1476 1966 1494 1997 1
1510 1965 1543 2005 7,
1561 1965 1599 1997 6:
1626 1965 1734 2007 Spar-

213 2016 290 2044 taco
315 2015 486 2055 copiisque
511 2013 581 2044 eius
603 2015 699 2043 scuta
723 2021 769 2042 ex
791 2013 908 2042 vimine
935 2011 1089 2049 fuerunt,
1122 2020 1206 2052 quae
1237 2011 1340 2042 coriis
1372 2010 1580 2052 tegebantur.
1629 2011 1673 2045 Id
1694 2011 1733 2042 in

214 2057 382 2088 Lucania
406 2057 545 2088 factum
578 2066 658 2087 esse
690 2065 808 2096 neque
840 2054 964 2086 statim
995 2057 1076 2096 post
1105 2055 1249 2086 initium
1274 2055 1363 2086 belli
1388 2055 1548 2096 servilis,
1584 2065 1629 2087 ex
1650 2055 1732 2088 loco

214 2101 315 2133 Serv.
343 2102 389 2133 ad
412 2102 523 2143 Verg.
549 2100 590 2131 A.
617 2101 686 2132 VII
710 2099 776 2132 632
802 2100 973 2141 adparet,
999 2110 1116 2140 neque
1141 2100 1264 2131 obstat
1289 2100 1381 2141 quod
1405 2100 1536 2132 Florus
1563 2102 1648 2132 ante
1673 2110 1731 2133 res

214 2146 260 2177 ab
286 2146 464 2187 Spartaco
491 2148 614 2187 gestas
637 2144 826 2183 -narravit,
861 2154 941 2176 cum
973 2147 1097 2186 aperte
1131 2155 1222 2186 quae
1254 2144 1292 2176 in
1324 2144 1487 2177 exercitu
1518 2145 1729 2185 instituerit,

213 2200 354 2232 quoque
379 2190 482 2222 modo
509 2200 547 2221 se
573 2189 643 2220 dux
669 2189 842 2231 gesserit,
869 2189 957 2231 ipsis
983 2189 1092 2221 factis
1117 2190 1408 2231 praemittantur.
1451 2189 1532 2229 Qua
1549 2200 1587 2221 re
1606 2199 1729 2232 quam-

213 2245 319 2276 quam
345 2235 389 2267 de
415 2235 525 2267 armis
549 2234 688 2276 paratis
715 2234 824 2266 etiam
839 2234 901 2265 lib.
919 2234 973 2265 III
990 2234 1124 2266 dictum
1141 2234 1255 2266 fuisse
1282 2244 1326 2266 ex
1350 2234 1549 2276 fragmenti
1563 2233 1608 2265 67
1625 2235 1729 2266 initio

213 2279 417 2322 conligitur,
445 2283 568 2311 tamen
592 2279 682 2310 nihil
709 2282 781 2318 est,
815 2289 878 2310 cur
909 2279 1004 2321 apud
1028 2279 1183 2311 Nonium
1214 2279 1252 2310 in
1283 2289 1431 2311 numero
1462 2279 1547 2311 libri
1570 2282 1729 2311 erratum

213 2334 293 2356 esse
312 2334 537 2357 censeamus.
581 2324 644 2356 Set
668 2324 705 2355 in
730 2324 861 2366 fragm.
891 2323 906 2355 l
933 2324 1053 2356 fateor
1076 2334 1132 2355 me
1150 2334 1222 2356 non
1238 2324 1443 2366 percipere,
1469 2334 1539 2366 quo
1563 2324 1667 2356 modo
1690 2334 1729 2356 se

210 2372 244 2401 in
264 2370 408 2410 formam
431 2380 570 2411 parmae
595 2370 761 2411 equestris
780 2369 937 2402 armabat
961 2371 1063 2401 reete
1088 2369 1240 2400 dicatur.
1282 2370 1375 2401 Nam
1394 2368 1463 2401 etsi
1479 2369 1629 2401 liberius
1647 2378 1728 2401 eam

211 2414 404 2446 formulam
433 2417 645 2456 usurpatam
671 2424 751 2445 esse
784 2416 928 2446 constat
958 2413 1078 2454 (Suet.
1112 2413 1190 2445 Cal.
1220 2412 1280 2446 19:
1311 2415 1569 2456 superiectoque
1600 2423 1727 2456 ayqere

209 2463 348 2492 terreno
380 2470 421 2492 ae
451 2460 580 2491 directo
613 2461 646 2490 in
671 2459 808 2500 Appiae
839 2460 912 2490 viae
933 2459 1089 2499 formam.
1145 2459 1234 2490 Tac.
1269 2459 1315 2490 ab
1342 2469 1419 2491 exc.
1447 2459 1480 2490 d.
1505 2459 1547 2491 A.
1573 2458 1640 2491 XV
1661 2459 1725 2490 24:

209 2506 313 2546 legati
335 2505 537 2536 Parthorum
562 2504 722 2535 mandata
745 2507 837 2545 reyz's
868 2505 1044 2545 Vologesis
1068 2505 1265 2545 litterasque
1289 2506 1323 2536 in
1347 2505 1486 2536 eandem
1507 2504 1651 2544 formam
1674 2507 1726 2536 at-

209 2548 350 2592 tulere),
377 2553 501 2581 tamen
526 2559 593 2591 quo
611 2549 728 2580 minus
752 2548 841 2579 illud
866 2549 1022 2587 feratur,
1048 2548 1141 2580 ratio
1167 2548 1307 2588 obstat,
1335 2549 1505 2590 quoniam
1527 2558 1565 2580 se
1589 2558 1725 2580 armare

209 2595 239 2626 is
264 2598 406 2627 tantum
429 2594 574 2634 dicitur,
601 2593 661 2636 qui
687 2593 807 2632 armis,
833 2603 904 2625 non
930 2592 1052 2634 aliquo
1079 2603 1257 2624 armorum
1282 2603 1418 2635 genere
1443 2602 1481 2625 se
1502 2593 1661 2632 instruit,
1688 2595 1724 2625 et

210 2640 327 2672 forma
352 2649 531 2671 armorum
556 2639 713 2681 generis,
739 2648 811 2669 non
834 2637 990 2669 hominis
1017 2640 1088 2677 est,
1121 2637 1194 2669 nisi
1224 2638 1321 2669 omni
1350 2637 1481 2669 habitu
1513 2638 1549 2669 ei
1580 2637 1723 2680 species

210 2685 390 2726 quaedam
414 2684 520 2716 datur
545 2684 658 2724 (recte
683 2683 881 2715 diceretur:
908 2692 1042 2714 armare
1066 2684 1099 2714 in
1119 2682 1264 2723 formam
1287 2684 1398 2714 militis
1418 2683 1582 2724 yreyart'i,
1607 2684 1642 2714 in
1657 2693 1724 2715 mo-

209 2731 283 2761 dum
300 2729 446 2772 equitis).
477 2729 581 2761 Unde
596 2728 685 2760 mihi
697 2728 840 2760 videtur
855 2727 1036 2759 excidisse
1051 2727 1148 2769 apud
1161 2727 1311 2759 Nonium
1325 2727 1424 2767 illud,
1444 2727 1490 2764 ad
1505 2727 1597 2769 quod
1609 2727 1723 2760 verba

208 2778 240 2806 z'n
261 2775 406 2815 for-mam
425 2785 568 2816 parmae
592 2777 758 2816 equestris
775 2772 893 2804 relata
911 2774 1044 2804 essent.
1084 2771 1163 2803 Iam
1181 2772 1377 2814 fragmenti
1402 2771 1553 2804 alterius
1571 2772 1723 2804 formam

210 2830 289 2850 eam
314 2830 438 2851 veram
464 2828 562 2859 esse,
597 2828 704 2861 quam
729 2818 828 2850 Serv.
856 2817 902 2849 ad
925 2817 1033 2859 Verg.
1063 2816 1128 2849 Ge.
1153 2817 1209 2849 111
1235 2816 1298 2848 155
1331 2816 1527 2848 memoriae
1558 2816 1722 2857 tradidit,

209 2863 320 2896 facile
348 2864 584 2906 intellegitur,
612 2864 642 2895 si
668 2863 810 2905 quidem
834 2862 958 2903 verba,
985 2865 1024 2893 ut
1049 2862 1096 2893 ad
1120 2861 1161 2893 A.
1186 2862 1256 2894 VII
1280 2860 1346 2893 632
1373 2861 1493 2893 relata
1518 2864 1611 2901 sunt,
1637 2871 1722 2894 con-

208 2909 444 2941 structionem
475 2919 620 2951 prorsus
651 2917 862 2951 pervorsam
893 2907 1073 2950 praebent
1103 2905 1278 2948 simulque
1308 2905 1393 2939 libri
1417 2905 1528 2938 multo
1553 2906 1722 2939 breviora
