1812 3268
189 231 271 272 394
856 240 989 267 INDEX

189 345 214 378 J
233 344 307 385 112,
326 343 358 377 3.
387 342 461 382 113,
479 342 512 373 2.
552 341 584 373 si
610 341 671 382 qui
693 341 732 372 in
756 350 884 372 manus
907 342 1086 372 venerant
1109 339 1133 372 J
1152 338 1232 380 101,
1252 339 1283 371 4.
1326 340 1387 382 qui
1411 339 1506 372 forte
1522 340 1561 372 in
1576 349 1704 372 manus

190 389 373 422 venientis
392 387 603 429 exciperent
619 386 655 417 H
671 386 706 417 II
723 385 754 418 5.
795 385 1009 428 Iugurtham
1027 385 1072 417 ob
1090 395 1173 417 suos
1191 385 1362 417 tutandos
1379 385 1417 417 in
1434 394 1560 417 manus
1577 387 1704 418 ventu-

191 445 269 466 rum
284 434 308 465 J
324 432 379 472 89,
390 434 422 464 2.
455 432 510 463 uti
526 430 676 462 Metello
695 431 732 462 in
750 441 878 473 sagum
898 447 935 451 —
955 429 1032 462 tela
1049 430 1217 462 venirent
1233 430 1268 461 H
1284 430 1319 462 II
1335 430 1385 461 17.
1419 433 1611 472 postquam
1627 430 1706 462 dies

192 478 418 511 comitiorum
434 476 538 509 venit
555 475 582 507 O
600 474 698 515 26,5.
732 486 790 507 res
809 475 855 508 ad
872 478 1059 515 certamen
1074 475 1175 512 venit
1190 475 1214 507 J
1232 474 1283 514 13,
1293 475 1326 507 4.
1359 485 1417 507 res
1434 486 1467 517 p.
1486 475 1524 506 in
1539 483 1707 506 maxuma

191 522 357 566 pericula
373 522 476 554 venit
495 520 522 553 C
540 520 596 561 52,
615 519 670 553 36.
713 531 755 553 eo
773 520 999 553 miseriarum
1018 523 1194 552 venturus
1212 530 1312 552 eram
1329 519 1353 552 J
1372 519 1425 559 14,
1443 518 1475 552 3.
1513 523 1553 551 ut
1571 528 1615 551 ex
1631 529 1707 551 ma-

191 577 298 600 xuma
314 567 454 599 invidia
472 566 509 598 in
527 566 778 609 gratiamatq.
798 566 962 598 favorem
979 565 1183 597 nobilitatis
1199 565 1344 597 veniret
1361 565 1384 597 J
1404 564 1462 604 13,
1481 564 1512 597 7.
1555 564 1705 605 Caesar,

191 613 254 644 ubi
273 612 318 644 ad
337 622 418 644 eum
435 613 583 644 ventum
606 616 662 643 est
684 611 935 653 interrogatus
960 610 1181 642 sententiam
1199 610 1225 642 C
1244 609 1305 650 50,
1325 609 1361 642 5:
1400 610 1570 651 quoniam
1586 609 1624 640 in
1640 609 1708 641 has

190 657 360 700 regiones
378 667 442 699 per
458 657 736 698 Leptitanorum
753 656 905 698 negotia
921 656 1086 687 venimus
1103 655 1127 687 J
1143 654 1197 695 79,
1219 654 1248 687 1.
1281 655 1399 687 maius
1418 654 1639 686 commodum
1653 654 1709 686 rei

191 713 225 744 p.
245 713 289 734 ex
305 713 385 734 meo
404 702 477 734 otio
494 704 685 734 venturum
700 701 725 733 J
740 701 779 741 4,
797 701 830 733 4.
871 701 965 732 ultro
988 700 1044 732 illi
1065 703 1101 732 et
1124 700 1278 742 gloriam
1297 703 1333 732 et
1350 709 1501 742 regnum
1516 702 1709 732 venturum

190 748 214 779 J
230 746 262 787 8,
281 748 314 780 2.
357 757 446 789 quae
465 746 535 779 sibi
553 746 691 778 duobus
709 746 860 788 proeliis
876 748 1055 778 venerant
1069 745 1094 777 J
1113 744 1188 785 103,
1205 746 1238 777 2.

235 801 348 824 venor.
385 792 553 824 venando
577 809 613 813 -
643 791 775 823 bonum
800 791 911 824 otium
936 793 1125 822 conterere
1153 789 1179 822 O
1196 790 1235 832 4,
1257 789 1287 822 1.
1328 789 1470 832 pleraq.
1488 792 1654 832 tempora
1670 789 1709 821 in

191 838 358 870 venando
377 847 488 879 agere
504 837 528 869 J
544 835 577 877 6,
598 836 628 869 1.

236 885 363 915 venter.
401 882 515 914 dediti
537 881 674 922 ventri,
693 882 938 924 turpissumae
956 881 1054 923 parti
1073 881 1234 923 corporis
1250 880 1274 912 J
1289 878 1344 920 85,
1362 878 1417 911 41.
1459 879 1573 911 dediti
1588 880 1710 912 ventri

194 931 266 969 atq.
285 938 407 960 somno
427 926 454 959 C
471 927 510 967 2,
528 925 560 962 8.
602 937 737 969 pecora
761 926 881 959 ventri
905 925 1138 958 oboedientia
1163 925 1190 957 C
1210 925 1246 965 1,
1268 924 1295 957 l.
1338 935 1447 957 manu
1468 927 1596 957 ventre
1614 934 1709 967 pene

191 973 289 1005 bona
305 973 427 1015 patria
444 972 679 1004 laceraverat
697 972 723 1003 C
745 972 795 1012 14,
815 972 847 1003 2.

236 1019 358 1049 ventus
383 1020 526 1050 coortus
550 1017 726 1049 harenam
750 1017 855 1049 humo
883 1016 1060 1048 excitavit
1082 1016 1107 1048 J
1124 1014 1183 1056 79,
1202 1014 1234 1047 6.
1274 1017 1384 1048 vento
1408 1014 1588 1057 gliscente
1604 1014 1640 1046 Η
1656 1014 1711 1046 III

193 1062 249 1095 31.
282 1063 427 1095 humum
452 1062 592 1094 aridam
615 1065 726 1094 vento
753 1061 888 1104 agitari
912 1062 935 1093 J
951 1060 1012 1102 53,
1034 1060 1062 1093 l.
1105 1071 1205 1093 mare
1231 1060 1374 1093 saevire
1397 1060 1518 1093 ventis
1544 1059 1664 1102 coepit
1686 1059 1711 1092 J

192 1107 246 1148 78,
266 1107 297 1140 3.
341 1108 459 1140 facies
476 1107 639 1140 locorum
657 1117 737 1139 cum
755 1107 875 1139 ventis
892 1109 1054 1138 mutatur
1070 1105 1094 1139 J
1111 1104 1165 1147 78,
1183 1105 1215 1138 3.

236 1162 305 1184 ver.
337 1153 516 1195 principio
533 1152 629 1184 veris
646 1153 682 1184 H
697 1153 733 1184 II
749 1151 803 1184 33.

237 1199 367 1229 verber.
398 1198 613 1231 verberibus
633 1197 977 1229 animadvortebant
993 1196 1031 1228 in
1049 1196 1140 1229 civis
1159 1196 1186 1228 O
1204 1195 1258 1237 51,
1278 1195 1321 1228 39
1338 1197 1423 1228 conl.
1442 1194 1497 1227 21.

237 1244 388 1275 verbero.
420 1243 516 1274 malo
541 1243 749 1285 dependens
774 1242 1040 1274 verberabatur
1062 1242 1098 1273 H
1120 1242 1171 1273 IV
1185 1240 1240 1273 40.
1283 1241 1432 1282 gravius
1451 1243 1507 1272 est
1521 1240 1712 1273 verberari

194 1299 300 1330 quam
309 1289 460 1319 necari?
472 1287 498 1320 C
509 1287 564 1328 51,
575 1287 628 1320 23.
657 1288 917 1319 condemnatus
927 1287 1178 1328 verberatusq.
1190 1286 1310 1328 capite
1319 1295 1457 1328 poenas
1466 1283 1669 1325 solvitJ69,
1679 1285 1711 1318 4.

237 1334 383 1365 verbum.
424 1333 517 1375 quod
538 1333 687 1365 verbum
712 1334 750 1364 in
772 1332 970 1374 Iugurthae
995 1335 1123 1373 peetus
1149 1331 1259 1363 altius
1286 1348 1323 1353 —
1350 1330 1577 1363 descenditJ
1599 1329 1658 1371 11,
1676 1330 1710 1362 7.

192 1378 305 1411 verbo
329 1378 423 1409 alius
449 1378 513 1410 alii
536 1378 637 1410 varie
663 1378 965 1409 adsentiebantur
983 1376 1010 1408 C
1028 1376 1087 1416 52,
1110 1376 1138 1408 l.
1180 1387 1252 1409 non
1277 1378 1360 1408 sunt
1384 1376 1577 1418 conposita
1597 1375 1713 1407 verba

189 1433 275 1455 mea
292 1423 316 1454 J
333 1421 388 1463 85,
408 1422 462 1454 31.
503 1423 618 1455 verba
633 1423 806 1454 virtutem
823 1432 894 1453 non
914 1422 1049 1453 addunt
1066 1421 1093 1453 C
1111 1420 1166 1462 58,
1188 1421 1205 1452 1
1231 1423 1316 1453 conl.
1334 1421 1359 1453 J
1375 1419 1435 1460 85,
1454 1419 1510 1453 50.
1551 1429 1606 1452 ron
1631 1420 1712 1462 plus

192 1467 293 1499 valet
311 1478 416 1509 quam
434 1467 547 1500 verba
565 1467 600 1498 H
617 1468 652 1499 Π
669 1466 723 1507 96,
743 1466 774 1498 6.
816 1469 856 1498 ut
879 1475 935 1497 res
952 1466 1069 1508 magis
1088 1476 1195 1508 quam
1211 1466 1327 1498 verba
1345 1468 1558 1508 gererentur
1573 1465 1609 1496 H
1626 1466 1639 1496 i
1656 1463 1710 1497 39.

193 1512 385 1544 verborum
410 1513 502 1544 satis
527 1512 661 1544 dictum
688 1515 743 1544 est
765 1512 801 1543 H
817 1512 872 1543 ΙΙΙ
889 1510 949 1551 61,
968 1511 1021 1543 25.
1065 1521 1172 1552 quam
1195 1511 1345 1543 miseria
1368 1521 1449 1542 mea
1466 1510 1588 1543 verbis
1606 1509 1713 1542 fidem

194 1558 337 1589 faceret
353 1557 376 1589 J
392 1558 454 1598 24,
472 1556 503 1589 9.
538 1558 653 1589 verba
672 1557 770 1589 facio
794 1557 859 1588 vid.
881 1557 990 1588 facio.
1024 1556 1174 1588 huiusce
1198 1556 1295 1587 modi
1317 1556 1432 1588 verba
1448 1554 1591 1587 locutus
1610 1557 1666 1586 est
1683 1554 1711 1586 C

193 1601 257 1642 50,
280 1601 307 1634 l.
347 1620 389 1624 -—
413 1619 456 1624 —
481 1612 562 1634 cum
584 1602 760 1644 Iugurtha
783 1601 955 1633 habuisse
980 1601 1004 1632 J
1020 1600 1058 1641 9,
1077 1602 1112 1632 4.
1151 1600 1356 1642 legatorum
1378 1600 1493 1632 verba
1515 1600 1642 1642 quanti
1659 1600 1712 1631 fe-

195 1647 286 1679 cerit
301 1648 325 1679 J
341 1647 402 1686 24,
421 1647 453 1678 7.
502 1656 539 1678 re
562 1657 626 1679 vos
652 1647 810 1688 conrigi,
838 1647 1007 1688 quoniam
1030 1646 1146 1678 verba
1170 1645 1402 1677 contemnitis
1421 1644 1448 1676 C
1466 1644 1527 1685 52,
1546 1642 1600 1676 35.
1642 1654 1714 1676 neu

193 1692 306 1725 verba
330 1692 471 1723 inimici
497 1694 582 1723 ante
599 1693 691 1723 facta
708 1702 774 1723 sua
791 1694 969 1733 ponerent
986 1691 1009 1722 J
1028 1690 1086 1731 15,
1107 1690 1136 1723 1.
1177 1689 1315 1732 fingere
1334 1700 1390 1721 me
1409 1689 1522 1722 verba
1538 1689 1562 1721 J
1580 1689 1639 1730 14,
1656 1688 1712 1721 20.

193 1740 367 1779 quantum
389 1737 511 1769 verbis
536 1747 617 1768 eam
641 1739 791 1778 potuere
815 1735 990 1768 extollere
1008 1735 1034 1767 C
1053 1734 1093 1776 8,
1111 1736 1145 1767 4.
1188 1745 1282 1777 quae
1306 1735 1456 1766 huiusce
1474 1735 1572 1767 modi
1588 1733 1713 1766 verbis

193 1782 364 1814 disseruit
380 1781 403 1813 J
420 1780 475 1822 30,
486 1782 518 1813 4.
553 1781 710 1824 cognitis
726 1781 943 1813 Bomilcaris
961 1781 1084 1813 verbis
1102 1779 1160 1822 (de
1177 1779 1336 1822 epistula)
1353 1779 1377 1812 J
1394 1779 1453 1819 71,
1473 1780 1505 1811 2.
1546 1779 1712 1811 liberali-

193 1827 261 1859 bus
285 1826 406 1859 verbis
432 1826 626 1868 permulcti
648 1829 732 1858 sunt
755 1827 790 1857 H
806 1827 856 1858 IV
871 1825 903 1858 6.
945 1826 1120 1858 mandata
1143 1825 1265 1858 verbis
1284 1825 1347 1856 dat
1365 1824 1392 1856 O
1409 1825 1471 1865 44,
1491 1823 1523 1856 6.
1564 1826 1713 1856 senatus

192 1872 315 1904 verbis
339 1872 507 1904 nuntient
530 1871 553 1903 J
576 1871 638 1912 21,
656 1872 679 1902 4
701 1874 786 1904 conl.
812 1871 874 1912 25,
896 1870 947 1902 11.
984 1870 1063 1912 102,
1082 1871 1114 1903 2.
1155 1870 1277 1903 verbis
1300 1880 1371 1912 pax
1394 1870 1651 1908 nuntiabatur,
1675 1877 1714 1900 re

194 1917 329 1948 bellum
348 1926 595 1959 asperrumum
614 1919 693 1948 erat
708 1917 732 1948 J
748 1915 802 1956 48,
824 1915 853 1947 1.
895 1918 1140 1948 retractantes
1156 1915 1279 1948 verbis
1298 1917 1334 1946 et
1350 1917 1475 1950 vatum
1493 1913 1714 1946 carminibus

193 1962 229 1993 H
244 1963 262 1993 Ι
278 1961 332 2002 48,
352 1961 383 1994 3.
422 1962 545 1995 verbis
564 1972 664 1993 arma
681 1961 934 2003 temptabitis‘?
951 1962 986 1992 H
1004 1962 1021 1993 I
1037 1959 1092 2000 48,
1114 1960 1163 1993 17.
1638 1958 1655 1968 ““

239 2015 367 2039 vereor.
405 2007 499 2039 haec
525 2018 592 2049 ego
614 2017 685 2038 non
707 2007 745 2038 in
770 2007 819 2038 M.
838 2006 977 2047 Tullio,
1003 2016 1120 2047 neque
1144 2005 1202 2037 his
1226 2005 1449 2047 temporibus
1472 2014 1506 2037 v.
1535 2004 1562 2036 C
1580 2004 1640 2045 51,
1655 2003 1711 2037 35.

195 2052 284 2083 illud
300 2062 439 2092 vereor,
459 2062 505 2084 ne
524 2062 612 2093 quos
629 2068 674 2073 --
690 2054 780 2094 agat
795 2051 819 2083 J
840 2050 889 2088 14,
905 2050 959 2083 20.
995 2053 1169 2093 quantum
1187 2050 1365 2090 audeatis,
1384 2060 1514 2082 vereor
1529 2060 1574 2081 ne
1592 2067 1636 2071 —
1653 2060 1713 2081 ca-

194 2097 347 2138 piamini
363 2097 398 2128 H
414 2097 431 2128 I
448 2096 509 2137 41,
528 2096 583 2128 20.
625 2097 777 2136 veritus,
803 2106 848 2128 ne
867 2096 1019 2128 licentia
1043 2096 1219 2129 invidiam
1238 2095 1460 2127 adcenderet
1475 2095 1499 2127 J
1518 2094 1570 2135 15,
1589 2094 1610 2126 5
1627 2096 1711 2127 conl.

166 2172 168 2174 .
195 2141 248 2181 35,
268 2140 301 2172 9.
328 2140 381 2181 50,
404 2141 420 2172 1
440 2140 499 2182 (ex
517 2142 604 2173 anni
620 2140 809 2182 ternpore).
835 2141 890 2179 52,
910 2140 941 2173 6.
967 2140 1022 2181 79,
1041 2141 1073 2172 4.

240 2195 356 2226 vergo.
387 2186 442 2217 Ad
460 2185 623 2217 Siciliam
639 2197 797 2228 vergens
814 2186 849 2217 H
865 2187 916 2219 IV
935 2185 986 2219 19.

239 2232 377 2262 veritas.
409 2231 531 2262 Fanni
547 2231 742 2262 veritatem
759 2231 794 2262 H
810 2230 828 2262 I
844 2230 875 2263 3.

240 2284 329 2307 vero.
361 2276 399 2307 in
417 2275 513 2307 bello
531 2293 572 2297 —
590 2276 627 2306 in
644 2285 736 2316 pace
761 2286 847 2307 vero
867 2275 894 2307 C
912 2275 950 2315 9,
970 2275 1002 2308 5.
1047 2275 1121 2307 alia
1146 2275 1312 2307 facinora
1337 2292 1379 2297 —-
1403 2274 1611 2306 incendium
1627 2284 1714 2306 vero

198 2319 224 2351 C
243 2320 297 2360 48,
317 2320 349 2351 2.
391 2320 507 2351 Pauci
527 2337 564 2342 ——
586 2319 748 2351 Catilina
765 2331 852 2351 vero
873 2320 899 2352 C
917 2319 1013 2359 61,4.
1048 2321 1184 2352 Postea
1200 2330 1286 2352 vero
1306 2330 1412 2362 quam
1431 2318 1458 2351 G
1476 2319 1508 2360 2,
1518 2319 1549 2352 2.
1574 2320 1598 2352 J
1614 2318 1712 2359 29‚3.

198 2365 311 2404 Quasi
328 2375 415 2397 vero
434 2364 461 2396 C
479 2364 534 2404 52,
556 2364 606 2396 15.
649 2365 752 2396 Nunc
770 2375 855 2397 vero
876 2382 912 2387 -—
935 2365 961 2396 C
980 2366 1040 2405 52,
1062 2365 1115 2397 10.
1140 2364 1200 2405 58,
1220 2365 1252 2397 5.
1278 2365 1302 2397 J
1322 2364 1378 2403 14,
1400 2364 1451 2396 17.
1492 2374 1609 2406 neque
1627 2374 1715 2396 vero

200 2427 237 2432 —
259 2410 285 2441 C
303 2410 344 2451 4,
365 2409 394 2442 1.
436 2411 549 2442 Immo
567 2420 653 2442 vero
673 2409 699 2441 C
719 2410 779 2449 52,
799 2408 853 2441 28.
896 2410 1103 2441 Plurumum
1126 2421 1212 2443 vero
1238 2428 1278 2432 —
1303 2410 1327 2442 J
1350 2408 1413 2451 99,
1435 2409 1464 2441 1.
1505 2409 1561 2441 Tu
1576 2411 1663 2442 vero
1679 2409 1715 2440 H

196 2456 246 2487 IV
263 2454 317 2494 61,
339 2454 380 2486 19
397 2457 482 2487 conl.
501 2455 525 2487 J
545 2454 619 2494 102,
639 2455 670 2486 7.
707 2454 766 2486 Sic
783 2464 869 2486 vero
887 2455 921 2485 H
939 2455 955 2485 I
973 2454 1027 2485 88.
1069 2455 1210 2486 urbana
1227 2455 1354 2497 plebes
1371 2464 1415 2487 ea
1431 2465 1519 2488 vero
1536 2463 1715 2497 praeceps

199 2503 279 2532 erat
297 2500 323 2531 C
342 2499 396 2540 37,
416 2500 436 2531 4
454 2502 539 2532 conl.
558 2499 585 2531 C
603 2498 658 2540 58,
681 2498 730 2531 16.
757 2499 780 2531 J
796 2498 851 2541 50,
867 2497 899 2531 6.
926 2498 982 2540 58,
1002 2498 1032 2531 3.
1064 2501 1142 2532 Vici.
1162 2503 1249 2531 tum.

242 2546 376 2584 Verres,
393 2545 429 2577 G.
447 2546 483 2576 H
499 2546 549 2576 IV
570 2544 619 2577 10.

242 2590 382 2621 Versius
399 2590 434 2621 H
449 2590 505 2622 III
521 2590 552 2621 4.

241 2644 368 2667 versus.
400 2645 505 2677 posse
522 2645 649 2667 versus
666 2635 790 2666 facere
809 2634 836 2666 C
853 2633 909 2674 25,
927 2633 959 2665 5.

243 2689 367 2711 verum.
399 2681 578 2722 inperium
597 2679 710 2711 facile
729 2679 905 2711 retinetur
918 2690 981 2710 -ε
999 2688 1123 2711 verum
1140 2678 1203 2710 ubi
1219 2696 1258 2700 —
1278 2677 1419 2710 desidia
1440 2694 1476 2699 —
1496 2677 1621 2709 lubido
1640 2680 1712 2720 atq.

200 2725 371 2767 superbia
390 2725 570 2765 invasere,
591 2725 738 2757 fortuna
754 2725 953 2756 inmutatur
971 2723 997 2755 O
1015 2724 1047 2759 2.
1065 2723 1085 2755 5
1103 2725 1189 2755 conl.
1210 2722 1261 2762 12,
1273 2723 1305 2754 4.
1332 2723 1386 2762 25,
1398 2722 1430 2754 5.
1456 2722 1573 2762 5l,l7.
1599 2723 1622 2754 J
1637 2722 1713 2763 3‚1.

203 2769 256 2809 14,
274 2768 305 2800 8.
332 2770 388 2810 24,
408 2770 427 2800 7
446 2770 593 2811 (Verum
611 2768 732 2810 nunc).
760 2768 815 2810 31,
834 2769 865 2801 5.
892 2768 946 2809 80,
965 2767 997 2801 6.
1023 2767 1080 2807 85,
1103 2767 1153 2800 19.
1172 2768 1226 2799 24.
1245 2768 1289 2799 42
1307 2766 1454 2808 (Verum
1471 2777 1543 2799 non
1563 2770 1618 2800 est
1635 2766 1713 2807 ita).

200 2815 236 2845 H
253 2815 306 2845 111
324 2813 383 2853 61,
403 2815 457 2846 24.
500 2814 675 2846 videlicet
700 2817 824 2846 cetera
847 2814 926 2846 vita
946 2831 982 2835 —
1004 2814 1137 2846 obstat.
1170 2813 1302 2844 Verum
1328 2812 1467 2854 parcite
1485 2830 1527 2834 ——-
1547 2812 1574 2844 C
1592 2812 1654 2852 52,
1672 2811 1715 2844 32

201 2861 285 2890 conl.
305 2859 339 2890 H
357 2860 374 2890 I
390 2859 444 2900 41,
469 2858 518 2891 16.
561 2860 694 2891 Verum
713 2870 780 2901 ego
797 2859 947 2891 liberius
967 2858 1111 2900 altiusq.
1130 2857 1292 2900 processi
1308 2857 1331 2889 J
1347 2857 1387 2896 4,
1405 2856 1437 2888 9.
1479 2867 1586 2899 super
1610 2859 1716 2899 terga

203 2921 244 2926 —
262 2906 385 2944 scuta,
403 2915 528 2936 verum
547 2915 592 2937 ea
608 2904 800 2937 Numidica
821 2904 898 2936 ——J
914 2903 974 2945 94,
998 2903 1026 2936 1.
1068 2913 1127 2935 res
1151 2905 1279 2945 gestae
1304 2919 1346 2924 —
1371 2902 1515 2944 amplae
1541 2921 1581 2924 —
1599 2902 1712 2942 fuere,
