1800 3250
228 251 253 291 2
655 261 955 290 msromAnvM
986 261 1070 287 ms.
1103 261 1131 288 1.
1193 254 1320 291 4—7.

340 366 365 402 4
406 363 568 415 [Kclcl.
597 360 735 412 G.15].
778 360 929 399 Recens
960 361 1075 411 scrip.

341 452 481 484 Charis.
508 462 541 492 p.
572 449 635 480 192
651 450 690 481 Ρ.
721 448 784 488 129
800 450 842 481 L.
868 448 935 481 216
958 449 1053 481 Keil.
1087 450 1275 482 Recens.
1316 435 1434 492 Asper
1457 460 1569 482 comm.
1593 450 1747 483 Sallustii

227 498 441 529 historiarum
466 499 577 536 primo
609 505 693 526 nune
724 494 916 526 adverbium
947 505 1032 527 nune
1056 505 1172 527 nomen
1197 496 1234 527 id
1256 505 1330 527 esse
1355 496 1455 532 dicit,-
1480 505 1609 527 recens
1633 496 1742 538 scrip.

223 545 338 584 potest
363 541 446 572 enim
470 549 544 571 esse
568 542 729 580 temporis
752 537 995 581 [adverbiumJ.

339 596 469 627 Recens
501 605 544 627 eo
575 595 656 627 loco
688 594 911 627 adiectivum
949 595 1062 626 fuisse
1101 599 1238 627 eertum
1275 596 1431 628 videtur.
1489 595 1747 635 Coniecturam

226 640 396 673 Putschii
421 642 458 671 et
482 639 636 672 aliorum
659 640 785 681 scripsi
808 642 906 671 recte
931 640 1064 671 reiecit
1088 640 1263 680 Kritzius‚
1290 641 1461 682 quoniam
1487 639 1682 672 Sallustius
1707 649 1746 671 se

227 688 412 717 recentem
437 694 495 716 res
520 684 713 726 scripsisse
739 694 784 716 ne
809 684 927 726 potuit
953 684 1096 726 quidem
1122 685 1256 717 dicere.
1299 685 1530 717 Probandum
1548 685 1661 726 igitur
1678 686 1744 723 est,

228 729 322 771 quod
346 730 425 771 ipse
451 729 611 761 coniecit
634 730 780 770 scripsit,
807 732 863 761 set
887 732 1006 760 utrum
1032 729 1075 760 (le
1102 730 1278 771 scriptore
1304 730 1439 762 ‹lit-tum
1458 729 1583 769 fuerit,
1610 729 1748 771 quires

227 778 352 816 gestas
366 774 571 816 paulo-post
588 774 850 816 conscripserit
867 772 1075 815 (Sisennam
1091 774 1165 806 dici
1182 774 1271 806 haut
1287 774 1568 817 inprobabiliter
1583 773 1748 806 Kritzius

227 819 436 861 suspicatus
463 818 544 860 est),
572 829 618 850 an
645 819 706 861 qui
730 818 839 860 paulo
865 821 951 850 ante
976 818 1189 850 Sallustium
1215 819 1362 851 easdem
1387 830 1445 851 res
1470 819 1672 861 scripserit,
1700 828 1747 850 an

228 864 272 895 de
297 864 375 896 viro
408 863 580 906 quodam,
615 863 677 905 qui
706 861 788 905 post
821 863 968 905 aliquod
994 865 1164 895 eventum
1197 864 1391 895 confestim
1421 864 1567 896 litteras
1592 863 1746 902 dederit,

226 909 353 951 utique
379 909 417 940 in
442 908 583 941 incerto
609 908 884 950 relinquendum
910 911 976 940 est.
1027 908 1186 940 Keilius:
1213 919 1375 941 recens
1401 909 1633 951 scriptum.

343 1015 366 1053 5
406 1013 485 1066 [Kr.
507 1022 544 1053 et
560 1016 599 1052 G.
622 1017 634 1052 1
660 1013 714 1066 6].
778 1014 913 1066 Neque
945 1026 1008 1053 me
1042 1014 1194 1053 divorsa
1229 1002 1320 1065 pars
1357 1014 1395 1053 in
1427 1013 1601 1053 civilibus
1631 1014 1750 1052 armis

228 1083 348 1121 movit
377 1095 398 1121 a
428 1094 534 1120 vero.

341 1160 511 1192 Arusian.
537 1170 571 1202 p.
597 1159 663 1191 248
687 1161 730 1191 L.
772 1160 887 1192 Motus
912 1160 953 1191 ab
978 1161 1033 1192 illo
1058 1163 1142 1192 Ioco.
1192 1159 1267 1192 Sal.
1293 1160 1390 1191 Hist.
1416 1159 1433 1191 1
1465 1169 1583 1201 neque
1614 1169 1671 1190 me
1697 1158 1749 1190 di-

229 1215 337 1239 versa
361 1215 446 1247 pars
472 1205 510 1236 in
535 1205 706 1236 civilibus
733 1205 843 1236 armis
867 1205 980 1237 movit
1005 1215 1027 1236 a
1052 1215 1149 1237 vero.

342 1260 592 1303 Apertissume
625 1259 823 1292 Sallustius
857 1270 895 1292 se
923 1271 986 1302 eo,
1021 1260 1115 1302 quod
1146 1249 1244 1292 bello
1274 1259 1375 1291 civili
1401 1259 1584 1291 diversam
1609 1262 1751 1301 partem

231 1308 379 1338 secutus
404 1306 462 1346 sit,
489 1308 614 1337 tamen
638 1315 710 1336 non
737 1305 931 1337 adductum
958 1315 1037 1337 esse
1063 1305 1164 1345 dicit,
1193 1308 1231 1336 ut
1257 1305 1300 1336 de
1319 1304 1569 1346 optumatibus
1586 1304 1751 1336 scribens

229 1351 310 1384 veri
326 1350 477 1383 'modum
503 1349 698 1382 excederet
724 1353 760 1381 et
784 1360 878 1392 quae
904 1350 1090 1382 laudanda
1108 1353 1243 1390 essent,
1271 1349 1484 1391 inprobaret
1509 1352 1573 1381 aut
1596 1352 1750 1381 taceret.

346 1458 370 1497 6
409 1455 487 1508 [Kr.
507 1458 569 1494 17.
592 1458 685 1495 Gerl.
704 1459 716 1494 l
738 1455 791 1508 8].
847 1456 944 1495 Nam
970 1469 989 1495 a
1011 1456 1227 1509 primordio
1251 1455 1358 1495 urbis
1390 1456 1437 1495 ad
1469 1455 1613 1495 bellum
1643 1455 1754 1494 Persi

231 1523 538 1562 Macedonicum.
898 1523 911 1530 '

345 1601 526 1634 Priscian.
553 1601 658 1633 XVII
682 1612 716 1643 p.
754 1600 837 1633 1101
871 1603 911 1634 P.
943 1601 1015 1634 vol.
1049 1602 1085 1633 II
1115 1612 1148 1644 p.
1186 1601 1249 1633 188
1272 1602 1318 1634 Η.
1366 1602 1462 1634 Idem
1492 1601 1706 1633 historiarum
1735 1599 1753 1632 Ι

233 1657 317 1679 nam
343 1657 365 1678 a
389 1646 584 1688 primordio
608 1646 715 1684 urbis*
736 1646 782 1678 ad
806 1646 942 1678 bellum
967 1647 1072 1678 Persi
1096 1647 1375 1679 Macedonicum
1396 1657 1464 1688 pro
1490 1646 1619 1678 Persis.
1667 1644 1754 1677 XIV

233 1703 268 1734 p.
293 1690 360 1724 980
384 1693 424 1723 Ρ.
450 1702 483 1733 p.
510 1690 553 1723 30
577 1691 624 1722 Η.
651 1690 741 1732 (ad)
772 1693 918 1733 tempori
949 1691 1206 1733 (adiungitur),
1245 1695 1279 1722 nt
1312 1690 1509 1723 Sallustius
1542 1691 1580 1722 in
1613 1690 1638 1721 1<
1661 1690 1752 1723 hist.

235 1736 282 1768 ad
305 1736 440 1768 bellum
465 1736 570 1768 Persi
594 1736 886 1768 Macedonicum.
912 1755 956 1759 —
981 1738 1081 1768 Serv.
1101 1736 1148 1767 ad
1164 1736 1273 1777 Verg.
1299 1735 1390 1767 Aen.
1417 1736 1434 1767 I
1459 1734 1503 1768 30
1519 1735 1703 1767 Aelzilli—
1718 1738 1755 1766 ut

234 1781 412 1813 Sallustius
445 1791 467 1812 a
498 1781 678 1822 principio
709 1781 809 1812 urbis
835 1781 880 1822 ad
911 1780 1046 1812 bellum
1077 1781 1188 1813 Persi·
1212 1780 1502 1812 Macedonicum.
1555 1779 1757 1811 Dect-abitur

234 1830 342 1858 (cutem
365 1836 382 1857 s
405 1827 528 1857 tertiae
551 1826 785 1858 declinationis·
808 1826 972 1867 yenitivis.
1022 1825 1076 1857 Id.
1101 1825 1147 1857 ad
1170 1825 1260 1857 VIII
1284 1823 1350 1857 383
1373 1826 1464 1857 Hinc
1488 1828 1539 1856 est
1557 1826 1631 1865 filia
1655 1824 1753 1863 Neri,

233 1872 362 1903 immitis
379 1871 513 1902 Achilli.
554 1870 641 1902 Item
657 1873 690 1902 in
708 1871 867 1903 Sallustio
886 1870 933 1902 ad.
948 1870 1084 1903 bellum
1101 1870 1207 1902 Persi
1221 1869 1513 1902 Macedonicum.
1553 1867 1612 1900 Sic
1625 1868 1754 1909 Asper.

235 1934 279 1937 —
313 1915 455 1959 Charis.
488 1926 522 1957 p.
549 1914 591 1947 37
616 1916 659 1947 L.
692 1926 725 1958 p.
752 1908 797 1947 68
821 1916 865 1947 Κ.
899 1916 1119 1947 Inveniuntur
1142 1919 1251 1946 autem
1281 1915 1375 1955 apud
1404 1915 1536 1946 veteres
1567 1923 1652 1955 quae
1681 1913 1753 1944 sine
1794 1928 1798 1932 ·

234 1962 368 1992 ratione
389 1961 574 2002 genetivum
594 1960 726 2000 faciunt
744 1971 813 2002 per
836 1964 856 1997 i,
882 1964 918 1991 ut
941 1961 1034 2001 apud
1055 1959 1247 1991 Sallus-tium
1270 1960 1303 1990 in
1326 1958 1437 1999 prima
1459 1958 1603 1990 historia
1618 1957 1754 1989 bellum

235 2005 339 2037 Persi
365 2005 654 2037 Macedonicum.
686 2022 732 2028 —
761 2005 868 2036 Prob.
896 2005 979 2036 inst.
1006 2015 1040 2046 p.
1070 2002 1133 2034 126
1156 2004 1199 2034 L.
1231 2006 1265 2034 et
1295 2004 1434 2045 antiqua
1465 2006 1515 2034 est
1539 2005 1629 2034 ratio
1654 2004 1755 2034 (leeli-

235 2051 380 2081 nationis
397 2050 508 2081 dativo
525 2050 574 2080 uti
594 2060 658 2091 pro
674 2050 839 2090 yenitivo:
865 2049 1019 2089 Infelicis
1038 2048 1133 2080 Illiaez·
1144 2058 1210 2089 pro
1232 2048 1353 2083 [Nimim
1374 2047 1501 2079 Achilli
1512 2058 1580 2089 pro
1598 2047 1752 2087 Achillis,

234 2094 290 2125 Ad
314 2093 449 2125 bellum
473 2095 577 2125 Persi
601 2092 880 2125 Macedonicum
903 2103 968 2134 pro
995 2093 1122 2124 Persis.
1150 2110 1192 2114 -—
1215 2093 1264 2123 M.
1292 2092 1420 2124 Claud.
1435 2091 1596 2124 Sacerd.
1623 2092 1666 2124 de
1686 2094 1754 2123 art.

236 2149 288 2180 gr.
310 2149 350 2181 p.
375 2137 420 2169 56
444 2137 499 2169 cd.
524 2137 630 2169 Endl.
1661 2166 1671 2191 l

348 2193 573 2224 Pertinuisse
592 2192 684 2224 haee
702 2193 815 2225 verba
833 2193 879 2225 ad
904 2196 1040 2225 statum
1066 2193 1231 2225 civitatis
1255 2194 1443 2225 Romanae
1469 2196 1569 2224 reete
1587 2193 1650 2224 Kr.
1675 2202 1753 2234 per-

236 2238 367 2280 spexit.
409 2238 547 2277 Quanti
566 2238 737 2269 momenti
754 2237 888 2270 bellum
907 2249 987 2270 cum
1000 2238 1111 2270 Perse
1130 2241 1273 2280 gestum
1292 2238 1337 2270 ad
1355 2248 1412 2270 res
1427 2238 1610 2270 Romanas
1629 2237 1752 2278 fuerit,

235 2282 396 2314 ostendit
419 2282 486 2314 Th.
511 2283 674 2314 Momms.
700 2282 745 2314 H.
773 2283 815 2315 R.

1342 2367 1350 2381 .

350 2396 373 2433 7
415 2393 494 2447 [Kr.
514 2402 550 2433 et
567 2396 638 2432 G.1
663 2393 717 2446 8].
771 2394 891 2433 Nobis
919 2395 1068 2446 primae
1098 2395 1357 2434 dissensiones
1385 2395 1476 2434 viiio
1507 2394 1666 2434 humani
1697 2395 1754 2434 in·
1774 2426 1782 2430 -

238 2463 326 2513 geni
351 2473 535 2506 evenere,
569 2461 673 2512 quod
703 2462 853 2513 inquies
880 2466 995 2513 atque
1031 2462 1260 2501 indomitum
1295 2474 1451 2513 semper
1479 2463 1517 2501 in
1543 2462 1756 2501 certamine

236 2528 424 2568 libertatis
453 2532 520 2567 aut
547 2528 694 2578 gloriae
725 2533 791 2567 aut
815 2529 1087 2568 dominationis
1121 2531 1209 2580 agit.

348 2606 462 2638 Prisc.
488 2606 577 2648 Vp.
599 2605 661 2638 158
687 2606 742 2638 ed.
768 2607 894 2640 Hertz.
920 2609 1048 2639 neutris
1073 2618 1201 2653 quoque
1225 2609 1402 2640 coniuncta
1425 2607 1508 2639 haec
1533 2605 1571 2647 (i.
1591 2616 1621 2638 e.
1639 2608 1672 2637 in
1689 2601 1754 2637 (ἐφ’

237 2650 433 2693 communia)
450 2654 667 2689 inveniuntur,
693 2655 728 2682 ut
751 2669 793 2673 -—
820 2652 1016 2684 Sallustius
1034 2653 1071 2683 in
1088 2653 1106 2684 1
1122 2652 1374 2684 historiarum:
1394 2651 1498 2683 nobis
1523 2649 1650 2693 [nuper
1667 2649 1754 2692 (sup.

238 2697 297 2728 vel
321 2696 441 2738 nobis)
460 2695 530 2728 Dd.
555 2706 669 2738 nuper
685 2694 727 2738 A]
755 2697 893 2738 primae
912 2697 1150 2729 dissensionis
1177 2695 1248 2739 [Sic
1267 2698 1386 2728 Hertz.
1413 2695 1660 2728 dissensiones
1675 2695 1755 2727 RH.

239 2741 475 2773 discessionis
501 2751 528 2772 r.
563 2741 782 2773 disensionis
806 2741 849 2772 L.
884 2741 1121 2774 desensiones
1146 2740 1204 2783 K.]
1237 2742 1328 2774 vitio
1345 2741 1495 2772 humani
1513 2740 1654 2782 ingenii
1672 2741 1754 2772 ewic-

238 2796 324 2817 nere
353 2784 393 2828 [r.
428 2787 576 2818 evenire
594 2786 671 2818 RK.
697 2786 856 2818 retinere
881 2784 937 2828 A],
967 2786 1061 2828 quod
1085 2787 1228 2828 inquies
1254 2788 1363 2827 atque
1383 2785 1596 2817 indomitum
1613 2795 1757 2826 semper

239 2830 276 2860 in
303 2831 501 2862 certamine
526 2830 710 2862 libertatis
744 2833 808 2862 aut
838 2830 978 2872 gloriae
1004 2834 1067 2863 aut
1092 2831 1352 2862 dominationis
1377 2830 1468 2871 agit.
1501 2846 1545 2852 —
1577 2829 1676 2860 Serv.
1710 2828 1756 2860 ad

238 2874 347 2916 Verg.
373 2875 463 2907 Aen.
490 2875 540 2919 ly
564 2875 648 2907 245:
689 2876 746 2907 An
777 2876 866 2917 ayit
897 2878 930 2907 in
963 2879 1042 2908 actu
1067 2878 1141 2908 est?
1188 2875 1401 2907 Sallustius:
1435 2875 1532 2905 inter
1555 2874 1757 2906 certamina

238 2918 446 2950 donationis
472 2922 535 2951 aut
559 2920 742 2952 libertatis
767 2921 857 2963 agit.
