1846 3282
790 212 929 257 mnssx'
1219 273 1226 278 Ω
1535 211 1618 254 347

99 328 147 362 ab
165 332 297 362 senatu
314 332 419 372 petat
434 330 458 363 J
475 329 538 371 35,
558 330 589 362 2.
632 330 718 372 quia
742 331 902 372 patrium
925 340 954 362 r.
979 330 1167 372 petiverat
1189 329 1225 360 H
1247 328 1297 360 1V
1318 327 1374 367 61,
1390 326 1425 360 8.
1467 337 1618 370 regnum

99 375 179 407 eius
197 375 348 407 sceleris
366 376 422 408 sui
439 376 614 418 praedam
633 376 723 407 fecit
738 376 762 407 J
783 374 841 415 14,
864 375 914 407 11.
956 385 1074 417 neque
1098 374 1204 406 simu]
1231 374 1435 406 amicitiam
1457 375 1619 406 vostram

99 423 136 452 et
152 430 180 452 r.
199 430 316 451 meum
334 430 484 462 sperare
500 421 524 453 J
540 421 595 459 24,
613 420 646 451 5.
686 423 844 452 vostrum
863 431 889 452 r.
908 421 1018 452 armis
1036 423 1137 452 tenet
1149 419 1173 451 J
1195 419 1252 458 24,
1271 419 1302 451 7.
1340 429 1379 451 se
1398 428 1548 461 regnum
1563 422 1618 450 tu·

99 467 238 497 tantem
258 475 359 497 arma
373 466 516 508 cepisse
532 466 556 498 J
576 465 649 504 102,
665 465 716 497 12.
740 476 831 497 sese
850 475 1036 508 regnumq.
1056 475 1158 497 suum
1175 465 1212 496 in
1230 464 1330 496 illius
1347 463 1454 495 fidem
1471 463 1619 496 tradere

97 511 120 542 J
137 508 198 550 62,
218 509 250 542 3.
292 521 443 552 regnum
467 511 571 543 vobis
588 510 693 542 trado
717 509 857 542 firmum
874 528 918 533 —
935 510 1150 542 inbecillum
1166 510 1188 541 J
1211 508 1270 548 10,
1287 508 1321 541 6.
1358 512 1396 541 te
1413 509 1451 540 in
1468 519 1619 551 regnum

100 565 218 587 meum
237 556 366 598 accepi
382 556 405 588 J
429 555 530 594 10,1.
569 555 607 587 in
625 566 652 586 r.
673 555 884 597 adoptatum
903 566 984 588 esse
999 555 1023 587 J
1039 555 1095 594 22,
1113 555 1145 586 2.
1187 565 1268 586 eum
1286 554 1518 586 multitudine
1535 554 1574 586 in
1591 564 1619 586 r.

99 610 202 632 suum
221 567 401 632 convolrtit
418 601 441 632 J
458 581 564 639 ·2'0‚4.
607 601 645 632 111
662 611 815 642 regnum
833 601 924 632 Adh.
944 600 1102 632 animum
1120 599 1279 632 intendit
1293 599 1318 631 J
1334 598 1441 640 20,1.
1474 600 1620 641 regredi

99 645 137 676 in
154 646 312 687 patrium
329 656 356 677 r.
368 645 402 676 H
420 646 470 677 IV
487 644 610 686 61,14.
642 646 681 677 111
697 656 724 677 r.
734 645 983 688 Hiempsalem
1001 646 1231 677 restituentis
1248 645 1312 676 HI
1330 643 1384 677 39.
1417 645 1455 676 in
1468 654 1619 687 regnum

98 691 245 722 venisse
269 691 293 722 J
312 689 372 730 11,
389 689 422 722 6.
462 701 529 732 per
551 701 578 722 r.
597 691 860 723 Ariobarzanis
883 690 1074 723 contendit
1097 691 1133 721 H
1155 691 1204 722 IV
1227 689 1282 721 51.
1323 686 1441 722 diviso
1464 700 1578 731 regno
1597 691 1620 722 J

99 734 205 773 20,1.
247 735 421 777 Tigranis
445 746 557 778 regno
583 736 725 778 integro
749 736 783 767 H
807 737 857 767 IV
873 735 1010 776 61,16.
1051 745 1164 777 regno
1182 753 1222 757 —
1242 745 1299 767 me
1318 734 1496 777 expulitJ
1516 735 1568 775 14,
1585 735 1618 767 2.

99 780 155 818 24,
173 778 205 811 6.
246 781 282 812 in
300 783 406 812 tanta
423 781 521 812 mala
540 781 806 823 praecipitatus
825 791 869 812 ex
886 792 921 823 p
913 782 1006 813 atrio
1025 791 1137 822 regno
1153 780 1177 812 J
1197 779 1254 819 14,
1274 779 1329 811 23.
1372 785 1478 821 qu‘am
1487 791 1586 832 'grat
1590 780 1621 812 is

99 835 206 856 casus
229 826 267 856 in
290 826 477 858 servitium
504 837 548 858 ex
573 836 686 867 regno
710 826 806 858 foret
821 826 844 858 J
861 825 922 865 62,
942 824 973 858 9.
1016 828 1056 857 ut
1067 807 1198 858 ι5111111113
1221 825 1335 856 tutius
1353 835 1461 877 (1113111
1484 826 1523 857 in
1540 836 1620 858 meo

100 880 218 922 regno·
230 881 348 902 essem
364 871 387 902 J
408 870 460 911 14,
474 871 526 902 11.
562 871 620 902 eui
616 852 812 903 ‘licuerit'
803 882 841 902 111
858 881 971 913 regno
990 881 1137 902 maneie
1154 870 1240 910 J14,
1251 869 1305 901 20.
1339 880 1421 902 3030
1439 870 1476 901 in
1494 881 1618 912 regno,

99 914 185 950 illos
208 916 246 946 in
269 915 443 948 libertate
467 916 545 947 sine
571 920 670 947 metu
695 919 857 948 aetatem
883 920 1028 948 acturos
1044 916 1068 947 J
1084 914 1139 953 56,
1158 916 1190 946 4.
1232 925 1348 957 regna
1364 915 1581 957 provinciae
1597 916 1622 948 J

99 959 154 1000 31,
175 959 231 992 20.
254 960 290 992 H
307 961 341 992 II
354 961 408 998 41,
432 960 483 992 14.
510 961 565 993 ΙΙΙ
583 960 638 999 61,
657 960 689 993 6.
731 961 811 1002 quis
829 961 950 993 omnia
966 971 1084 1003 regna
1100 961 1257 993 advorsa
1274 961 1349 991 sint
1364 960 1388 992 J
1404 959 1460 1000 81,
1482 959 1512 992 1.
1547 972 1621 993 mo·

99 1016 174 1037 rem
192 1015 294 1037 suum
312 1006 434 1038 omnia
453 1016 568 1049 regna
586 1006 823 1038 subvortundi
842 1007 876 1037 H
894 1007 943 1037 IV
959 1004 1020 1045 61,
1043 1006 1095 1038 15.
1136 1005 1257 1037 omnia
1277 1016 1349 1037 non
1366 1006 1474 1038 senia
1492 1009 1529 1038 et
1545 1017 1620 1038 ma—

98 1061 204 1082 xume
229 1061 344 1092 regna
367 1051 517 1083 hostilia
542 1051 678 1083 ducunt
695 1051 729 1082 H
746 1052 795 1083 IV
813 1050 872 1092 61,
898 1050 948 1083 17.
991 1051 1191 1083 diiunctum
1214 1050 1337 1092 undiq.
1362 1051 1487 1093 regnis
1511 1054 1548 1084 et
1566 1055 1620 1084 te-

99 1095 274 1127 trarchiis
291 1096 325 1127 H
342 1096 392 1127 IV
409 1096 465 1134 61,·
487 1095 538 1129 10.

143 1149 237 1181 rego.
269 1151 417 1183 gregem
442 1152 553 1183 prope
578 1141 705 1174 littora
730 1141 886 1184 regebat
909 1142 945 1172 H
969 1142 1004 1173 II
1029 1140 1061 1173 8.
1101 1141 1284 1183 virregere
1301 1141 1459 1183 patriam
1477 1144 1542 1173 aut
1558 1153 1626 1184 pa-

99 1185 214 1218 rentis
231 1186 253 1218 J
265 1185 339 1225 3,2.
373 1196 490 1228 neque
511 1187 670 1218 moribus
687 1197 804 1228 neque
823 1186 906 1229 lege
926 1189 990 1218 aut
1006 1187 1147 1228 inperio
1166 1187 1380 1227 cuiusquam
1398 1187 1622 1228 regebantur

98 1230 122 1262 J
143 1229 200 1270 18,
219 1231 251 1262 2.
294 1231 532 1271 humanarum
555 1241 673 1263 rerum
698 1232 862 1263 Fortuna
885 1231 1025 1273 pleraq.
1051 1231 1148 1273 regit
1169 1231 1194 1262 J
1220 1230 1301 1271 102,
1327 1230 1360 1262 9.
1402 1232 1477 1263 fors
1501 1233 1623 1265 omnia

98 1285 228 1318 regere
244 1277 267 1307 J
285 1275 510 1318 51,1.(1110(1
529 1275 688 1317 (natura)
708 1277 799 1309 forte
818 1277 941 1319 potius
958 1286 1066 1318 quam
1082 1277 1218 1308 virtute
1237 1279 1388 1318 regatur
1402 1276 1427 1308 J
1446 1277 1474 1318 l,
1498 1276 1526 1310 1.
1559 1288 1622 1310 ne-

99 1330 168 1362 que
187 1325 402 1363 regerentur
418 1322 536 1364 magis
555 1332 662 1364 quam
680 1325 852 1364 regerent
870 1331 978 1353 casus
993 1322 1016 1353 J
1038 1321 1066 1361 1,
1084 1321 1117 1353 5.

144 1367 330 1407 regredior.
369 1367 494 1398 eadem
516 1367 723 1409 regreditur
744 1366 769 1398 J
789 1366 854 1406 93,
873 1366 903 1398 5.
945 1366 1072 1398 statim
1094 1366 1132 1397 in
1157 1366 1263 1398 collis
1289 1366 1370 1398 ——di
1391 1366 1416 1398 J
1433 1366 1493 1402 55
1510 1366 1543 1398 8.
1584 1368 1623 1399 111

100 1410 311 1444 ulteriorem
335 1412 555 1454 Hispaniam
579 1421 767 1454 regressus
792 1412 827 1443 H
849 1412 885 1443 II
908 1410 1022 1450 23,1.
1067 1411 1147 1442 -di
1166 1414 1319 1443 conatus
1336 1411 1373 1443 in
1390 1412 1549 1454 patrium
1566 1423 1621 1444 re-

101 1466 210 1498 gnum
224 1457 259 1488 H
273 1457 324 1488 IV
335 1455 389 1497 61,
405 1456 455 1489 14.
485 1457 632 1489 —ssi—
640 1456 759 1488 locum
779 1456 1008 1499 quaerebant
1023 1457 1058 1488 H
1070 1455 1146 1488 i56.
1180 1467 1201 1488 a
1219 1466 1287 1500 quo
1305 1457 1452 1500 incepto
1466 1457 1622 1501 studioq.

100 1511 157 1533 me
175 1501 327 1533 ambitio
345 1501 565 1541 detinuerat,
584 1502 711 1534 eodem
728 1511 918 1543 regressus
939 1501 966 1534 C
983 1502 1016 1542 4,
1035 1501 1067 1534 2.

145 1547 324 1587 regulusJ
344 1546 394 1587 11,
414 1547 445 1579 4.
474 1547 527 1588 12,
547 1527 577 1578 1’.
594 1548 627 1579 2.

106 1591 112 1597 '
145 1592 274 1633 relego.
306 1592 463 1634 relegati
481 1594 519 1623 in
536 1592 650 1624 silvas
669 1595 706 1624 et
722 1592 876 1635 paludes
893 1593 927 1623 H
945 1593 962 1623 I
979 1591 1034 1633 41,
1053 1591 1108 1624 23.

146 1637 304 1668 relicuus.
335 1636 558 1668 Lentulum
549 1647 627 1679 ipse
645 1637 829 1679 perducit,
850 1637 1007 1669 relicuos
1028 1655 1065 1659 —
1084 1637 1210 1670 venire
1227 1638 1330 1670 iubet
1347 1637 1374 1669 C
1393 1637 1456 1679 46,
1474 1639 1508 1671 5.
1547 1639 1623 1682 ple-

102 1682 204 1723 rique
224 1700 264 1704 —
283 1681 440 1714 relicuos
459 1681 486 1713 G
505 1682 559 1720 57
582 1682 611 1714 1.
653 1685 735 1714 octo
753 1682 913 1714 cohortis
930 1700 970 1704 ——
990 1682 1210 1714 relicuarum
1228 1683 1336 1725 signa
1354 1683 1381 1715 O
1399 1683 1454 1723 59,
1463 1684 1494 1715 2.
1531 1685 1624 1716 Eum

102 1744 143 1748 —-
163 1726 321 1759 relicuos
339 1726 400 1768 leg
403 1730 482 1758 atos
498 1727 522 1759 J
535 1725 600 1767 16,
620 1727 653 1758 4.
694 1737 815 1769 pauca
838 1727 980 1758 locutos
1003 1745 1048 1750 —
1070 1727 1211 1759 relicua
1231 1746 1268 1751 —-
1289 1731 1433 1760 secreta
1447 1708 1625 1772 transigit

101 1771 126 1803 J
142 1771 196 1810 29,
216 1771 247 1803 5.
291 1738 420 1803 Scauri
437 1774 473 1803 et
490 1771 720 1811 relicuorum,
741 1782 829 1814 quos
846 1789 901 1812 —-,
921 1772 1057 1804 delicta
1072 1772 1096 1804 J
1112 1772 1225 1812 32,1.
1266 1783 1312 1804 110
1338 1773 1496 1806 relicuos
1513 1785 1625 1817 popu-

102 1816 189 1848 laris
214 1819 330 1848 metus
354 1834 397 1838 —
422 1816 631 1856 invaderet,
657 1817 688 1849 si
706 1797 751 1848 de
768 1817 831 1849 illo
851 1835 891 1839 --
907 1817 931 1848 J
948 1816 1010 1857 35,
1028 1815 1060 1848 0.
1104 1817 1291 1859 elephanti
1316 1821 1487 1859 quattuor
1511 1820 1624 1862 eapti,

102 1861 233 1893 relicui
246 1871 371 1894 omnes
389 1879 431 1884 -—
448 1841 637 1894 interfecti
660 1861 683 1893 J
701 1861 763 1899 53,
780 1863 813 1893 4.
855 1862 1037 1894 exercitus
1060 1865 1203 1904 partem
1227 1880 1268 1885 —
1294 1862 1452 1895 relicuos
1467 1865 1492 1896 J
1508 1864 1570 1905 55,
1589 1865 1623 1897 4.

103 1907 164 1948 qui
188 1907 227 1938 in
250 1917 421 1949 proxumo
439 1906 554 1939 locat-i
571 1907 720 1939 fuerant
745 1910 945 1946 terrentur,
971 1907 1102 1939 relicui
1128 1907 1200 1939 cito
1223 1907 1444 1940 subveniunt
1465 1909 1490 1941 J
1511 1908 1574 1949 59,
1592 1910 1624 1942 2.

102 1962 222 1993 neque
240 1952 343 1984 elisis
362 1952 511 1992 anxius,
541 1953 626 1994 quia
642 1952 783 1984 relicua
807 1952 999 1992 gloriosius
1023 1952 1211 1984 retinebat
1234 1953 1268 1984 H
1286 1954 1303 1985 1
1320 1953 1375 1985 55.
1417 1957 1522 1996 parte
1541 1965 1624 1987 con-

101 2000 246 2039 sumpta
263 1997 403 2029 relicua
421 1997 640 2029 cadaverum
659 1996 791 2029 saliere
809 1997 843 2028 H
861 1997 914 2028 111
930 1997 962 2029 6.
1007 2007 1088 2028 eum
1113 1997 1158 2029 ab
1182 1997 1401 2031 relicuorum
1426 1999 1534 2031 malis
1551 2011 1624 2032 mo-

100 2042 202 2074 ribus
226 2042 457 2074 dissentirem
481 2042 509 2074 C
534 2041 573 2082 3,
593 2042 624 2074 5.
668 2052 738 2084 (1110
763 2041 912 2073 facilius
936 2042 1093 2074 relicuos
1117 2042 1214 2082 illius
1238 2044 1405 2084 potentia
1428 2046 1572 2086 tegeret
1596 2044 1623 2077 O

101 2086 156 2124 48,
175 2087 209 2118 7.
250 2087 312 2129 qui
335 2087 467 2119 relicui
493 2090 598 2119 erant
621 2088 655 2119 H
678 2088 733 2119 ΙΙΙ
756 2086 817 2126 67,
836 2087 869 2118 2.
910 2086 1040 2119 relicui
1057 2097 1122 2119 vos
1145 2087 1234 2119 estis
1258 2088 1294 2119 H
1310 2089 1344 2120 ΙΙ
1361 2087 1424 2128 96,
1446 2089 1498 2121 10.
1541 2100 1624 2132 spes
1648 2117 1651 2119 ,

101 2131 263 2164 relicuae
289 2132 482 2174 dignitatis
506 2132 779 2165 conservandae
806 2131 832 2163 C
857 2131 917 2170 35,
937 2132 970 2164 4.
1011 2132 1071 2163 vix
1096 2133 1249 2164 decuma
1273 2137 1376 2175 parte
1394 2134 1469 2166 diei
1487 2134 1625 2167 relicua

101 2177 124 2208 J
141 2175 238 2215 97,3.
271 2187 317 2209 ne
336 2177 488 2209 servilia
506 2177 650 2219 quidem
669 2177 847 2209 alimenta
864 2176 1005 2209 relicua
1021 2177 1134 2209 habet
1151 2177 1186 2208 H
1202 2178 1219 2209 I
1232 2177 1351 2218 41,·11.
1386 2179 1478 2211 nihil
1494 2179 1625 2212 relicui

101 2221 210 2253 vietis
228 2222 351 2254 fecere
370 2222 397 2254 C
420 2221 470 2260 11,
491 2222 522 2253 7.
549 2221 603 2261 28,
622 2223 655 2253 4.
680 2222 734 2262 52,
753 2222 776 2253 4
793 2222 931 2264 (pass.)
956 2225 1042 2256 conl.
1059 2222 1104 2254 ab
1122 2223 1247 2264 utrisq.
1266 2223 1357 2254 nihil
1375 2224 1528 2256 relicum
1545 2225 1624 2257 fieri

100 2267 125 2298 J
141 2265 204 2305 76,
222 2267 255 2298 4.
298 2267 384 2309 quid
407 2267 537 2299 relicui
559 2267 736 2299 habemus
758 2270 906 2309 praeter
929 2267 1099 2299 miseram
1124 2268 1283 2299 animam
1308 2268 1335 2300 C
1360 2268 1421 2310 20,
1444 2269 1496 2302 13.
1540 2270 1625 2312 quid

102 2314 158 2343 est
174 2312 326 2344 relicum
343 2312 415 2343 nisi
433 2312 487 2344 vis
504 2315 629 2344 vostra
645 2312 670 2344 J
687 2312 741 2352 24,
752 2312 784 2344 8.
815 2312 901 2354 quid
919 2312 988 2344 erit
1004 2312 1156 2344 relicum
1174 2314 1246 2345 nisi
1263 2317 1303 2345 ut
1318 2314 1342 2346 J
1358 2313 1412 2354 31,
1428 2314 1484 2347 26.
1520 2318 1624 2347 estne

100 2357 189 2388 viris
207 2357 337 2389 relicui
356 2356 465 2394 aliud,
486 2367 593 2398 quam
614 2374 651 2379 —
672 2357 814 2390 solvere
831 2357 867 2389 H
881 2357 900 2389 Ι
914 2356 970 2397 41,
993 2357 1044 2389 15.
1078 2367 1175 2390 nunc
1192 2358 1331 2390 hortari
1348 2359 1454 2391 modo
1471 2360 1624 2392 relicum

101 2405 157 2432 est
173 2402 209 2433 H
224 2402 280 2433 ΙΙΙ
297 2400 352 2440 61,
363 2401 396 2432 2.
429 2401 537 2443 plus
527 2413 565 2433 111
583 2402 734 2434 relicum
751 2402 824 2434 sibi
841 2402 979 2434 timoris
998 2412 1104 2445 quam
1122 2403 1310 2445 potentiae
1329 2403 1470 2436 addidit
1486 2405 1510 2436 J
1526 2405 1579 2444 42,
1590 2406 1623 2436 4.

101 2445 190 2477 mihi
215 2446 393 2478 relieuam
417 2449 578 2478 aetatem
604 2458 625 2479 a
649 2458 688 2479 re
706 2459 739 2489 p.
758 2447 883 2489 procul
899 2447 1109 2479 habendam
1128 2448 1154 2479 C
1173 2448 1206 2488 4,
1230 2447 1258 2480 1.
1300 2448 1458 2481 relicuos
1476 2449 1624 2482 labores

100 2500 165 2533 pro
183 2492 322 2543 praeda
340 2491 418 2523 fore
438 2491 463 2524 J
477 2491 568 2531 54,1
587 2494 673 2524 conl.
691 2491 746 2532 68,
762 2492 794 2524 3.

146 2537 263 2568 relido.
295 2537 334 2568 in
352 2546 459 2578 quam
478 2538 663 2590 asperitas
679 2540 717 2569 et
734 2538 888 2570 altitudo
907 2537 1057 2570 Siciliae
1078 2540 1219 2569 aestum
1236 2537 1360 2569 relidit
1377 2539 1411 2569 H
1428 2539 1478 2570 IV
1494 2538 1549 2571 20.

144 2581 280 2622 religio.
320 2581 515 2613 Cretenses
540 2583 726 2615 invenisse
750 2583 966 2624 religionem
987 2583 1019 2613 H
1035 2583 1087 2613 III
1105 2581 1148 2613 60
1171 2592 1262 2623 susp.
1294 2582 1474 2625 religione
1498 2583 1624 2626 pluvia

102 2626 220 2667 magis
238 2627 295 2658 usi
310 2626 334 2659 J
351 2626 406 2666 75,
424 2625 456 2658 0.
498 2627 674 2669 religione
691 2627 987 2660 Voleanaliorum
1009 2644 1045 2648 —
1067 2627 1101 2657 H
1118 2627 1169 2658 1V
1186 2626 1241 2659 68.

143 2671 336 2711 religiosus.
366 2671 646 2714 religiosissumi
663 2673 838 2705 mortales
857 2672 884 2704 C
906 2672 955 2712 12,
976 2671 1008 2704 3.
1066 2675 1070 2680 ”

143 2716 306 2756 relinquo.
337 2717 444 2758 signa
437 2698 670 2759 ”relinquere
689 2717 716 2749 C
734 2717 953 2757 9,4.11300
971 2716 1075 2757 sequi
1093 2716 1328 2748 decrevistis:
1353 2717 1385 2748 si
1401 2717 1495 2749 haee
1513 2718 1623 2750 relin-

102 2770 213 2801 quere
230 2761 342 2793 voltis
360 2760 387 2793 C
407 2760 535 2802 58,15.
577 2772 616 2794 se
635 2773 715 2794 eum
733 2763 863 2804 paucis
880 2761 1050 2793 relietum
1067 2761 1169 2792 videt
1187 2760 1214 2792 C
1232 2760 1295 2801 60,
1316 2761 1348 2793 7.
1391 2772 1542 2803 regnum
1560 2767 1624 2795 aut

100 2804 378 2846 relinquendum
395 2809 458 2837 aut
479 2807 589 2838 armis
605 2807 837 2838 retinendum
853 2807 876 2838 J
893 2805 1000 2845 21,1.
1041 2805 1182 2837 relictis
1200 2806 1372 2847 operibus
1388 2807 1412 2838 J
1429 2807 1482 2847 73,
1500 2807 1533 2840 6.
1566 2819 1623 2840 re-

104 2849 194 2881 licto
212 2849 363 2882 Suthule
378 2851 402 2882 J
419 2850 474 2892 38,
489 2851 510 2882 2
527 2854 612 2883 conl.
631 2852 665 2882 H
683 2852 720 2882 II
737 2851 770 2882 5.
810 2852 848 2882 in
872 2850 1042 2882 Numidia
1065 2842 1184 2882 relicti
1199 2851 1222 2882 J
1240 2850 1295 2889 32,
1314 2851 1345 2883 2.
1371 2851 1464 2891 95,1
1483 2856 1569 2886 conl.
1587 2853 1623 2885 H

103 2894 120 2925 1
137 2892 194 2925 65.
234 2894 350 2926 fratre
373 2895 412 2926 in
436 2897 570 2928 castris
587 2906 652 2938 pro
669 2899 838 2937 praetore
856 2894 986 2928 relicto
1002 2895 1026 2927 J
1042 2893 1097 2936 36,
1115 2895 1137 2926 4
1153 2898 1239 2928 conl.
1258 2895 1313 2938 37,
1332 2895 1365 2929 3.
1395 2876 1470 2938 103,
1487 2898 1520 2930 4.
1553 2899 1619 2931 ibi-
