1826 3282
239 252 292 297 52
375 286 381 290 .
676 260 975 292 ms'romAnvM
1007 260 1091 290 Lm.
1123 259 1156 290 11
1187 253 1245 293 57.
1274 254 1331 292 58.

354 368 405 404 57
439 364 517 417 [Kr.
540 370 595 403 66.
627 367 666 402 G.
689 362 765 415 48].
825 362 1041 387 '³²²⁵⁵'¹·‘³²'‘²³²³·‘²*
1073 363 1174 413 legio
1205 363 1350 403 flumen
1381 362 1607 403 transducta
1636 367 1762 402 castra

241 434 419 472 dilatavit..

352 511 456 541 Arus.
484 521 518 552 p.
544 509 610 541 265
642 520 669 541 s.
703 520 737 542 v.
771 511 988 542 transductus
1021 512 1111 542 illam
1141 520 1222 542 rem.
1272 510 1344 542 Sal.
1377 509 1548 543 Hist..11.
1594 509 1637 540 In
1668 508 1762 540 libro

242 555 346 594 (iu‹l.,
373 556 411 585 in
436 565 504 596 quo
522 555 785 591 haecdnventa
811 558 905 594 sunt,
932 558 1018 586 ante
1042 557 1128 597 leyio
1147 555 1321 597 scriptum
1340 557 1396 586 est
1413 555 1540 595 Pareo,
1567 553 1661 596 quod
1679 563 1763 585 eon-

240 603 382 640 ruptum
408 610 487 631 esse
513 608 617 631 nemo
642 599 778 631 infitias
806 603 879 632 eat.
905 600 1066 631 Kritzius
1092 600 1215 642 igitur,
1244 610 1323 631 cum
1349 600 1490 631 dilaturi
1505 603 1622 631 castra
1638 598 1763 630 dican-

240 647 297 675 tur
323 654 415 685 quae
443 644 722 686 amplificantur,
751 644 993 676 extenduntur
1017 643 1113 686 (Liv.
1139 644 1276 676 XXVII
1300 643 1354 683 46,
1379 643 1427 685 2),
1453 647 1553 676 recte
1578 642 1765 685 perspexit
1789 658 1799 662 -

240 689 308 720 hoc
334 689 469 720 (lictum
494 690 625 721 fuisse:
663 689 841 731 ampliora
874 699 981 731 quam
1013 700 1078 731 pro
1102 699 1251 721 numero
1277 689 1430 720 militum
1456 689 1501 720 ab
1528 687 1594 720 iub,
1617 687 1764 730 legione

241 737 364 765 castra
381 734 500 776 posita
519 744 612 773 esse,
640 744 707 775 quo
725 734 849 766 hostes
875 734 1130 776 deciperentur
1157 745 1199 766 ac
1219 733 1447 765 fallerentur.
1489 733 1553 766 Set
1571 732 1664 775 quod
1680 731 1764 764 inde

241 779 419 818 coniecit,
453 789 521 821 quo
555 781 642 821 apta
673 779 855 821 obpositio
890 778 1117 818 efficeretur,
1150 779 1382 811 seribundum
1416 788 1495 810 esse
1523 788 1636 819 parva
1664 779 1763 819 Ieyio,

239 823 372 856 vellem
410 803 447 855 id
485 823 660 866 exemplis
700 823 963 855 confirmasset.
1019 825 1134 856 Parva
1164 834 1278 856 manus
1317 823 1660 865 frequentissumum
1694 824 1762 860 est,

236 879 349 910 parva
373 871 457 910 leqz‘o
484 879 531 900 an
556 872 655 900 recte
682 869 826 900 dicatur
849 869 957 902 valde
984 868 1120 900 dubito.
1178 869 1240 900 Set
1264 868 1384 910 plures
1416 868 1521 907 viae,
1556 867 1685 909 quibus
1718 846 1765 898 ad

242 913 400 955 aliquam
431 903 509 946 veri
540 914 700 955 speciem
732 914 986 955 perveniatur,
1020 913 1177 945 inveniri
1207 916 1367 955 possunt.
1423 912 1582 944 Primum
1607 912 1703 944 enim
1726 910 1765 942 in

242 962 418 1000 conrupto
443 958 505 990 illo
532 959 643 990 Pareo
669 969 802 990 nomen
826 958 909 997 loci,
935 958 1030 989 unde
1056 958 1153 1000 legio
1171 958 1303 989 flumen
1321 957 1535 989 transducta
1561 957 1620 996 sit,
1645 956 1763 988 latero
1792 976 1806 989 Q

240 1006 373 1045 potest.
424 1004 502 1043 Quo
528 1003 657 1034 ductus
684 1003 900 1035 Gerlachius
927 1002 1018 1043 (vid.
1048 1002 1103 1034 ed.
1130 1003 1179 1034 IV
1203 1002 1319 1045 praef.
1347 1013 1383 1044 p.
1402 1000 1560 1034 XXXIV
1586 1000 1630 1042 a)
1656 1001 1764 1033 Pario

243 1048 401 1090 scripsit,
429 1048 595 1090 cogitans
620 1047 710 1079 haut
735 1047 842 1079 dubie
868 1047 912 1079 de
937 1047 1058 1087 Pario,
1086 1047 1217 1089 oppido
1235 1047 1376 1088 Mysiae
1402 1047 1498 1078 inter
1520 1047 1765 1088 Lampsacum

232 1096 280 1124 -et
304 1093 520 1124 Adrasteam
553 1093 623 1124 sito
656 1091 744 1133 (cfr.
772 1093 903 1124 Strabo
928 1092 995 1124 vn
1026 1092 1070 1123 fr.
1097 1092 1138 1124 57
1167 1096 1203 1124 et
1227 1091 1271 1124 58
1300 1103 1335 1133 p.
1361 1091 1424 1123 471
1461 1094 1497 1123 et
1521 1091 1564 1122 72
1593 1090 1704 1123 Mein.
1731 1090 1765 1122 X

243 1149 277 1180 p.
293 1137 360 1169 684
374 1148 425 1179 sq.
447 1138 534 1169 XIII
549 1149 582 1179 p.
598 1136 663 1168 817
686 1140 722 1168 et
741 1136 808 1168 824
821 1136 927 1179 sqq.).
977 1137 1079 1177 Quae
1106 1137 1317 1169 coniectura¹
1341 1136 1394 1168 uti
1410 1146 1481 1168 non
1499 1134 1764 1167 contemnenda
1824 1176 1826 1179 Α

242 1183 295 1214 ita
321 1186 444 1214 tamen
468 1183 612 1214 incerta
637 1185 703 1221 est,
731 1182 899 1223 quoniam
924 1181 968 1213 de
993 1181 1088 1213 bello
1113 1182 1150 1213 in
1175 1181 1247 1213 illis
1272 1181 1482 1223 regionibus
1506 1181 1680 1213 advorsus
1697 1180 1764 1212 Mi-

241 1228 442 1259 thridatem
467 1231 571 1269 gesto
597 1230 745 1268 praeter
769 1237 928 1268 pugnam
955 1226 1050 1268 apud
1076 1226 1345 1258 Chalc-edonem
1371 1226 1510 1258 factam
1528 1225 1643 1257 multa
1660 1235 1760 1256 enar-

243 1276 325 1304 rata
350 1272 462 1303 fuisse
496 1272 574 1303 veri
598 1271 886 1303 dissimillumum
912 1275 978 1302 est.
1027 1272 1118 1302 Tum
1148 1281 1220 1303 non
1251 1270 1358 1313 longe
1393 1270 1499 1302 abest
1528 1270 1687 1312 suspicio
1710 1269 1763 1301 la-

242 1321 320 1348 tere
345 1317 382 1348 in
407 1317 468 1348 illo
493 1316 672 1349 vocabulo
698 1316 988 1355 instrumentum,
1015 1326 1080 1360 per
1106 1313 1199 1357 quod
1223 1298 1333 1358 legio13
1347 1315 1560 1347 transducta
1577 1315 1635 1346 sit.
1676 1314 1764 1347 Pos-

244 1371 364 1393 sumus
389 1362 433 1393 de
454 1366 560 1403 ponte
587 1362 765 1402 cogitare,
793 1360 851 1393 vel
877 1361 921 1392 de
944 1365 1093 1402 pontone
1119 1360 1240 1402 (Caes.
1259 1361 1295 1391 b.
1315 1371 1345 1392 c.
1364 1361 1417 1391 III
1434 1359 1489 1399 29,
1509 1358 1541 1399 3,
1570 1362 1765 1401 pontonium

245 1417 302 1448 ap.
329 1406 455 1438 Isidor.
483 1417 533 1437 or.
559 1406 643 1437 XIX
672 1405 700 1445 l,
725 1405 815 1447 24p
855 1404 921 1437 584
947 1405 1001 1437 ed.
1029 1405 1149 1447 Otto),
1177 1405 1236 1437 vel
1261 1405 1305 1436 de
1329 1415 1460 1446 parone
1487 1403 1584 1446 (Isid.
1610 1404 1636 1436 l.
1662 1414 1694 1436 e.
1719 1403 1764 1435 20

243 1461 277 1493 p.
304 1450 390 1492 583)
423 1451 508 1493 quid
540 1450 634 1492 quod
659 1450 703 1482 de
728 1450 834 1482 barca
859 1449 965 1491 (lsid.
992 1450 1016 1482 l.
1045 1449 1104 1491 c.).
1155 1450 1218 1482 Set
1244 1461 1312 1491 ego
1336 1450 1509 1482 iudicium
1534 1448 1764 1481 retinendum

243 1500 341 1538 puto,
369 1496 450 1527 dum
477 1496 555 1537 quis
581 1495 731 1541 meliora
756 1495 948 1528 invenerit.

358 1575 410 1614 58
443 1574 524 1627 [Kr.
546 1579 602 1612 57.
635 1577 673 1612 G.
696 1573 773 1626 90].
819 1574 867 1612 At
898 1573 961 1617 illi,
995 1573 1138 1624 quibus
1164 1555 1263 1612 vires
1292 1560 1464 1618 aderant,
1495 1585 1612 1620 ruere
1635 1573 1765 1612 cuncti

244 1642 290 1680 ad
322 1645 468 1694 portas,
492 1642 683 1680 'inconditi
708 1641 880 1680 tendere.
1607 1633 1615 1638 ”

357 1720 476 1751 Locus
502 1719 748 1751 difficillumus
775 1729 950 1761 quemque
976 1719 1047 1750 nisi
1072 1729 1168 1751 nova
1193 1718 1358 1750 subsidIa
1383 1707 1632 1762 reperiantur,
1663 1728 1763 1761 pror-

243 1775 303 1797 sus
330 1765 493 1806 expediri
517 1775 623 1807 posse
650 1764 850 1806 desperem.
901 1763 1053 1805 Legitur
1071 1764 1166 1805 apud
1184 1763 1348 1796 Servium
1376 1764 1422 1795 ad
1441 1764 1548 1805 Verg.
1567 1763 1646 1795 Ecl.
1671 1763 1762 1795 114:

243 1811 417 1841 incondita
446 1811 682 1851 incomposita,
714 1809 821 1841 subito
855 1810 962 1846 dle-ta,
997 1810 1147 1850 agrestia
1174 1806 1240 1850 [an
1265 1806 1454 1850 ayrestis?]
1486 1810 1539 1840 vel
1566 1801 1765 1840 insanientis

245 1857 336 1886 αἰσία
366 1854 469 1886 verba
503 1853 742 1896 {alterutrum
774 1853 967 1886 delendum
993 1856 1158 1891 censeo].
1220 1854 1285 1885 Vel
1313 1854 1502 1891 incondita,
1534 1856 1555 1884 i.
1588 1863 1618 1884 e.
1652 1854 1764 1885 incon-

242 1901 384 1940 smipta,
411 1903 445 1930 ut
470 1900 658 1931 Sallustius:
707 1899 784 1930 Iam
809 1898 894 1930 libri
919 1909 964 1930 ne
990 1899 1028 1930 in
1052 1898 1157 1930 titulo
1184 1898 1328 1939 quidem
1342 1901 1390 1929 -et
1413 1907 1561 1929 numero
1578 1897 1662 1929 libri
1679 1907 1764 1929 eon-

245 1945 427 1983 sentiunt3
460 1943 523 1975 alii
549 1945 645 1976 enim
670 1944 725 1975 lib.
751 1944 804 1983 II,
833 1943 955 1975 Guelf.
982 1943 999 1974 1
1023 1945 1056 1974 in
1084 1943 1169 1975 libro
1197 1943 1243 1982 V,
1272 1942 1391 1975 Guelf.
1417 1943 1453 1974 ΙΙ
1476 1943 1511 1974 in
1536 1943 1579 1974 L.
1604 1942 1673 1981 VI,
1701 1942 1764 1974 alii

242 1990 276 2020 in
302 1989 513 2031 Iuyurtlzino.
563 1988 651 2020 Cum
676 1989 761 2028 iam,
788 1988 881 2030 quod
907 1987 1041 2019 ultumo
1066 1987 1145 2019 loco
1163 1988 1277 2029 posui,
1303 1987 1437 2019 falsum
1462 1987 1509 2018 sit
1532 1997 1602 2019 nec
1617 1987 1764 2022 dubium

246 2034 332 2075 quin
363 2044 407 2065 ex
438 2034 611 2065 Historiis
642 2033 782 2075 Vergili
816 2035 1067 2073 conmentator
1106 2032 1308 2074 exemplum
1340 2032 1623 2074 deprompserit,
1663 2034 1763 2064 recte

244 2078 440 2110 l’utschius
466 2089 509 2109 ex
535 2089 576 2109 eo
601 2077 820 2109 munimenti.
841 2077 979 2118 aliq-uid
1005 2077 1176 2118 accipere
1208 2077 1426 2118 scripturam
1458 2077 1517 2108 lib.
1540 2077 1577 2109 II
1609 2076 1762 2116 censuit,

245 2133 325 2154 cum
350 2123 607 2164 grammaticos
632 2122 762 2153 librum
787 2122 831 2153 de
849 2122 883 2153 b.
904 2122 982 2163 lug.
1001 2121 1199 2154 secundum
1224 2121 1409 2163 adpellare
1428 2121 1556 2153 solitos
1581 2132 1662 2154 esse
1680 2131 1764 2158 eonss

245 2171 372 2199 staret.
421 2166 564 2198 Deinde
592 2177 671 2198 cum
697 2177 755 2208 ap.
782 2166 869 2198 Sall.
897 2168 1085 2198 inconditus
1109 2167 1285 2208 seriptum
1311 2166 1425 2200 fuisse
1452 2169 1588 2198 certum
1614 2166 1681 2206 sit,
1705 2170 1763 2198 ta-

244 2222 327 2243 men
352 2221 423 2253 qua
448 2210 717 2253 significatione
743 2211 871 2251 fuerit,
907 2221 950 2242 ex
975 2211 1079 2243 Servi
1103 2211 1225 2243 verbis
1251 2211 1410 2243 dubitari
1435 2214 1566 2253 potest.
1615 2212 1708 2244 Nam
1732 2211 1764 2243 si

246 2256 447 2298 exemplum
474 2256 520 2287 ad
545 2256 700 2287 alteram
723 2259 866 2287 tantum
890 2255 1196 2297 significationem
1221 2256 1390 2288 vocabuli
1413 2257 1604 2288 inconditus
1621 2255 1764 2288 adhibi-

243 2305 320 2332 tum
346 2311 426 2332 esse
452 2304 654 2332 statuamus
678 2318 720 2322 —-
747 2301 892 2333 scilicet
915 2301 1101 2333 incondita
1127 2311 1224 2341 esse,
1259 2311 1351 2342 quae
1383 2301 1518 2333 litteris
1549 2311 1620 2333 non
1644 2300 1764 2332 consi—

245 2349 358 2387 gnata
382 2363 444 2385 —,
471 2346 585 2377 verba
611 2345 763 2377 Sallusti
787 2346 899 2377 multo
924 2346 1136 2378 obscuriora
1162 2349 1255 2378 sunt.
1306 2345 1369 2378 δεῖ
1393 2345 1484 2377 illud
1506 2346 1626 2388 ipsum
1651 2347 1764 2378 incon-

242 2392 375 2431 scripta
399 2394 473 2421 tam
498 2390 661 2432 putidum
688 2394 759 2430 est,
786 2394 826 2421 ut
850 2390 911 2423 vix
935 2391 1081 2422 dubium
1105 2391 1286 2430 videatur,
1313 2391 1399 2432 quin
1425 2400 1470 2422 ea
1495 2390 1693 2433 explicatio
1718 2400 1763 2422 ex

244 2436 410 2477 margine
437 2434 531 2466 falso
556 2434 635 2466 loco
660 2434 778 2466 inlata
804 2436 863 2467 sit.
912 2436 989 2467 Nec
1015 2436 1046 2467 si
1072 2436 1118 2467 ab
1145 2436 1272 2467 eodem
1290 2434 1529 2477 grammatico
1554 2445 1599 2468 ea
1617 2435 1764 2468 adiecta

244 2480 444 2522 putaveris,
470 2483 593 2511 tamen
618 2480 812 2521 quidquam
837 2480 969 2519 obstat,
997 2491 1064 2522 quo
1090 2481 1206 2512 minus
1225 2480 1375 2512 Sallusti
1393 2480 1763 2522 exemplum'omnino

245 2525 292 2556 ad
316 2524 632 2556 demonstrandum
657 2525 812 2556 similem
837 2534 939 2556 usum
963 2525 1134 2557 vocabuli
1158 2526 1347 2557 inconditus
1372 2525 1593 2567 adscriptum
1612 2535 1762 2556 censea-

243 2580 334 2601 mus.
383 2570 628 2601 Transeamus
653 2569 766 2611 igitur
790 2569 836 2600 ad
860 2569 941 2610 ipsa
965 2570 1153 2611 scriptoris
1177 2570 1292 2601 nostri
1317 2570 1441 2601 verba.
1483 2570 1525 2601 ln
1543 2569 1659 2612 quibus
1673 2571 1764 2602 vires

220 2616 390 2646 ‘aderant
414 2624 536 2646 omnes
561 2613 646 2645 libri
671 2613 921 2653 consentiunt,
955 2617 1011 2646 set
1043 2614 1107 2645 alii
1131 2615 1295 2646 inconditi
1317 2615 1473 2651 tendere,
1507 2614 1572 2645 alii
1601 2614 1767 2647 inconditi

244 2659 301 2692 vel
326 2660 498 2691 incondita
522 2663 654 2695 tenere,
690 2658 873 2690 Guelf.11
897 2659 1062 2690 inconditi
1083 2662 1224 2697 temere,
1258 2659 1295 2689 id
1321 2658 1414 2700 quod
1439 2658 1615 2691 Heinsius
1641 2659 1762 2691 conle-

244 2707 357 2736 cerat.
406 2704 460 2735 Ab
486 2703 542 2735 his
566 2702 672 2745 longe
698 2703 839 2735 recedit
864 2703 977 2735 codex
1000 2703 1143 2735 Ursini.
1177 2703 1226 2735 illi
1255 2703 1372 2744 qaeu‘bus
1395 2713 1452 2735 res
1476 2704 1646 2745 incoynita
1674 2708 1761 2742 erat,

242 2750 332 2781 iver-e
357 2749 467 2781 cuncti
489 2749 536 2780 ad
555 2753 678 2789 portas
701 2749 872 2790 incoynita
895 2749 1052 2787 tendere,
1087 2748 1145 2779 cui
1176 2747 1309 2779 nollem
1333 2748 1496 2779 Kritzius
1528 2751 1667 2780 tantum
1698 2749 1762 2780 tri-

244 2794 395 2825 buisset.
443 2793 601 2825 Primum
628 2792 723 2824 enim
748 2792 902 2834 turpiter
927 2795 1138 2834 eouruptum
1164 2802 1243 2824 esse
1268 2792 1387 2824 locum
1412 2792 1470 2824 vel
1489 2786 1573 2824 inde
1595 2793 1761 2835 adparet,

244 2838 337 2878 quod
368 2838 403 2869 id
435 2840 553 2879 ipsum
578 2837 812 2877 vocabulum,
839 2838 884 2869 ob
910 2837 1002 2879 quod
1028 2837 1170 2869 adlatus
1196 2840 1270 2876 est,
1303 2837 1341 2868 in
1371 2839 1543 2878 incognita
1566 2840 1762 2877 mutatum

244 2882 373 2913 deinde
407 2882 519 2914 facilc
552 2887 607 2914 est
639 2883 684 2914 ad
717 2881 1022 2923 intellegundum,
1055 2881 1241 2913 librarium
1275 2891 1354 2913 cum
1388 2881 1510 2923 legere
1543 2891 1615 2913 non
1640 2885 1763 2924 posset

245 2936 301 2967 qu
294 2937 336 2957 ι(
363 2927 605 2958 describunda
632 2930 770 2966 essent,
804 2908 867 2959 vel
895 2937 957 2959 suo
984 2926 1134 2959 arbitrio
1163 2926 1221 2972 vel
1248 2936 1291 2957 ex
1316 2926 1411 2958 notis
1436 2926 1700 2969 marginalibus
1726 2930 1763 2960 et
