1812 3268
218 194 299 237 384
911 206 1044 234 mnax

215 305 976 387 {¹32tp393501'?‘³{Rhissnssitiussffissffiiffiff
988 306 1599 396 ξιξῐῗὲοέοιῖἓῖῗιίἓῖῑῖᾆέῧὲῗόἓ
1617 309 1734 386 Ἔῦῗῖ

423 376 430 391 ,
477 374 484 382 ι
1580 377 1599 386 ..a
1655 378 1664 387 ι
1687 376 1734 382 -·-

216 404 256 432 ut
279 397 400 430 ubivis
423 396 537 427 tutius
562 405 668 436 quam
693 395 730 425 in
753 406 831 427 meo
856 406 968 438 regno
994 407 1109 429 essem
1125 399 1149 429 J
1170 398 1226 439 14,
1246 399 1279 430 4.
1324 402 1458 441 quanto
1482 379 1733 432 tutius’faetio

220 446 307 485 agat
324 443 358 473 H
375 442 431 472 III
447 439 501 479 61,
520 439 551 472 3.
568 451 614 467 Ξ
631 440 876 472 fortissumum
895 451 1034 483 quemq.
1053 444 1266 475 tutissumum
1281 444 1306 476 J
1322 444 1376 485 87,
1395 445 1428 476 2.
1742 444 1744 446 ’

263 486 436 528 tugurium
452 485 475 516 J
496 484 547 524 12,
566 485 597 516 5.
628 483 678 525 18,
699 484 730 516 5.
760 484 810 526 19,
830 486 861 517 5.
888 485 944 527 46,
961 486 993 518 5.
1021 487 1076 529 75,
1094 488 1126 519 4.

263 531 452 563 Tullianum
469 529 496 562 C
514 529 569 569 55,
588 529 619 561 2.

263 576 376 608 Tullii.
406 576 453 607 M.
479 574 607 606 Cicero
632 574 658 606 C
677 574 736 614 22,
756 574 788 607 3.
814 575 928 616 24,1.
955 575 1069 618 28,1.
1087 578 1119 610 4.
1146 577 1208 619 29,
1229 578 1259 611 1.
1286 578 1347 620 31,
1367 578 1399 611 6.
1417 579 1449 612 7.
1483 578 1545 621 36,
1564 578 1596 612 3.
1621 578 1683 618 41,
1701 577 1734 611 3.

219 622 273 663 43,
293 622 325 653 4.
351 620 405 658 44,
428 620 454 652 1.
480 619 534 660 45,
557 619 585 651 1.
611 618 666 659 48,
688 619 715 651 1.
735 620 766 652 7.
784 618 816 652 8,
835 619 867 652 9.
894 620 949 661 49,
971 621 999 653 1.
1652 643 1653 646 κ

264 667 381 698 Tullus
397 666 463 697 vid.
482 664 684 697 Volcatius,

264 714 343 743 tum.
378 711 529 753 quitum
548 709 679 741 aedilis
698 713 777 741 erat
795 709 821 741 C
840 710 894 751 47,
914 711 936 742 4
952 714 1038 744 cont.
1057 712 1081 743 J
1097 712 1128 753 7,
1147 713 1180 744 4.
1207 712 1262 753 32,
1283 713 1312 744 l.
1347 709 1440 755 quae
1459 716 1535 745 tum
1551 715 1736 746 mercatus

222 768 300 789 sum
317 757 352 788 H
369 757 386 788 Ι
403 755 457 795 41,
477 755 510 786 8.
550 755 656 786 homo
674 757 749 786 tum
766 755 803 786 in
821 759 951 787 senatu
968 760 1098 798 potens
1115 758 1139 789 J
1160 756 1218 798 16,
1236 758 1257 789 2
1274 761 1361 790 conl.
1378 759 1433 798 25,
1451 759 1485 791 4.
1521 759 1559 793 in
1575 759 1736 801 patentis

221 806 297 834 tum
313 801 414 833 urbis
432 801 466 831 H
483 800 496 831 i
512 798 566 831 25.
599 799 712 831 multa
725 803 800 831 tum
813 800 924 832 ductu
942 801 1018 832 eius
1032 805 1179 843 patrata
1192 803 1227 833 H
1244 803 1261 834 Ι
1278 803 1332 835 55.
1365 804 1597 845 postulavere
1609 804 1736 846 pleriq.

225 865 277 880 —.
302 847 394 878 Tum
413 845 574 877 Catilina
592 844 619 876 C
638 844 697 885 21,
718 845 750 876 2.
777 844 838 885 31,
857 844 889 877 6.
907 844 940 877 9.
966 845 1026 886 50,
1046 847 1078 878 4.
1103 847 1127 878 J
1143 847 1199 887 11,
1219 846 1251 879 6.
1280 846 1338 886 13,
1357 849 1389 880 5.
1408 847 1440 880 9.
1467 848 1530 888 98,
1550 847 1582 880 3.
1611 848 1736 888 101,-6.

224 892 275 925 11.
304 891 378 931 103,
398 892 429 923 2.
459 889 532 930 109,
551 888 582 921 3.
624 889 677 920 ibi
693 892 769 925 tum
787 890 821 921 H
837 891 886 922 IV
906 889 935 922 1.
979 894 1015 922 et
1039 895 1114 923 tum
1138 895 1283 924 matura
1308 896 1413 925 erant
1433 893 1615 925 frumenta
1633 894 1667 925 H
1684 893 1754 925 ΙΙΙ·

222 937 277 977 67,
295 936 350 968 20.
391 936 438 967 At
462 939 537 967 tum
563 937 642 966 erat
665 935 826 976 Lepidus
849 935 947 967 latro*
978 953 1007 957 —
1034 946 1130 968 nunc
1153 938 1187 968 H
1212 938 1229 969 Ι
1252 936 1312 978 48,
1333 938 1351 969 7
1371 937 1430 979 (al.
1448 937 1559 980 tunc).
1602 948 1645 970 ac
1663 941 1737 970 tum

223 992 387 1014 maxume
412 982 448 1012 H
465 981 518 1012 III
536 979 589 1012 73.
630 980 850 1012 Aventinum
874 980 1009 1012 insedit
1033 983 1144 1023 tumq.
1169 982 1334 1014 tribunos
1357 982 1406 1024 pl.
1433 1000 1470 1005 ·—-
1496 983 1569 1015 sibi
1593 983 1738 1025 paravit

223 1029 257 1059 H
275 1028 292 1059 I
308 1026 342 1058 9.
384 1027 457 1058 iam
475 1028 551 1057 tum
568 1043 611 1047 -—
628 1025 936 1056 machinabantur
954 1025 981 1057 C
1002 1024 1053 1065 18,
1073 1026 1092 1057 7
1109 1029 1194 1058 conl.
1218 1026 1268 1067 19,
1288 1027 1320 1059 2.
1363 1038 1406 1060 ac
1425 1033 1499 1059 tum
1517 1028 1660 1060 demum
1676 1038 1737 1060 ve-

223 1083 298 1105 ram
316 1071 537 1103 deditionem
555 1070 678 1101 facere
698 1073 850 1102 conatus
869 1073 925 1102 est
940 1070 964 1102 J
980 1070 1043 1110 46,
1065 1070 1109 1103 1.’
1135 1075 1264 1113 postea
1285 1083 1372 1104 vero
1398 1083 1504 1114 quam
1525 1090 1561 1095 —
1583 1083 1737 1115 coepere

228 1135 279 1159 —-,
300 1121 381 1148 tum·
392 1116 535 1147 demum
553 1118 763 1157 conpertum
781 1118 836 1146 est
854 1115 880 1147 C
899 1115 930 1155 2,
950 1115 981 1147 2.
1016 1120 1207 1158 postquam
1224 1135 1265 1139 -
1284 1117 1467 1150 factiones
1483 1118 1645 1157 valuere,
1663 1121 1738 1149 tum

223 1179 267 1186 —-
284 1164 386 1204 leges
402 1163 556 1203 paratae
574 1163 657 1192 sunt
676 1159 702 1191 O
720 1159 782 1200 51,
801 1159 857 1192 40.
899 1164 1023 1192 cetera
1041 1164 1116 1192 tum
1134 1172 1372 1204 persequare,
1395 1163 1459 1194 ubi
1481 1163 1584 1195 facta
1606 1166 1693 1196 sunt
1711 1162 1738 1194 C

223 1209 278 1248 52,
297 1208 330 1239 4.
373 1217 454 1239 cum
479 1205 589 1237 talem
606 1205 723 1237 virum
747 1205 784 1236 in
801 1208 987 1246 potestate
1005 1206 1213 1244 habuisset,
1237 1211 1313 1239 tum
1336 1208 1412 1240 fore
1435 1210 1477 1240 ut
1496 1227 1536 1230 -—
1561 1209 1584 1240 J
1605 1207 1685 1248 112,
1705 1207 1738 1239 3.

224 1257 298 1285 tum
307 1251 498 1290 crudelior,
515 1261 594 1282 cum
603 1250 759 1292 plerosq,
773 1250 954 1282 secundae
971 1260 1028 1282 res
1040 1268 1076 1273 -
1088 1253 1278 1284 vortuntH
1294 1253 1311 1284 Ι
1327 1252 1381 1293 41,
1393 1252 1425 1284 5.
1460 1253 1740 1295 confectoproe-

225 1299 291 1339 lio,
317 1301 392 1329 tum
416 1307 503 1329 vero
529 1305 698 1327 cerneres
717 1295 743 1326 C
761 1294 823 1336 61,
846 1294 873 1327 l'.
916 1299 1027 1327 antea
1043 1296 1116 1328 iam
1134 1296 1308 1337 infestus,
1335 1300 1409 1329 tum
1431 1308 1520 1330 vero
1538 1298 1669 1330 multus
1686 1298 1739 1328 in-

225 1347 323 1376 stare
341 1343 365 1374 J
381 1341 436 1382 84,
459 1341 487 1372 l.
529 1350 746 1382 quamquam
767 1357 803 1361 —
824 1340 1022 1380 habuerat,
1043 1344 1117 1372 tum
1134 1352 1221 1374 vero
1237 1342 1262 1374 J
1277 1341 1338 1383 94,
1358 1341 1390 1374 3.
1433 1343 1526 1384 quod
1549 1346 1740 1385 postquam

226 1389 388 1421 auditum
409 1389 474 1426 est,
493 1389 569 1417 tum
585 1396 671 1417 vero
688 1385 712 1416 J
732 1383 838 1424 106,ss
855 1388 940 1417 conl.
959 1386 993 1416 H
1011 1386 1027 1416 I
1044 1385 1093 1417 16.
1121 1387 1171 1418 lV
1188 1386 1242 1418 62.
1277 1387 1380 1419 fuere
1399 1388 1460 1429 qui
1477 1391 1551 1419 tum
1569 1387 1736 1420 Albinum
1795 1383 1800 1389 '

224 1434 315 1465 haut
336 1432 503 1474 ignarum
529 1430 658 1462 consili
681 1430 780 1470 regis
805 1430 1065 1462 existumarent
1080 1431 1104 1462 J
1120 1430 1181 1471 36,
1201 1431 1232 1463 3.
1259 1442 1311 1463 or.
1330 1432 1395 1464 obl.
1414 1435 1487 1464 tum
1505 1443 1605 1472 sese,
1631 1432 1740 1474 paulo

227 1481 311 1510 ante
331 1476 468 1514 Carth.;
487 1478 568 1517 post
588 1492 624 1496 —
645 1475 818 1506 Romanis
836 1475 977 1506 hostem
995 1476 1071 1507 fore
1088 1477 1111 1508 J
1128 1475 1182 1516 81,
1206 1476 1233 1508 1.
1271 1477 1399 1507 mittit:
1418 1477 1555 1509 habere
1573 1482 1646 1509 tum
1665 1487 1742 1508 ma-

226 1533 335 1566 gnam
355 1522 498 1563 copiam
515 1521 538 1552 J
554 1519 608 1559 83,
632 1519 659 1550 1.
701 1523 830 1551 vetera
848 1519 1014 1551 omittere
1034 1531 1076 1551 ac
1094 1523 1169 1551 tum
1186 1539 1226 1543 —
1246 1522 1439 1553 missurum
1454 1523 1477 1554 J
1498 1521 1570 1560 102,
1594 1521 1644 1553 14.
1681 1522 1742 1563 qui

228 1586 265 1590 —
290 1570 456 1605 orantur,
483 1565 712 1597 considerare
738 1564 889 1603 debent,
922 1565 1082 1597 liceatne
1106 1569 1181 1597 tum
1203 1576 1332 1608 pacem
1356 1576 1466 1608 agere
1490 1567 1526 1598 H
1549 1567 1599 1599 IV
1623 1565 1684 1607 61,
1714 1565 1742 1599 1.

226 1614 303 1645 Cum
319 1628 362 1634 —
378 1613 449 1642 tum
464 1613 530 1642 vid.
551 1620 642 1642 cum.
683 1611 754 1640 tum
771 1610 914 1641 sedenti
931 1628 974 1631 ——
990 1610 1202 1652 inponebat,
1222 1616 1297 1642 tum
1314 1611 1481 1643 venienti
1499 1629 1541 1633 —
1558 1611 1742 1653 subplica-

226 1659 335 1690 batur
351 1657 386 1688 H
402 1657 437 1687 11
453 1655 508 1694 23,
527 1654 547 1687 3
565 1654 623 1695 (al.
644 1665 724 1686 cum
741 1672 784 1676 —-
802 1654 901 1694 tum).

271 1702 458 1733 tumulosus
476 1700 576 1732 locus
593 1699 616 1731 J
633 1698 687 1739 91,
703 1698 734 1731 3.

271 1747 497 1779 tumultuosus
514 1745 686 1786 strepitus
703 1744 738 1775 H
756 1744 810 1776 ΙΙΙ
825 1742 880 1784 67,
901 1744 932 1776 7.

272 1792 444 1823 tumultus.
477 1790 607 1832 quibus
631 1793 656 1821 t.
680 1789 758 1831 ipse
785 1792 821 1821 et
845 1799 902 1820 res
927 1800 1043 1821 novae
1061 1790 1151 1822 satis
1167 1790 1368 1832 placebant
1383 1791 1407 1823 J
1423 1790 1478 1832 66,
1497 1791 1529 1823 4.
1571 1790 1613 1822 Τ.
1631 1789 1744 1823 inter-

228 1838 340 1869 cessit
363 1837 475 1868 Bruto
500 1839 537 1867 et
552 1835 736 1866 Mamerco
762 1844 853 1866 coss.
878 1835 912 1865 H
929 1835 984 1866 III
1001 1834 1061 1876 61,
1085 1835 1134 1867 10.
1176 1836 1352 1874 cohortis,
1379 1846 1469 1878 quas
1492 1835 1666 1868 tumultus
1689 1835 1744 1877 (in

226 1885 298 1915 solo
315 1882 344 1912 T
364 1881 450 1921 -ti)
470 1890 603 1912 caussa
622 1880 892 1921 conscripserat
910 1879 936 1911 C
955 1879 1008 1920 59,
1020 1880 1050 1912 5.
1083 1880 1273 1912 tumultum
1290 1881 1458 1913 hostilem
1477 1892 1498 1913 a
1515 1885 1620 1923 tergo
1638 1891 1745 1912 acce-

227 1928 282 1970 pit
299 1928 321 1959 J
339 1925 399 1966 58,
419 1926 451 1957 4.
495 1925 656 1967 adreptis
681 1925 791 1956 armis
811 1924 1001 1956 tumultum
1020 1925 1143 1957 facere
1159 1926 1184 1957 J
1200 1926 1260 1966 72,
1279 1927 1310 1957 2.
1354 1926 1462 1958 alteri
1487 1926 1582 1968 apud
1608 1925 1745 1958 alteros

228 1972 459 2004 formidinem
477 1970 582 2001 simul
602 1973 637 2001 et
654 1969 845 2001 tumultum
863 1969 989 2001 facere
1006 1971 1030 2002 J
1047 1969 1101 2011 53,
1112 1970 1143 2002 7.
1177 1971 1368 2003 tumultum
1388 1982 1430 2003 ex
1447 1970 1604 2002 tumultu
1621 1973 1747 2002 serunt

228 2018 263 2048 H
280 2018 296 2048 I
312 2016 373 2055 48,
393 2016 425 2047 7.
467 2018 639 2057 suspecta
655 2015 693 2046 in
710 2014 899 2058 tumultuin
918 2018 998 2046 erat
1021 2016 1055 2046 H
1071 2016 1088 2046 Ι
1104 2015 1158 2046 45.
1198 2016 1252 2046 uti
1270 2034 1309 2038 —
1329 2016 1584 2056 incenderent,
1603 2026 1673 2058 quo
1690 2018 1745 2047 tu-

229 2062 342 2093 multu
368 2060 514 2092 facilior
537 2060 658 2091 aditus
682 2059 786 2091 fieret
805 2059 833 2091 C
849 2058 910 2099 43,
930 2060 961 2092 2.
1003 2061 1158 2102 strepitu
1182 2063 1219 2092 et
1236 2061 1391 2092 tumultu
1412 2061 1533 2093 omnia
1550 2061 1705 2092 miscere
1722 2059 1747 2092 J

232 2107 282 2147 12,
302 2106 334 2138 5.
368 2105 528 2147 perculsi
545 2104 702 2136 tumultu
719 2104 865 2136 insolito
881 2105 904 2137 J
922 2103 976 2144 38,
996 2104 1029 2136 5.
1063 2105 1219 2137 tumultu
1236 2105 1430 2138 formidine
1449 2106 1555 2148 quasi
1571 2105 1746 2138 vecordia

230 2154 382 2193 ceperat
397 2151 421 2182 J
437 2149 492 2189 99,
511 2148 542 2180 3.
586 2160 665 2180 cum
682 2160 815 2191 magno
833 2149 988 2181 tumultu
1010 2150 1153 2182 invadit
1169 2151 1204 2182 H
1220 2151 1257 2183 II
1274 2150 1329 2183 40.
1371 2151 1451 2183 sine
1469 2150 1624 2182 tumultu
1640 2160 1746 2193 prae-

229 2197 333 2228 sidiis
352 2194 554 2227 conlocatis
573 2193 599 2225 C
618 2194 671 2233 45,
691 2195 711 2224 2
729 2197 814 2227 conl.
832 2195 855 2226 J
872 2194 926 2234 57,
946 2194 976 2227 3.
1002 2194 1057 2234 60,
1075 2195 1107 2227 5.

274 2241 431 2272 tumulus.
461 2239 499 2269 in
517 2239 690 2269 tumulum
709 2239 933 2270 facillumum
950 2241 1031 2272 visu
1047 2240 1071 2272 J
1093 2239 1164 2280 113,
1184 2239 1215 2272 5.
1257 2240 1386 2272 tumuli
1403 2240 1530 2272 sedere
1549 2240 1584 2271 H
1601 2240 1638 2272 11
1653 2238 1708 2273 43.

273 2290 361 2317 tunc.
401 2285 485 2326 quia
508 2286 595 2314 tunc
618 2284 772 2324 primum
798 2285 993 2325 superbiae
1018 2285 1222 2317 nobilitatis
1247 2285 1391 2317 obviam
1414 2285 1504 2317 itum
1530 2287 1586 2317 est
1608 2284 1633 2317 J
1656 2284 1695 2325 5,
1717 2283 1747 2316 1.

228 2330 421 2363 Numidiae
439 2331 597 2371 partem,
618 2338 725 2369 quam
742 2338 837 2359 nunc
855 2333 1015 2370 peteret,
1034 2334 1120 2362 tunc
1137 2330 1231 2362 ultro
1250 2330 1490 2363 adventuram
1505 2330 1529 2362 J
1549 2329 1627 2369 111,
1650 2329 1679 2361 1.

273 2376 382 2407 turba.
419 2373 533 2416 portis
559 2373 702 2404 turbam
725 2374 950 2405 morantibus
974 2375 1008 2405 H
1031 2375 1048 2406 I
1071 2375 1124 2407 74.
1171 2376 1279 2407 turba
1305 2379 1378 2417 atq.
1405 2375 1644 2407 seditionibus
1667 2374 1748 2406 sine

231 2431 319 2453 cura
339 2420 484 2452 aluntur
499 2418 525 2450 C
543 2417 585 2451 37
597 2443 605 2456 ,
625 2417 656 2450 3.
697 2417 886 2459 plurumae
911 2419 1039 2450 turbae
1063 2420 1264 2452 seditiones
1290 2423 1327 2452 et
1345 2420 1391 2452 ad
1408 2423 1631 2462 postremum
1649 2419 1748 2451 bella¹

230 2466 356 2498 civilia
381 2468 460 2496 orta
486 2466 569 2495 sunt
588 2464 620 2494 H
637 2464 654 2494 I
674 2462 724 2494 10.
768 2467 928 2504 quantae
952 2463 1039 2494 mihi
1064 2465 1193 2496 turbae
1220 2465 1452 2497 concitantur
1476 2465 1512 2496 H
1535 2465 1593 2497 111
1610 2463 1672 2504 61,
1693 2463 1747 2496 ll.

231 2511 359 2552 quibus
385 2510 486 2551 quies
510 2509 547 2540 in
566 2507 823 2548 seditionibus,
850 2508 886 2538 in
902 2517 994 2549 pace
1013 2509 1142 2540 turbae
1161 2513 1243 2541 sunt
1260 2510 1295 2540 H
1311 2510 1328 2541 Ι
1345 2509 1400 2549 48,
1419 2510 1450 2541 7.
1492 2509 1658 2551 praemia
1674 2512 1748 2540 tur-

230 2557 357 2587 barum
375 2565 504 2596 queror
522 2554 556 2585 H
572 2554 588 2584 1
606 2552 660 2593 41,
682 2551 733 2584 16.
773 2552 898 2584 turbas
918 2555 954 2584 et
972 2553 1122 2585 caedem
1141 2554 1275 2585 civium
1293 2554 1411 2586 odisse
1430 2555 1465 2585 H
1481 2554 1499 2586 1
1515 2553 1571 2593 48,
1595 2552 1645 2585 18.

274 2601 529 2632 turbamentum.
560 2608 728 2630 maxuma
743 2597 976 2629 turbamenta
1001 2598 1054 2628 rei
1077 2609 1111 2639 p.
1133 2602 1205 2639 atq.
1226 2598 1338 2630 exitia
1354 2599 1508 2640 probate
1526 2598 1562 2629 H
1578 2598 1596 2630 Ι
1611 2597 1653 2629 41
1665 2621 1674 2638 ,
1692 2597 1747 2630 25.

274 2647 383 2677 turbo.
416 2643 656 2676 seditionibus
674 2643 795 2674 omnia
811 2642 959 2674 turbata
976 2646 1060 2674 sunt
1076 2642 1111 2673 H
1127 2644 1144 2674 I
1160 2643 1214 2683 48,
1238 2643 1267 2675 1.

274 2691 383 2722 turbo.
414 2690 598 2722 turbinum
615 2692 732 2720 motus
750 2688 785 2719 H
800 2688 850 2720 IV
867 2688 909 2718 22
925 2697 1017 2729 susp.

275 2736 376 2766 Turia
392 2735 427 2766 H
443 2735 477 2766 II
493 2733 547 2774 96,
567 2732 598 2765 6.
625 2734 660 2765 II
679 2732 729 2764 18.

274 2782 385 2811 turma
408 2780 651 2811 Romanorum
674 2778 698 2810 J
721 2777 783 2817 50,
801 2777 833 2809 5.
875 2780 1030 2809 turmam
1056 2777 1215 2819 equitum
1235 2777 1478 2809 Romanorum
1495 2777 1518 2809 J
1536 2775 1598 2818 65,
1617 2777 1639 2808 2
1660 2779 1747 2811 conl.

230 2825 264 2856 H
281 2826 317 2856 II
335 2824 390 2856 50.
431 2824 569 2856 Marius
588 2834 667 2855 cum
686 2827 804 2855 turma
822 2832 886 2854 sua
902 2823 925 2855 J
941 2822 996 2862 98,
1021 2822 1048 2861 1,
1090 2824 1202 2855 duces
1219 2826 1416 2854 turmarum
1435 2823 1458 2853 J
1476 2821 1531 2861 38,
1549 2821 1582 2854 3.
1625 2821 1749 2854 cohor-

230 2870 317 2901 tium
337 2873 533 2901 turmarum
552 2868 735 2911 legionum
753 2868 933 2900 tubicines
950 2868 973 2900 J
990 2866 1045 2907 99,
1066 2866 1096 2900 l.
1138 2867 1302 2910 singulas
1325 2870 1464 2899 turmas
1489 2870 1525 2898 et
1542 2866 1749 2909 manipulos
