1812 3268
809 216 944 243 1nnnx
1550 180 1632 239 365

109 315 242 347 habuit
258 314 286 347 C
304 314 360 356 31,
379 315 410 347 7.
452 319 492 347 ut
509 315 692 355 nonnulli,
717 326 782 348 seu
804 315 961 359 periculi
977 313 1248 357 magnitudine,
1273 322 1339 344 seu
1360 311 1473 344 animi
1489 311 1633 344 mobili-

109 363 188 392 tate
211 360 349 402 inpulsi
373 378 416 383 —
439 361 698 393 minitarentur
715 361 742 393 C
759 359 821 402 49,
841 361 874 393 4.
916 360 1100 398 Bocchus,
1126 368 1191 391 seu
1215 358 1418 400 reputando
1443 367 1537 399 quae
1562 357 1634 389 sibi

108 409 299 444 venerant,
319 415 384 437 seu
402 405 607 437 admonitus
625 406 671 438 ab
690 406 775 438 aliis
793 406 935 445 amicis,
953 423 995 427 —
1014 403 1153 447 delegit
1168 404 1192 435 J
1211 402 1286 442 103,
1304 403 1336 434 2.

154 451 309 481 societas.
341 451 485 493 copiam
509 451 698 483 societatis
724 451 947 492 amicitiaeq.
967 448 1246 491 coniungendae
1262 448 1286 480 J
1302 447 1358 485 83,
1380 447 1394 478 l
1419 447 1486 488 cfr.
1507 447 1632 480 amici-

109 495 199 526 tiam
225 495 477 537 societatemq.
503 499 669 538 rogatum
686 496 710 527 J
727 496 789 535 77,
808 496 840 527 2.
876 495 1018 537 equites
1039 504 1126 536 quos
1151 503 1235 536 spes
1259 493 1451 525 societatis
1477 503 1500 524 a
1522 492 1631 535 plebe

108 539 311 571 dimoverat
332 540 356 572 J
380 540 441 580 42,
466 540 493 571 1.
537 540 681 582 qualem
700 544 738 572 tu
756 540 873 581 voles,
901 540 1118 572 societatem
1136 539 1299 580 accipiet
1317 538 1350 569 H
1367 538 1415 569 lv
1433 536 1488 576 61,
1508 539 1542 569 4.
1578 547 1633 569 so-

109 585 284 616 cietatem
302 588 460 617 vostram
479 585 738 627 adpetiverunt
755 586 777 617 J
798 585 857 625 14,
877 586 898 617 5
922 587 1008 617 conl.
1027 587 1153 627 petere
1170 583 1390 615 societatem
1407 583 1441 614 H
1458 583 1508 614 1V
1525 582 1580 621 61,
1598 583 1631 614 2.
1682 608 1685 610 .

112 639 192 661 cum
211 630 292 661 Cat.
312 630 400 662 data
419 633 491 672 atq.
512 634 669 673 accepta
686 630 756 662 fide
774 630 989 663 societatem
1008 628 1265 661 confirmarent
1282 628 1382 668 0144,
1401 627 1433 660 3.
1476 628 1631 659 societa-

109 678 181 706 tem
199 675 417 716 praedarum
439 685 519 706 cum
535 674 738 707 latronibus
757 676 992 718 conposuisse
1009 675 1044 706 H
1062 675 1112 706 1V
1133 673 1183 705 11.
1222 672 1380 716 inpellat
1404 673 1450 704 ad
1473 674 1633 704 societa-

108 722 181 751 tem
201 719 291 751 belli
307 719 334 751 C
352 719 406 759 40,
422 719 450 751 1.
484 719 531 751 ad
547 719 634 752 belli
652 721 867 752 societatem
884 722 1032 752 orantur
1048 720 1083 751 H
1097 719 1147 750 IV
1159 717 1214 759 61,
1229 718 1258 749 l.
1294 728 1316 750 a
1329 718 1435 750 nobis
1453 718 1499 749 ad
1516 718 1632 750 socie—

107 767 222 796 tatem
239 764 376 806 peteris
394 765 428 796 H
445 764 495 806 IV
511 764 565 804 61,
586 764 637 796 16.
673 775 742 807 (1110
761 765 908 797 facilius
926 783 968 787 —
985 775 1051 807 per
1068 765 1284 796 societatem
1301 763 1458 805 periculi
1475 763 1632 795 relicuos

106 809 207 841 illius
229 810 400 851 potentia
415 813 565 851 tegeret
583 809 610 842 C
627 810 687 850 48,
706 810 738 842 7.
780 820 851 842 neu
870 809 978 842 malis
996 809 1153 852 pernitie
1171 812 1296 840 nostra
1315 812 1414 840 tuam
1431 807 1629 850 prolatare,

108 854 215 895 quam
233 854 412 886 societate
429 855 548 887 victor
564 854 643 887 fieri
657 855 691 886 H
705 856 755 887 IV
767 854 822 895 61,
833 855 887 888 23.
922 855 967 886 de
986 864 1111 896 regum
1124 854 1303 886 societate
1322 853 1525 895 cognovitJ
1532 853 1587 893 82,
1601 854 1630 884 1.

108 909 154 931 ne
172 899 385 939 societates,
403 910 450 931 ne
468 900 620 932 foedera
637 911 734 933 nova
752 901 1015 943 acciperemus.

153 945 274 975 socius.
306 944 488 981 consultor
511 945 608 976 idem
635 949 671 977 et
700 946 819 977 socius
841 945 1033 978 vobiscum
1056 942 1231 986 periculis
1255 942 1365 974 adero
1383 942 1406 974 J
1423 941 1484 982 85,
1504 943 1558 974 47.
1601 943 1631 975 13

109 992 237 1021 auctor
260 992 298 1021 et
320 990 440 1022 socius
464 990 615 1022 Bestiae
642 990 832 1022 ferebatur
856 990 879 1022 J
899 988 955 1030 30,
972 990 1004 1021 2.
1047 988 1168 1020 socius
1187 991 1224 1019 et
1241 988 1456 1019 administer
1473 988 1632 1020 omnium

109 1034 341 1066 consiliorum
360 1034 562 1066 adsumitur
579 1035 738 1067 Scaurus
754 1035 779 1067 J
794 1034 856 1075 29,
874 1035 906 1066 2.
949 1045 988 1066 se
1010 1033 1140 1076 paucis
1165 1037 1250 1065 ante
1268 1033 1397 1064 diebus
1414 1033 1552 1065 socium
1571 1034 1632 1064 ad·⁴

108 1080 238 1111 scitum
258 1078 286 1110 C
303 1079 363 1119 47,
387 1079 415 1111 1.
457 1081 596 1112 socium
621 1080 693 1112 sibi
711 1081 879 1123 adiungit
894 1079 1121 1112 Nabdalsam
1136 1079 1160 1110 J
1177 1077 1231 1119 70,
1251 1077 1284 1109 2.
1326 1078 1455 1110 timore
1473 1078 1551 1110 soci
1569 1088 1631 1110 an·

106 1125 189 1156 xius
210 1124 234 1156 J
259 1123 320 1165 70,
338 1125 371 1156 5.
413 1124 487 1156 illis
512 1125 772 1157 dominationis
795 1126 934 1157 socium
957 1125 992 1156 H
1007 1125 1061 1156 111
1076 1124 1139 1164 61,
1157 1123 1212 1156 23.
1253 1123 1285 1155 si
1308 1123 1444 1155 Romae
1469 1122 1631 1155 30011111-

107 1172 218 1211 cepta
249 1170 498 1211 patravissent
523 1169 550 1201 C
574 1169 637 1210 56,
662 1171 694 1202 4.
744 1170 931 1212 Cethegus
962 1169 1183 1212 querebatur
1205 1168 1250 1200 de
1274 1169 1428 1211 ignavia
1452 1170 1633 1200 sociorum

109 1213 136 1245 C
154 1213 216 1255 43,
236 1213 269 1246 3.
316 1225 380 1257 pro
405 1215 506 1247 curia
530 1215 639 1247 sociis
664 1216 808 1257 signum
831 1215 919 1247 dare
944 1215 971 1246 C
1000 1215 1058 1254 18,
1076 1214 1109 1245 8.
1151 1223 1223 1245 non
1247 1214 1357 1245 sociis
1381 1213 1494 1245 saluti
1514 1214 1592 1245 fore
1609 1213 1633 1245 J

106 1257 167 1299 33,
187 1259 218 1290 4.
261 1260 549 1292 coniurationem
575 1261 713 1302 aperit,
738 1260 903 1292 nominat
926 1260 1045 1292 socios
1070 1258 1097 1291 C
1122 1258 1182 1299 40,
1201 1257 1234 1290 6.
1275 1259 1313 1290 111
1337 1259 1456 1290 socios
1480 1258 1634 1290 sceleris

106 1305 163 1336 sui
182 1305 344 1346 aperiret
359 1305 383 1336 J
399 1303 461 1344 33,
481 1305 512 1337 2.
540 1306 642 1347 *quos
667 1306 786 1337 socios
803 1305 1018 1337 insidiarum
1037 1307 1263 1346 cognoverat
1277 1304 1301 1335 J
1318 1303 1379 1344 72,
1401 1303 1432 1334 1.
1473 1313 1561 1345 quos
1579 1305 1632 1335 in—

107 1350 254 1391 genium
272 1350 389 1382 socios
407 1350 521 1382 dabat
543 1350 578 1381 H
594 1351 648 1382 111
664 1350 720 1389 67,
742 1350 793 1381 17.
837 1350 890 1382 eis
913 1350 1042 1381 amicis
1066 1349 1213 1390 sociisq.
1240 1348 1396 1380 confisus
1418 1348 1581 1380 Catilina
1605 1348 1632 1380 C

109 1392 168 1433 16,
187 1395 220 1426 4.
262 1397 302 1426 ut
319 1395 435 1436 quisq.
454 1395 681 1427 voluntarius
699 1398 762 1426 aut
780 1405 823 1427 ex
840 1395 951 1430 sociis
969 1396 1007 1425 in
1030 1398 1154 1426 castra
1178 1398 1333 1425 venerat
1350 1393 1377 1424 C
1396 1393 1460 1434 56,
1478 1393 1510 1425 2.
1551 1404 1632 1436 gra—

107 1439 206 1471 viore
226 1439 334 1479 bello,
360 1441 419 1481 qui
437 1440 657 1482 prohibituri
674 1443 864 1480 venerant,
884 1440 1003 1472 socios
1021 1449 1150 1482 regere
1167 1441 1260 1480 conj.
1280 1439 1314 1469 H
1331 1439 1344 1469 i
1361 1437 1415 1470 50.
1457 1439 1578 1470 socius
1598 1442 1634 1470 ct

108 1484 246 1516 amicus
263 1485 388 1527 populi
406 1485 651 1525 RomaniJ24,
662 1485 682 1518 3
699 1487 786 1517 conl.
806 1485 857 1524 14,
868 1485 901 1517 2.
936 1485 1057 1517 300103
1072 1484 1210 1516 amicos
1225 1484 1353 1527 procul
1370 1484 1474 1516 iuxta
1490 1484 1581 1516 sitos
1599 1484 1634 1515 H

106 1529 156 1561 1V
179 1528 240 1569 61,
271 1529 322 1560 17.
365 1530 474 1562 sociis
499 1534 572 1572 atq.
599 1530 728 1562 amicis
752 1530 892 1562 auxilia
915 1530 1114 1572 portabant
1137 1529 1164 1561 C
1188 1528 1227 1571 6,
1245 1530 1278 1561 5.
1319 1529 1411 1562 socii
1430 1539 1633 1571 nomenque

107 1574 280 1606 Latinum
297 1575 320 1606 J
337 1574 392 1613 43,
411 1575 432 1606 4
449 1578 535 1607 conl.
554 1574 609 1615 39,
620 1575 651 1607 2.
672 1575 727 1615 42,
741 1574 770 1607 l.
803 1593 845 1598 —
865 1578 902 1607 et
919 1576 1067 1607 Latium
1083 1575 1107 1606 J
1122 1573 1178 1615 95,
1192 1574 1219 1607 l.
1246 1574 1281 1606 Η
1296 1575 1314 1606 1
1334 1574 1386 1606 17.
1412 1574 1466 1615 41,
1489 1574 1530 1605 12
1545 1577 1633 1606 conl.

107 1629 172 1661 per
187 1619 352 1651 homines
369 1620 528 1652 nominis
545 1620 653 1651 latini
672 1626 709 1651 et
725 1621 846 1652 socios
863 1620 1013 1652 Italicos
1029 1621 1054 1652 J
1070 1619 1131 1661 40,
1149 1621 1181 1652 2.
1222 1620 1406 1652 sociorum
1430 1620 1587 1651 iniuriae
1605 1619 1633 1651 C

109 1665 164 1703 52,
183 1663 216 1695 6.
241 1664 265 1695 J
285 1663 337 1704 14,
360 1664 411 1696 19.
453 1664 630 1697 liberales
657 1676 701 1697 ex
724 1667 906 1697 sociorum
924 1666 1082 1697 fortunis
1100 1665 1127 1696 C
1145 1664 1207 1705 52,
1229 1665 1282 1696 12.
1325 1675 1405 1696 cum
1424 1665 1634 1696 cohortibus

108 1709 287 1740 sociorum
305 1709 327 1740 J
345 1708 399 1749 58,
419 1709 450 1740 5.
486 1709 648 1741 defectio
666 1710 847 1742 sociorum
865 1710 899 1741 H
915 1710 932 1741 Ι
953 1710 1004 1741 17.
1030 1711 1064 1741 11
1080 1709 1176 1749 41,6.
1210 1710 1388 1742 sociorum
1406 1714 1480 1751 atq.
1499 1710 1634 1742 civium

107 1754 225 1786 maior
249 1754 355 1786 nobis
381 1755 488 1796 copia
504 1753 533 1785 C
552 1754 612 1794 52,
633 1753 677 1786 20
701 1755 767 1793 cfr.
787 1756 958 1786 coercere
985 1755 1152 1786 omnibus
1176 1755 1291 1786 modis
1309 1756 1428 1786 socios
1446 1759 1520 1796 atq.
1540 1755 1633 1787 civis

108 1799 136 1830 O
154 1798 209 1839 29,
229 1799 261 1831 3.
304 1809 440 1838 omnes,
459 1799 553 1831 socii
572 1802 646 1840 atq.
664 1799 788 1831 hostes
804 1800 828 1831 J
844 1799 905 1840 92,
925 1800 958 1839 2,
999 1800 1122 1835 omnia
1141 1809 1186 1831 ea
1203 1800 1315 1831 sociis
1333 1800 1514 1839 adimere,
1540 1809 1633 1841 quae

106 1845 268 1876 victores
284 1844 450 1876 hostibus
465 1844 693 1886 reliquerant
706 1843 734 1875 C
754 1844 804 1885 12,
824 1845 856 1877 5.
889 1854 972 1886 neq.
990 1855 1057 1886 per
1069 1845 1142 1876 vim
1155 1845 1268 1876 sociis
1285 1849 1435 1886 ereptae
1453 1844 1634 1887 pecuniae

106 1889 131 1921 J
147 1888 203 1929 31,
221 1889 276 1920 25.
318 1890 356 1920 111
374 1899 510 1921 summo
528 1889 691 1931 periculo
708 1889 853 1921 illorum
869 1892 989 1922 socios
1008 1890 1085 1921 fore
1102 1890 1125 1921 J
1143 1889 1204 1929 77,
1226 1889 1255 1921 l.
1289 1889 1561 1931 praesidentem
1579 1891 1634 1921 3οὲ

109 1935 186 1967 cios
204 1935 239 1965 H
255 1934 291 1966 ΙΙ
308 1934 363 1965 28.
406 1934 499 1976 quod
522 1934 623 1976 ubiq.
647 1934 743 1976 apud
767 1935 887 1967 socios
911 1938 974 1966 aut
995 1934 1110 1967 hostis
1134 1934 1303 1966 idoneum
1320 1935 1516 1967 videbatur
1532 1935 1559 1966 C
1577 1934 1634 1974 51,

107 1978 161 2012 38.
205 1979 354 2012 factiosi
372 1979 479 2018 domi,
499 1983 668 2022 potentes
688 1980 784 2021 apud
801 1980 920 2012 socios
937 1979 961 2011 J
977 1978 1016 2020 8,
1040 1979 1068 2012 1.
1110 1980 1221 2012 sociis
1238 1980 1371 2012 vostris
1388 1980 1504 2014 veluti
1522 1980 1634 2012 hosti-

108 2024 193 2064 bus,
221 2024 386 2057 hostibus
409 2035 474 2066 pro
498 2025 610 2056 sociis
634 2028 785 2056 utuntur
807 2025 829 2056 J
854 2023 916 2064 31,
941 2024 997 2057 23.
1046 2025 1185 2057 auxilia
1210 2035 1232 2056 a
1256 2025 1400 2067 populis
1426 2029 1463 2057 et
1484 2025 1643 2067 regibus·

108 2069 255 2111 sociisq.
276 2079 465 2102 arcessere
482 2070 506 2101 J
521 2068 577 2109 84,
596 2069 628 2100 2.
671 2080 714 2101 ex
733 2070 844 2101 sociis
862 2070 996 2102 nostris
1012 2070 1169 2112 praedas
1188 2072 1333 2112 agentis
1349 2071 1369 2102 J
1388 2069 1444 2111 88,
1463 2069 1496 2103 3.
1529 2081 1635 2112 prae-

108 2114 214 2146 dator
231 2125 276 2146 ex
293 2115 404 2147 sociis
430 2118 467 2146 et
489 2116 568 2156 ipse
592 2114 731 2156 praeda
755 2114 914 2147 hostium
930 2115 954 2146 J
969 2115 1025 2155 44,
1046 2115 1075 2148 1.
1099 2128 1146 2143 =
1167 2116 1268 2147 socia.
1299 2115 1403 2147 nulla
1420 2118 1552 2158 (uxor)
1570 2126 1635 2158 pro

109 2159 212 2191 socia
229 2160 372 2191 obtinet
386 2159 410 2191 J
427 2158 482 2198 80,
501 2160 533 2191 6.

154 2205 309 2236 socordia
326 2208 400 2246 atq.
419 2205 570 2246 ignavia
591 2203 692 2246 (conl.
713 2203 740 2235 C
758 2204 820 2245 52,
839 2203 895 2237 29.
920 2205 944 2237 J
961 2203 1020 2246 31,
1040 2206 1072 2237 2.
1099 2207 1134 2238 H
1151 2207 1168 2238 I
1183 2204 1246 2246 48,
1268 2206 1322 2248 ll)
1347 2206 1499 2238 Lentuli
1523 2217 1634 2248 quan-

110 2252 185 2282 tam
203 2250 275 2291 ipsi
291 2250 433 2291 nobisq.
454 2249 595 2281 cladem
614 2249 789 2281 adtulerit
807 2250 834 2282 C
851 2248 906 2291 58,
917 2250 950 2282 4.
993 2255 1129 2293 quanto
1147 2252 1224 2285 vita
1237 2251 1378 2284 illorum
1396 2251 1634 2294 praeclarior,

109 2298 212 2326 tanto
230 2295 355 2326 horum
372 2295 541 2326 socordia
557 2294 777 2336 flagitiosior
792 2295 815 2327 J
831 2294 886 2336 85,
905 2295 960 2327 22.
993 2296 1057 2328 11111
1073 2297 1262 2330 socordiae
1280 2300 1316 2329 te
1336 2302 1445 2339 atque
1461 2297 1636 2340 ignaviae

109 2339 307 2371 tradideris
333 2339 360 2370 C
385 2339 447 2378 52,
467 2339 521 2371 29.
569 2338 762 2371 mollitiam
785 2341 1026 2383 socordiamq.
1055 2342 1125 2374 viri
1146 2352 1323 2374 accusare
1346 2343 1371 2374 J
1395 2342 1454 2382 70,
1481 2343 1513 2374 5.
1564 2353 1636 2374 me—

109 2387 186 2416 tum
211 2394 258 2416 an
281 2384 468 2426 ignaviam
493 2394 541 2415 an
563 2384 770 2416 socordiam
795 2395 876 2417 eam
900 2386 1082 2428 adpellem
1099 2388 1134 2418 H
1149 2388 1167 2419 I
1183 2386 1238 2426 48,
1260 2386 1312 2419 11.
1353 2387 1417 2419 ubi
1434 2398 1500 2429 per
1516 2397 1637 2419 socor-

111 2429 209 2461 diam
234 2429 331 2461 vires
355 2429 545 2470 ingenium
562 2431 706 2471 tempus
725 2429 952 2463 diffluxere'J
977 2431 1005 2471 1,
1025 2432 1058 2463 4.
1099 2433 1268 2464 socordia
1287 2435 1395 2473 atque
1414 2433 1558 2464 desidia
1576 2433 1636 2464 bo-

110 2484 195 2505 num
218 2474 330 2505 otium
356 2477 546 2506 conterere
573 2473 600 2505 C
625 2474 664 2514 4,
686 2473 716 2505 1.
758 2476 945 2518 ingenium
968 2477 1108 2509 incultu
1134 2481 1208 2519 atq.
1234 2477 1400 2509 socordia
1426 2481 1637 2519 torpescere

111 2519 235 2551 sinunt
251 2519 274 2550 J
291 2519 329 2558 2,
349 2519 382 2550 4.
417 2521 457 2550 ut
480 2519 584 2551 vobis
610 2519 753 2552 animus
777 2521 823 2552 ab
848 2521 1002 2563 ignavia
1027 2525 1100 2564 atq.
1128 2522 1297 2554 socordia
1321 2527 1519 2564 conruptus
1545 2522 1593 2553 sit
1613 2522 1648 2555 J.

111 2563 172 2603 31,
192 2564 224 2595 2.
273 2563 486 2606 Iugurtham
510 2563 742 2605 magnifieum
767 2576 810 2597 ex
833 2566 918 2598 Auli
946 2567 1114 2599 socordia
1136 2567 1160 2599 J
1183 2567 1246 2607 55,
1267 2566 1295 2598 1.
1337 2577 1456 2608 neque
1479 2571 1639 2599 tractum

111 2609 246 2641 bellum
264 2609 434 2640 socordia
451 2610 570 2651 magis
588 2610 698 2658 qua*
713 2609 793 2642 dolo
808 2610 832 2643 J
849 2609 903 2650 36,
919 2610 951 2644 3.
986 2612 1079 2643 haec
1097 2613 1130 2643 si
1147 2611 1230 2643 dolo
1248 2615 1311 2643 aut
1327 2612 1497 2644 socordia
1513 2614 1641 2644 nostra

113 2657 304 2686 contracta
321 2657 406 2686 sunt
424 2654 458 2685 H
475 2654 511 2685 11
527 2653 569 2684 41
582 2677 590 2693 ,
608 2654 639 2686 8.
682 2664 776 2696 quae
793 2656 963 2688 socordia
980 2660 1107 2688 nostra
1125 2656 1296 2688 conlecta
1313 2660 1398 2687 sunt
1414 2657 1450 2688 H
1466 2658 1484 2688 Ι
1499 2657 1562 2697 48,
1581 2656 1637 2688 21.

111 2698 204 2730 nihil
229 2699 398 2730 socordia
422 2698 621 2731 claudebat
637 2699 672 2730 H
688 2700 701 2730 i
720 2698 793 2732 107.
836 2701 1054 2743 capiamini,
1080 2711 1152 2733 non
1170 2701 1298 2744 opibus
1317 2702 1414 2742 eius,
1441 2706 1500 2734 set
1517 2706 1641 2735 vostra

114 2744 283 2780 socordia
300 2744 335 2775 H
351 2744 369 2775 1
385 2743 442 2785 41,
460 2742 525 2775 20.·
556 2743 594 2775 id
611 2744 824 2777 socordiane
844 2756 891 2777 an
910 2756 998 2778 casu
1017 2747 1195 2778 acciderit
1209 2747 1234 2779 J
1251 2746 1304 2786 79,
1324 2746 1357 2778 5.

159 2796 282 2820 socors.
314 2799 431 2830 neque
450 2788 606 2821 victoria
623 2798 748 2821 socors
766 2793 829 2821 ant
844 2790 1005 2822 insolens
1025 2791 1146 2823 factus
1162 2791 1186 2823 J
1205 2791 1287 2831 100,
1309 2791 1338 2823 1.
1382 2800 1470 2833 quos
1495 2792 1640 2835 langui-

116 2833 648 2910 dosi·txsoc(1)11·‹11ilslq.711›ertimuere
674 2832 771 2876 (obp.
791 2835 1052 2877 pergentibus)
1080 2836 1113 2867 H
1130 2836 1186 2868 III
1201 2835 1257 2878 61,
1274 2836 1308 2869 8.
1325 2849 1373 2864 ==
1394 2838 1568 2870 socordius
1585 2838 1638 2871 ire

118 2889 167 2910 1111
185 2889 198 2909 1
217 2888 256 2910 es
441 2902 448 2910 .
