1838 3288
242 230 320 271 132
455 241 751 269 HISTORIARVM
780 239 948 266 meeum.
975 235 1147 268 Lumen.
1179 240 1323 273 Remo.
1359 235 1536 270 45—52.

239 345 334 376 hanc
360 343 576 383 scripturam
603 340 649 370 ab
676 349 718 370 eo
743 339 929 372 inventam
961 349 1041 371 esse
1073 342 1212 372 certum
1237 340 1397 380 videtur,
1430 343 1487 372 set
1517 350 1597 372 cum
1628 340 1756 382 utique

240 389 367 420 mirum
393 387 450 425 sit,
478 384 570 426 quod
589 385 752 425 quamvis
769 387 843 416 tam
860 383 963 415 multi
984 384 1028 416 de
1045 385 1153 416 rebus
1170 384 1266 417 bello
1284 386 1397 428 gestis
1414 385 1655 424 narraverint,
1673 394 1756 416 nus-

242 442 348 473 quam
373 435 497 462 tamen
513 429 732 460 festinarum
750 429 950 460 cohortium
971 430 1107 461 mentio
1125 430 1228 462 facta
1245 430 1462 469 inveniatur,
1488 439 1605 471 neque
1631 429 1758 471 quales

239 477 327 508 illae
354 475 489 506 fuerint
515 484 558 505 ex
583 483 621 505 re
646 473 728 515 ipsa
753 476 789 505 et
813 473 985 506 vocabuli
1007 477 1142 507 natura
1166 475 1428 517 perspiciatur,
1464 477 1564 506 certe
1589 484 1661 506 non
1686 474 1756 505 rei-

242 520 393 552 ciundus
420 521 493 558 est,
527 518 588 560 qui
618 528 703 549 num
734 518 892 550 fortasse
918 518 1067 551 Servius
1100 523 1275 562 conrupta
1301 519 1397 561 apud
1421 518 1635 551 Sallustium
1658 519 1758 551 inve-

240 566 337 596 nerit
362 563 595 606 quaesiverit.
644 563 699 595 De
726 573 797 604 qua
821 573 860 594 re
887 566 971 595 ante
998 574 1106 605 quam
1131 564 1369 596 diiudicatum
1387 564 1510 604 fuerit,
1538 573 1758 605 supervaca—

240 620 347 641 neum
366 612 421 640 est
439 618 614 650 quaerere
631 607 696 639 ubi
713 607 813 639 dieta
831 608 978 647 fuerint,
997 618 1114 650 neque
1133 609 1295 640 Kritzius
1314 609 1359 648 ei,
1386 609 1423 639 in
1441 618 1548 650 quam
1565 608 1757 648 inciderat,

240 654 451 696 suspitioni,
488 652 738 685 continuanda
771 662 850 684 esse
876 653 990 685 verba
1017 663 1097 685 cum
1122 654 1165 685 fr.
1193 654 1228 686 ΙΙ
1255 653 1314 694 15,
1347 653 1407 686 cui
1437 663 1509 685 non
1532 652 1623 684 nihil
1650 653 1695 684 ab
1720 662 1759 684 re

240 700 322 741 ipsa
347 699 481 738 obstat,
508 698 586 740 ipse
613 698 808 739 quidquam
832 698 971 730 tribuit.

355 789 408 827 45
443 787 522 840 [Kr.
556 792 608 825 11.
643 789 681 825 G.
704 789 746 824 lv
767 786 843 839 40].
898 787 962 826 Set
993 786 1060 826 ubi
1091 791 1268 838 tempore
1305 788 1396 827 anni
1426 799 1536 827 mare
1573 786 1761 826 classibus

239 856 476 908 patefactum
503 858 572 894 est.
1722 859 1785 923 .

356 934 456 966 Serv.
491 933 537 965 ad
568 933 677 975 Verg.
710 931 752 963 A.
777 932 795 964 I
826 931 889 964 146
921 933 966 964 ob
998 935 1110 974 aperit
1142 933 1188 964 ab
1220 932 1384 975 Vergilio
1417 931 1584 964 similiter
1613 931 1759 964 dictum.

242 981 437 1011 Possumus
470 988 515 1010 ea
546 977 648 1009 dicta
679 979 840 1009 statuere
872 977 931 1010 vel
963 977 1006 1009 de
1040 981 1141 1009 certa
1173 977 1404 1020 expeditione
1435 977 1631 1009 marituma
1659 975 1762 1019 (puta

242 1023 535 1101 {SLpirgrgitlrimzffzt'ultss
554 1021 702 1064 Antoni)
728 1022 787 1055 vel
805 1022 849 1054 de
868 1032 966 1054 more
991 1022 1191 1065 piratarum
1210 1022 1403 1064 quotannis
1427 1021 1581 1054 marium
1605 1021 1763 1054 omnium

357 1147 410 1186 4ss
444 1146 531 1199 [Kr.
555 1151 607 1183 12.
638 1148 676 1184 G.
695 1147 738 1184 ΙΙΙ
763 1144 838 1197 71].
892 1133 1077 1196 Repente⁸
1099 1146 1275 1186 incautos
1302 1156 1418 1196 agros
1449 1146 1596 1184 invasit.

358 1226 458 1258 Serv.
486 1225 533 1256 ad
556 1225 665 1266 Verg.
688 1223 752 1256 Ge.
771 1224 826 1263 111
850 1222 916 1255 469
939 1223 996 1255 his
1022 1224 1205 1256 adiunctis
1229 1225 1251 1256 i.
1270 1234 1299 1256 e.
1317 1225 1448 1257 securis
1472 1228 1506 1256 et
1530 1223 1646 1267 quibus
1657 1233 1763 1265 prae-

244 1275 374 1303 cautum
398 1281 464 1303 non
489 1274 575 1302 erat.
617 1270 672 1300 De
700 1268 868 1310 Spartaci
893 1269 1055 1300 exercitu
1080 1269 1201 1301 subito
1226 1269 1263 1300 in
1286 1269 1534 1301 meridionalis
1550 1267 1682 1300 Italiae
1706 1277 1762 1299 re-

246 1317 373 1358 giones
403 1316 631 1357 inrumpente
663 1313 757 1345 haec
789 1313 863 1345 dici
887 1314 1048 1355 potuisse
1076 1313 1272 1346 Gerlachio
1305 1314 1580 1346 concedundum
1611 1316 1685 1353 est3
1717 1312 1762 1344 de

245 1371 314 1402 quo
341 1360 412 1393 alio
438 1360 530 1391 duce
556 1362 654 1391 recte
680 1358 780 1390 dicta
804 1358 999 1391 videantur
1022 1369 1094 1391 non
1119 1362 1274 1391 constat.

360 1439 445 1477 ἓξ47
478 1437 557 1490 [Kr.
583 1442 635 1475 13.
670 1439 707 1475 G.
730 1436 807 1489 46].
865 1436 1004 1476 Virtuti
1033 1437 1124 1476 satis
1155 1437 1379 1477 credebant.

360 1517 460 1549 Serv.
488 1516 534 1548 ad
558 1517 667 1558 Verg.
693 1515 775 1547 1⁴:01.
800 1515 836 1547 II
865 1514 902 1546 17
936 1526 1004 1557 quo
1029 1517 1171 1548 credere
1196 1516 1291 1548 idem
1317 1526 1398 1548 esse
1425 1525 1469 1547 ac
1495 1514 1676 1547 confidere
1701 1524 1762 1546 ex-

247 1562 364 1606 emplo
389 1561 613 1593 inlustraret.
663 1559 753 1592 Cum
777 1570 863 1593 vero
888 1560 967 1602 Iug.
997 1559 1070 1600 106,
1093 1560 1114 1593 3
1138 1560 1310 1603 legantur
1333 1561 1468 1592 haece:
1493 1561 1610 1592 virtuti
1631 1569 1764 1592 suorum

244 1610 329 1640 satis
353 1607 506 1643 credere,
531 1616 600 1637 nec
624 1605 737 1638 verba
761 1605 827 1636 illa
854 1605 944 1636 satis
964 1608 1048 1647 apte
1067 1605 1140 1636 (lici
1156 1605 1318 1647 potuisse
1343 1605 1546 1645 videantur,
1573 1604 1644 1636 nisi
1662 1604 1764 1636 cuius

245 1653 373 1686 virtuti
399 1651 608 1684 crederetur
633 1650 773 1690 addito,
807 1653 924 1682 utrum
955 1649 1021 1681 illa
1051 1650 1166 1682 verba
1194 1660 1238 1682 ex
1261 1650 1342 1683 loco
1367 1650 1446 1693 Iug.
1471 1649 1568 1682 male
1592 1649 1786 1692 repetita(

248 1708 295 1730 an
322 1708 364 1729 ex
389 1696 564 1728 Historiis
589 1696 781 1738 desumpta
806 1695 889 1734 sint,
914 1695 1023 1727 valde
1049 1695 1195 1727 dubium
1214 1699 1279 1727 est.

361 1773 413 1814 48
447 1774 599 1827 [Kr.14.
633 1776 671 1812 G.
693 1773 769 1826 32].
828 1773 966 1824 Tergis
996 1773 1227 1813 vinciebant.

361 1853 449 1886 Cum
467 1853 568 1886 Serv.
589 1853 635 1884 ad
651 1853 760 1895 Verg.
780 1852 831 1884 IX
848 1851 913 1884 412
930 1854 1037 1894 ter-9125·
1059 1863 1124 1894 pro
1148 1852 1339 1895 teryorz'bus
1362 1851 1498 1884 dietum
1524 1861 1603 1884 esse
1621 1851 1764 1891 doceat,

247 1900 405 1932 fortasse
429 1899 523 1931 haec
546 1897 661 1931 verba
687 1898 732 1930 ad
758 1897 911 1929 eandem
936 1907 1012 1929 rem
1035 1897 1243 1940 pertinuere
1269 1900 1377 1939 atque
1402 1897 1445 1928 fr.
1471 1897 1524 1929 IV
1549 1895 1566 1928 1
1592 1899 1629 1928 et
1651 1895 1684 1927 2.

361 1978 413 2017 49
443 1977 522 2030 [Kr.
552 1981 604 2014 15.
638 1979 676 2014 G.
698 1975 777 2028 31].
834 1976 917 2015 Neu
949 1977 1035 2026 quis
1059 1975 1170 2014 miles
1200 1988 1296 2014 neve
1326 1986 1399 2026 pro
1428 1974 1561 2014 milite.

361 2056 462 2088 Serv.
490 2055 535 2087 ad
559 2055 670 2096 Verg.
701 2054 743 2086 A.
769 2054 806 2086 II
834 2053 913 2086 157:
947 2040 1146 2096 I’lerum‘que
1178 2057 1262 2085 enim
1293 2055 1423 2086 evocati
1451 2055 1607 2086 dicuntur
1636 2057 1671 2085 et
1700 2063 1764 2086 non

246 2106 322 2133 sunt
346 2103 473 2138 milites,
499 2104 550 2132 set
570 2110 637 2141 pro
662 2100 783 2135 milne,-
807 2099 894 2130 unde
919 2098 1114 2131 Sallustius:
1139 2108 1212 2130 neu
1236 2117 1278 2120 -
1303 2098 1431 2131 milite.

362 2181 414 2218 50
447 2178 534 2230 [Kr.
564 2182 616 2214 16.
653 2180 691 2215 G.
714 2175 791 2228 30].
837 2176 1025 2216 Graviore
1053 2176 1169 2222 bello,
1202 2177 1268 2228 qui
1298 2176 1534 2228 prohibituri
1563 2179 1763 2221 venerant,

245 2258 374 2285 socios
403 2256 556 2294 regere.

359 2322 500 2355 Adtulit
522 2323 655 2354 Donat.
683 2322 729 2354 ad.
754 2322 835 2354 Ter.
863 2323 952 2354 Hec.
980 2323 1011 2354 V
1038 2322 1073 2362 1,
1100 2322 1160 2363 32,
1194 2325 1233 2354 ut
1255 2323 1370 2364 ρναυίε
1402 2322 1499 2354 idem
1525 2332 1605 2354 esse
1631 2332 1675 2354 ac
1699 2331 1766 2354 mo-

247 2372 349 2401 lestus
379 2368 600 2400 ostenderet.
656 2367 719 2399 Set
749 2378 919 2408 pervorse
952 2367 1003 2398 ibi
1030 2367 1203 2399 scribitur
1230 2368 1316 2400 socii
1339 2367 1491 2409 fm'yere,
1516 2378 1580 2410 pro
1607 2377 1694 2410 quo,
1725 2369 1765 2398 ut

247 2412 448 2491 protbabilis
474 2411 657 2444 sententia
683 2411 907 2452 ecficerctur,
934 2412 1057 2455 recepi
1077 2412 1267 2445 Gerlachii
1296 2412 1415 2455 praef.
1441 2424 1476 2455 p.
1502 2412 1658 2444 XXXIX
1683 2421 1766 2444 cou—

246 2469 304 2490 1ec
322 2468 436 2490 uram.

363 2537 414 2575 51
447 2535 526 2589 [Kr.
551 2541 604 2574 17.
635 2538 672 2573 G.
698 2534 774 2587 73].
830 2534 1054 2573 Exercitum
1085 2534 1296 2587 [maiorum
1322 2535 1452 2588 more]
1482 2539 1650 2575 vortere.

361 2615 570 2648 Sallustium
592 2617 727 2646 vortere
752 2613 804 2645 sic
829 2613 1044 2655 simpliciter
1068 2624 1132 2656 pro
1157 2615 1378 2647 considerare
1404 2614 1558 2655 dixisse,
1593 2617 1634 2646 ut
1649 2611 1764 2646 ‘adfir-

247 2663 324 2694 mat
349 2661 449 2693 Serv.
484 2659 530 2691 ad
553 2659 661 2700 Verg.
687 2659 729 2690 A.
761 2658 792 2690 V
816 2657 901 2699 408,
931 2667 1078 2700 prorsus
1102 2658 1336 2699 incredibile,
1371 2662 1428 2691 set
1451 2659 1632 2691 rationem
1656 2667 1764 2700 expe-

249 2706 406 2738 diundae
431 2703 661 2736 difficultatis
685 2702 823 2735 nullam
845 2703 981 2735 inveni.

362 2783 416 2822 52
446 2783 525 2836 [Kr.
551 2787 603 2819 18.
635 2784 673 2819 G.
697 2780 774 2835 71].
833 2781 971 2820 Hostes
998 2780 1176 2833 obpressi
1201 2786 1268 2825 aut
1297 2781 1434 2832 dilapsi
1468 2766 1610 2820 lorent.

363 2861 490 2894 Isidor.
510 2860 572 2893 Or.
590 2860 714 2892 XVIII
730 2861 762 2899 2,
781 2859 844 2902 7p.
861 2858 940 2892 562.
966 2860 1066 2892 Haut
1085 2869 1231 2901 prorsus
1245 2859 1486 2902 inprobabilis
1501 2859 1596 2892 haec
1611 2858 1764 2902 suspitio

250 2906 404 2947 videtur,
429 2906 546 2939 verba
570 2905 670 2937 dicta
695 2905 809 2937 fuisse
835 2905 879 2937 de
906 2904 1011 2937 clade
1036 2904 1259 2937 Mithridatis
1286 2905 1381 2947 apud
1406 2904 1570 2937 Comana
1594 2906 1761 2947 accepta,
