1852 3294
199 242 205 248 '
222 239 302 280 262
915 250 1048 276 INDEX

223 354 359 384 liberos
376 349 575 392 parentisq.
595 349 634 380 in
650 349 761 380 muris
778 349 993 381 locaverant
1009 350 1044 381 H
1060 350 1072 381 i
1090 349 1144 382 39.
1175 350 1354 382 stationes
1367 350 1514 383 locatae
1526 361 1592 394 pro
1611 350 1743 384 castris

224 398 258 428 H
276 398 288 428 i
305 396 359 428 43.
403 394 498 436 apud
515 395 713 425 Praeneste
731 394 872 426 locatus
890 394 925 425 H
941 395 958 426 I
975 395 1030 427 25.
1625 406 1627 408 ·

268 441 426 479 locuples.
459 449 539 470 sese
564 438 703 480 praeda
727 439 946 481 locupletem
963 439 1042 471 fore
1059 440 1082 471 J
1099 439 1160 480 84,
1180 440 1212 471 4.
1255 440 1392 472 milites
1415 441 1579 473 modesto
1602 441 1744 484 inperio

225 485 343 517 habiti
361 484 466 515 simul
485 486 521 514 et
538 482 741 525 locupletes
758 484 781 515 J
797 484 860 525 92,
879 485 911 516 2.
951 485 1237 528 proscriptiones
1254 484 1490 527 locupletium
1507 484 1535 518 C
1554 485 1609 527 21,
1627 486 1660 519 2.
1691 486 1746 518 uti

227 530 340 571 quisq.
359 528 676 570 locupletissumus
694 529 728 560 H
744 530 761 560 I
782 528 833 561 10.
896 544 898 547 ·

270 575 374 605 locus.
407 577 462 605 cst
485 573 522 604 in
548 583 697 605 carcere
722 573 824 606 loeus
842 574 868 606 C
886 574 941 614 55,
961 573 991 606 3.
1034 574 1305 606 Catabathmon
1330 575 1391 617 qui
1414 574 1516 607 locus
1540 575 1746 618 Aegyptum

230 637 266 641 —
288 618 417 651 dividit
433 618 457 649 J
476 617 527 658 19,
548 617 580 649 3.
614 618 749 650 talibus
766 629 839 651 nou
855 619 957 651 locus
973 619 1068 651 ullus
1087 630 1195 662 asper
1210 623 1272 651 aut
1290 620 1423 652 arduus
1442 619 1468 651 C
1489 620 1526 660 7,
1545 620 1577 652 5.
1616 620 1748 663 Iugur-

227 664 312 696 thae
332 666 531 706 oportunus
548 663 572 695 J
588 662 650 702 91,
669 664 700 695 7.
743 665 938 706 aggeribus
955 665 1168 707 inportunus
1183 665 1207 696 J
1223 663 1284 705 92,
1303 665 1335 697 7.
1376 675 1494 706 neque
1510 665 1613 697 locus
1629 675 1746 707 neque

229 709 367 740 amicus
392 708 580 751 quisquam
603 711 706 750 teget
729 709 756 741 C
775 708 835 749 58,
857 708 908 741 10.
947 720 1040 751 quae
1064 709 1166 742 locus
1189 709 1394 752 praebebat
1415 710 1441 742 J
1455 709 1517 750 67,
1539 709 1569 742 1.
1610 710 1642 741 si
1660 720 1761 756 quos·

228 754 328 786 locus
347 756 409 785 aut
427 763 532 785 casus
551 754 791 786 coniunxerat
806 755 829 786 J
846 752 901 793 97,
921 754 952 786 5.
996 765 1076 786 eam
1094 764 1171 786 rem
1187 754 1288 786 locus
1306 755 1493 786 admonuit
1507 756 1531 787 J
1549 754 1603 795 79,
1623 754 1653 787 1.
1693 755 1749 787 uti

229 799 304 831 suis
327 799 493 841 receptui
516 798 618 830 loeus
644 803 742 831 esset
765 799 789 830 J
811 798 872 840 98,
892 798 923 831 3.
965 799 1061 831 ultra
1085 809 1202 841 neque
1229 800 1361 841 gaudio
1378 810 1496 842 neque
1515 809 1626 832 curae
1646 799 1748 832 loeus

231 847 286 876 est
313 843 339 875 C
358 842 419 883 51,
439 842 493 875 20.
535 843 565 875 si
589 847 745 885 peccato
768 843 871 875 locus
896 847 995 875 esset
1018 844 1045 875 O
1070 844 1132 885 52,
1148 844 1191 877 35
1216 844 1303 884 (vid.
1328 845 1423 885 infra
1446 844 1546 887 acm).
1594 845 1663 876 looi
1686 854 1749 877 an-

230 889 376 931 gustiae
402 887 428 919 C
453 887 514 927 58,
534 888 589 920 20.
631 888 835 920 difficultas
859 889 882 921 J
906 888 968 928 98,
988 888 1020 920 5.
1061 889 1179 920 facies
1204 888 1231 920 C
1256 889 1318 927 55,
1337 890 1369 920 4.
1394 889 1418 921 J
1440 889 1502 931 78,
1521 889 1543 922 3
1560 888 1747 930 (--orurn).

229 934 415 975 ingenium
434 934 469 964 H
485 933 538 964 III
558 932 610 965 18.
652 934 826 975 iniquitas
844 934 866 965 J
883 933 939 974 92,
957 933 1000 966 0.·
1025 934 1223 966 insolentia
1239 934 1262 965 J
1279 933 1335 974 50,
1352 933 1384 966 6.
1423 934 1562 966 laxitas
1579 934 1613 965 H
1629 934 1680 966 IV
1695 934 1750 966 44.

231 983 364 1010 natura
381 979 404 1009 J
421 978 476 1017 23,
499 978 526 1009 1.
553 978 607 1018 49,
628 979 659 1010 5.
703 979 928 1020 oportunitas
945 978 969 1010 J
986 978 1046 1019 37,
1066 980 1098 1011 4.
1125 979 1187 1018 47,
1206 979 1239 1010 2.
1264 978 1324 1019 48,
1345 979 1376 1011 2.
1418 988 1552 1021 gnarus
1576 979 1611 1010 H
1627 978 1751 1012 11169.

230 1024 381 1066 ignarus
398 1024 421 1054 J
442 1023 492 1064 12,
512 1022 543 1055 3.
586 1024 631 1055 ad
650 1024 686 1055 id
703 1024 776 1055 loci
794 1034 927 1056 venere
947 1024 973 1055 O
991 1024 1046 1065 45,
1065 1023 1097 1056 3.
1122 1024 1145 1055 J
1163 1024 1224 1064 75,
1244 1024 1278 1055 7.
1319 1024 1350 1055 is
1370 1024 1415 1055 ad
1431 1023 1466 1055 id
1484 1024 1646 1056 locorum
1663 1023 1752 1056 talis

232 1070 289 1101 vir
304 1068 328 1100 J
343 1067 404 1108 63,
423 1067 455 1100 6.
499 1070 579 1109 post
603 1069 640 1100 id
664 1068 826 1101 locorum
847 1069 872 1100 J
888 1068 949 1107 77,
969 1069 1001 1101 2.
1041 1071 1123 1111 post
1147 1079 1192 1100 ea
1215 1069 1287 1100 loci
1309 1069 1332 1100 J
1353 1068 1433 1109 102,
1454 1069 1484 1100 7.
1535 1078 1653 1112 neque
1677 1069 1752 1100 loco

233 1123 351 1155 neque
369 1113 507 1145 homini
525 1114 618 1155 cuiq.
639 1114 730 1146 satis
749 1114 899 1146 credere
919 1113 1024 1154 Gal,
1044 1115 1065 1144 2
1082 1116 1168 1146 conl.
1185 1115 1207 1146 J
1225 1114 1288 1154 72,
1304 1114 1335 1146 2.
1386 1124 1492 1156 quem
1516 1114 1626 1145 locum
1643 1112 1752 1146 Cata-

234 1158 407 1190 bathmon
433 1157 622 1200 adpellant
638 1159 661 1190 J
682 1158 739 1199 17,
759 1159 791 1191 4.
834 1169 939 1199 arae,
967 1169 1074 1201 quem
1096 1159 1217 1191 locum
1235 1177 1276 1182 ——
1294 1158 1402 1193 finem
1425 1159 1588 1190 habuere
1603 1159 1627 1190 J
1647 1158 1699 1199 19,
1718 1157 1751 1191 3.

233 1204 351 1235 locum
377 1204 507 1235 castris
534 1206 757 1245 antecapere
780 1205 804 1235 J
827 1203 888 1244 50,
913 1203 941 1235 1.
990 1214 1094 1245 quem
1117 1206 1268 1246 quisque
1291 1204 1408 1236 locum
1431 1204 1536 1236 vivos
1559 1203 1754 1246 pugnando

235 1251 387 1291 ceperat
410 1248 437 1279 C
461 1247 523 1288 61,
543 1248 575 1279 2.
617 1248 735 1280 locum
761 1259 891 1291 cepere
919 1249 1108 1280 editiorem
1131 1249 1155 1281 J
1178 1248 1239 1289 58,
1259 1248 1289 1282 3.
1323 1249 1358 1280 H
1375 1249 1392 1280 I
1409 1248 1464 1280 98.
1506 1258 1612 1290 quem
1636 1249 1755 1281 locum

234 1294 374 1325 Marius
398 1303 531 1335 capere
555 1293 713 1325 intendit
734 1294 758 1325 J
782 1293 842 1334 92,
869 1293 900 1326 6.
950 1294 1142 1335 conloquio
1172 1294 1267 1325 diem
1298 1293 1322 1325 l.
1349 1293 1538 1336 delegeret
1564 1293 1588 1325 J
1614 1292 1697 1333 108,
1721 1293 1754 1326 2.

235 1339 353 1370 locum
377 1339 430 1369 uti
454 1338 666 1370 desererent
682 1339 705 1371 J
722 1338 783 1379 38,
803 1338 835 1371 3.
878 1356 915 1360 —
936 1341 1077 1371 mutare
1100 1339 1124 1370 J
1141 1339 1203 1378 44,
1221 1340 1254 1370 4.
1299 1356 1336 1360 —
1362 1338 1426 1370 ubi
1448 1341 1596 1381 praesto
1619 1338 1757 1371 fuerint

236 1383 417 1425 praedicit
432 1383 455 1414 J
473 1382 532 1423 75,
552 1383 584 1414 5.
628 1384 702 1415 suis
727 1384 849 1415 omnia
872 1385 1019 1426 provisa
1040 1401 1076 1405 —
1096 1384 1215 1415 locum
1240 1384 1464 1425 superiorem
1479 1383 1503 1415 J
1519 1382 1574 1424 49,
1592 1383 1625 1415 2.
1665 1386 1756 1415 tem-

237 1438 304 1470 pus
323 1430 385 1459 aut
401 1427 519 1459 locum
537 1438 682 1469 pugnae
702 1439 877 1470 quaerere
895 1429 918 1460 J
935 1428 995 1469 55,
1015 1427 1048 1459 8.
1089 1447 1131 1451 —
1155 1428 1298 1460 insidiis
1323 1429 1496 1470 temptari
1518 1429 1543 1461 J
1560 1427 1621 1469 46,
1638 1427 1671 1460 6.
1704 1428 1757 1460 10-

238 1483 317 1505 cum
337 1473 473 1504 editum
492 1473 526 1503 H
543 1473 595 1504 111
612 1472 666 1504 70.
707 1473 828 1505 locum
851 1473 1060 1505 introeundi
1083 1473 1248 1505 hostibus
1273 1473 1373 1505 dedit
1388 1474 1411 1505 J
1429 1472 1489 1513 38,
1509 1472 1541 1505 6.
1582 1489 1624 1496 -υ
1652 1473 1756 1506 inva-

238 1518 347 1550 dendi
366 1527 541 1559 quaerere
557 1517 581 1549 J
598 1517 659 1559 85,
679 1518 710 1550 5.
754 1518 800 1550 ad
823 1518 942 1550 locum
967 1519 1088 1560 pergit
1103 1519 1127 1550 J
1143 1517 1198 1556 94,
1222 1518 1250 1549 1.
1290 1518 1328 1549 in
1347 1528 1427 1549 eum
1444 1518 1561 1550 locum
1579 1517 1758 1550 Lentulus

238 1563 417 1595 demissus
436 1565 491 1594 est
509 1562 536 1594 C
555 1562 650 1602 55,5.
681 1563 850 1594 inlocum
870 1574 997 1595 aecum
1015 1564 1164 1595 deducit
1181 1562 1208 1593 C
1226 1562 1281 1603 59,
1296 1563 1324 1594 1.
1351 1563 1375 1594 J
1392 1563 1447 1604 52,
1458 1563 1490 1595 5.
1525 1580 1563 1585 —
1581 1581 1622 1586 —
1639 1566 1756 1595 tumu—

238 1608 354 1640 losum
371 1608 539 1649 pervenit
555 1608 579 1640 J
594 1607 690 1647 91,3.
724 1626 766 1630 —
782 1625 828 1631 ——
845 1608 1020 1640 ambobus
1037 1608 1215 1650 placitum
1233 1608 1458 1639 conveniunt
1472 1608 1495 1639 J
1512 1607 1567 1649 81,
1589 1608 1620 1640 1.
1653 1618 1759 1650 quem

238 1653 277 1684 in
293 1653 414 1684 locum
431 1653 572 1684 vellent
589 1663 823 1695 processuros
839 1653 863 1685 J
879 1653 941 1692 79,
960 1652 992 1686 8.
1033 1663 1105 1685 non
1129 1653 1228 1684 ultra
1247 1653 1429 1690 contionis
1446 1652 1565 1684 locum
1581 1662 1759 1685 memores

238 1697 424 1729 libertatis
442 1698 477 1728 H
492 1698 547 1729 III
563 1696 625 1738 61,
649 1697 699 1730 14.
747 1699 821 1729 loco
846 1698 1028 1730 cedebant
1051 1699 1086 1729 H
1111 1699 1124 1729 i
1146 1697 1200 1730 56.
1246 1715 1287 1719 ——
1306 1697 1400 1739 pulsi
1417 1697 1445 1729 C
1463 1697 1502 1738 9,
1522 1698 1553 1730 4.
1584 1697 1669 1730 1000
1684 1706 1759 1730 mu-

243 1743 343 1774 nitae
361 1742 471 1774 urbes
488 1743 512 1774 J
529 1741 583 1782 61,
604 1743 620 1774 1
639 1745 724 1775 conl.
745 1741 800 1783 76,
816 1743 847 1775 2.
881 1743 968 1775 viris
988 1746 1051 1774 aut
1066 1743 1145 1775 loco
1165 1743 1480 1785 oportunissumae
1495 1743 1519 1776 J
1531 1741 1587 1783 88,
1605 1743 1638 1775 4.
1678 1742 1760 1775 1000

241 1798 378 1820 summo
403 1788 542 1829 potitur
562 1788 598 1818 H
621 1788 672 1819 IV
695 1786 739 1819 56
761 1790 846 1820 conl.
871 1787 964 1819 locis
988 1787 1111 1819 multis
1134 1788 1157 1819 J
1179 1786 1241 1829 92,
1260 1788 1293 1819 4.
1340 1787 1421 1820 loco
1445 1788 1578 1820 amisso
1599 1788 1624 1820 J
1647 1787 1709 1829 52,
1726 1786 1759 1820 4.

241 1837 404 1875 tempore
430 1836 467 1864 et
490 1832 570 1864 loco
596 1834 795 1864 constituto
817 1833 841 1864 J
868 1831 948 1872 113,
967 1834 999 1864 2.
1042 1833 1123 1865 loco
1140 1843 1203 1866 suo
1219 1842 1380 1875 pugnam
1397 1833 1523 1865 facere
1539 1833 1564 1865 J
1579 1832 1634 1871 61,
1654 1833 1684 1865 1.
1716 1850 1763 1858 —-

243 1878 316 1910 alio
335 1881 443 1919 atque
464 1877 535 1909 alio
554 1880 664 1909 noctu
681 1878 913 1919 requiescere
930 1878 954 1909 J
967 1878 1022 1917 72,
1040 1878 1072 1909 2.
1115 1888 1233 1920 neque
1259 1877 1332 1910 alio
1349 1877 1430 1910 loco
1447 1878 1492 1909 de
1510 1877 1613 1910 Sulla
1629 1878 1763 1910 dicturi

243 1933 364 1955 sumus
379 1923 403 1954 J
419 1922 474 1963 95,
494 1923 525 1954 2.
566 1925 674 1954 natus
691 1923 782 1954 haut
800 1923 952 1955 obscuro
969 1923 1052 1955 1000
1071 1923 1098 1955 C
1115 1922 1176 1963 23,
1198 1923 1226 1955 1.
1267 1923 1349 1955 loco
1366 1922 1493 1954 humili
1510 1923 1643 1955 Picens
1659 1923 1695 1954 H
1711 1923 1762 1954 IV

243 1968 297 2000 25.
339 1978 404 2000 vos
422 1967 510 1999 mihi
527 1971 765 2010 cognatorum
781 1968 862 2000 1000
881 1968 1052 2000 ducerem
1067 1968 1091 2000 J
1111 1967 1169 2007 14,
1193 1967 1220 2000 l.
1261 1967 1422 2010 praedae
1446 1966 1528 2000 loco
1552 1967 1673 1999 habiti
1695 1967 1730 1999 H
1746 1967 1763 1999 I

242 2012 298 2054 48,
317 2013 349 2044 5.
392 2012 495 2044 multi
513 2023 558 2044 ex
574 2012 655 2045 loco
674 2013 771 2045 servi
789 2014 825 2044 H
842 2013 895 2044 111
912 2012 973 2053 67,
996 2013 1047 2045 17.
1087 2013 1125 2044 in
1148 2013 1228 2045 loeo
1246 2016 1437 2044 manentes
1453 2012 1476 2044 J
1496 2011 1571 2053 101,
1590 2013 1623 2044 4.
1663 2012 1702 2044 in
1716 2022 1763 2045 eo

243 2058 324 2089 loco
345 2075 382 2079 —
402 2057 478 2090 ilex
496 2076 535 2080 —-
556 2057 747 2090 coaluerat
762 2058 785 2090 J
801 2057 863 2098 93,
881 2058 913 2089 4.
956 2076 996 2080 —
1021 2076 1063 2081 —
1089 2068 1173 2090 aras
1198 2068 1460 2090 consecravere
1475 2058 1499 2089 J
1517 2056 1579 2098 79,
1599 2056 1652 2089 10.
1694 2067 1762 2100 quo

244 2103 282 2134 in
298 2103 381 2134 loco
398 2103 495 2134 inter
512 2114 550 2135 se
570 2103 669 2135 obvii
687 2103 845 2135 fuissent
860 2104 884 2135 J
900 2102 953 2143 79,
973 2103 1005 2134 4.
1040 2103 1078 2134 in
1094 2103 1168 2135 ullo
1184 2103 1265 2135 1000
1284 2102 1438 2145 amplius
1455 2105 1616 2134 moratus
1630 2102 1656 2134 J
1667 2101 1722 2144 76,
1734 2100 1764 2136 1.

245 2149 283 2179 in
302 2147 454 2179 advorso
472 2147 553 2180 loeo
570 2149 690 2180 victor
706 2151 830 2180 tamen
846 2149 983 2180 virtute
1007 2148 1139 2180 fuisset
1154 2149 1176 2180 J
1194 2148 1254 2187 55,
1275 2147 1304 2179 1.
1346 2158 1414 2190 quo
1433 2146 1499 2190 [in]
1517 2147 1600 2180 1000
1624 2157 1683 2180 res
1699 2156 1763 2180 no-

247 2195 345 2223 strae
364 2192 438 2223 sint
456 2192 482 2223 C
501 2192 555 2233 58,
575 2193 607 2224 5.
649 2203 713 2235 pro
731 2193 811 2225 loco
830 2194 1028 2225 exercitum
1052 2193 1199 2225 instruit
1216 2191 1243 2224 C
1262 2191 1320 2233 59,
1344 2192 1372 2224 1.
1413 2203 1478 2235 pro
1502 2195 1666 2235 tempore
1689 2196 1763 2235 atq.

246 2237 327 2269 1000
345 2237 485 2279 paratis
503 2238 670 2269 omnibus
688 2238 711 2269 J
728 2238 782 2277 57,
802 2238 834 2269 2.
868 2249 933 2280 pro
951 2249 988 2270 re
1007 2242 1115 2280 atque
1133 2238 1213 2270 loeo
1231 2237 1409 2280 paulatim
1426 2236 1718 2280 procederesoo,
1730 2238 1763 2270 2.

246 2283 323 2314 loca
346 2286 500 2313 amoena
523 2282 735 2323 voluptaria
759 2282 785 2313 C
813 2282 872 2323 11,
891 2283 924 2314 5.
973 2286 1103 2315 exusta
1127 2283 1212 2315 solis
1237 2283 1425 2315 ardoribus
1448 2283 1471 2314 J
1502 2281 1559 2322 19,
1586 2282 1618 2315 6.
1661 2282 1766 2315 arida

250 2330 322 2368 atq.
341 2329 447 2359 vasta
463 2327 487 2358 J
503 2326 557 2367 75,
577 2328 608 2358 2.
649 2328 750 2358 Inter
766 2327 850 2359 illos
869 2331 906 2359 et
924 2328 1149 2369 frequentem
1167 2328 1373 2360 Numidiam
1389 2327 1492 2359 multi
1510 2328 1676 2370 vastique
1698 2328 1767 2360 loni

249 2374 354 2403 erant
369 2371 393 2402 J
410 2370 470 2412 78,
489 2371 520 2402 5.
569 2372 716 2402 locorum
740 2373 922 2413 asperitas
938 2373 961 2403 J
978 2373 1041 2413 75,
1064 2372 1115 2404 10.
1141 2371 1201 2413 89,
1220 2374 1251 2405 4.
1293 2376 1439 2415 egestas
1457 2373 1491 2404 H
1508 2373 1561 2404 111
1576 2373 1632 2404 52.
1674 2382 1764 2416 gna—

248 2417 340 2448 ritas
357 2417 392 2447 H
409 2416 461 2447 111
477 2415 532 2447 68.
573 2416 706 2458 peritia
729 2417 752 2448 J
776 2416 835 2455 46,
855 2416 887 2448 8.
927 2418 1099 2459 pergnari
1123 2418 1157 2448 H
1182 2418 1231 2449 IV
1258 2417 1286 2450 l.
1328 2418 1447 2450 sciens
1463 2417 1486 2449 J
1503 2416 1564 2458 85,
1582 2414 1636 2450 46.
1659 2416 1716 2458 97,
1733 2414 1766 2450 3.

250 2462 406 2503 Capsam
433 2461 595 2502 aliosque
619 2461 712 2492 locos
734 2462 891 2493 munitos
917 2462 1094 2493 amiserat
1115 2462 1139 2493 J
1161 2462 1222 2503 97,
1251 2462 1279 2494 l.
1326 2462 1425 2495 locos
1449 2472 1533 2495 suos
1557 2462 1766 2495 conmunire
1834 2464 1836 2467 ’

249 2507 273 2538 J
289 2506 344 2546 66,
366 2505 396 2538 1.
437 2516 626 2548 proxumos
643 2509 769 2538 nostro
787 2507 878 2538 mari
902 2506 1003 2538 locos
1029 2517 1258 2548 occupavere
1275 2507 1298 2539 J
1318 2506 1376 2548 18,
1395 2508 1428 2539 4.
1468 2508 1590 2539 omnia
1606 2507 1767 2539 —locos

250 2555 417 2593 tempora
434 2569 476 2574 —
493 2551 672 2582 industria
687 2551 831 2583 vicerat
846 2551 869 2583 J
886 2550 940 2591 76,
956 2551 985 2583 1.
1018 2551 1056 2582 in
1074 2562 1136 2583 eos
1155 2551 1254 2583 locos
1271 2552 1416 2584 venisse
1432 2552 1456 2585 J
1473 2551 1527 2592 78,
1549 2552 1579 2584 1.
1612 2552 1650 2583 in
1666 2551 1767 2588 locos

252 2596 416 2628 difficilis
441 2596 576 2628 abeunt
598 2596 622 2628 J
645 2594 705 2637 87,
724 2595 756 2628 4.
796 2595 934 2628 Rornae
958 2606 1024 2638 per
1047 2597 1163 2628 omnis
1188 2596 1288 2628 locos
1314 2599 1351 2628 et
1372 2599 1572 2629 conventus
1596 2595 1640 2628 de
1666 2597 1766 2628 facto

253 2641 413 2673 consulis
432 2641 565 2682 agitari
581 2641 605 2673 J
621 2639 682 2681 30,
705 2640 733 2673 l.
774 2642 850 2672 looa
871 2641 1045 2684 pleraque
1069 2641 1254 2673 hostiliter
1277 2641 1423 2673 adcedit
1446 2642 1469 2673 J
1485 2640 1548 2680 20,
1566 2640 1598 2673 3.
1643 2657 1680 2664 ——
1701 2651 1768 2674 sua

253 2686 452 2718 defendere
470 2686 687 2727 nequiverat
703 2686 727 2718 J
743 2685 797 2726 54,
808 2684 840 2718 8.
870 2704 911 2708 ——
928 2695 1102 2728 proxuma
1118 2685 1275 2717 tribunis
1293 2683 1555 2728 dispertit-159,
1569 2685 1596 2717 l.
1634 2702 1672 2708 —
1691 2689 1765 2728 atq.

252 2734 417 2773 tempora
435 2734 568 2763 cuncta
586 2730 752 2773 explorat
767 2731 790 2763 J
807 2730 862 2772 35,
881 2730 912 2762 5.
955 2748 996 2753 --
1014 2734 1134 2762 taetra
1152 2730 1311 2772 inculta,
1338 2730 1448 2762 foeda
1467 2733 1576 2773 atque
1595 2730 1767 2763 formidu-

253 2776 332 2808 losa
350 2776 486 2808 habere
505 2775 532 2807 O
558 2775 620 2817 52,
643 2775 694 2810 13.
738 2792 774 2798 ——
802 2778 982 2818 oportuna
1006 2775 1195 2808 duodecim
1218 2775 1318 2807 urbis
1342 2775 1581 2807 incenderent
1605 2774 1632 2806 C
1656 2775 1716 2814 43,
1735 2776 1767 2808 2.

255 2839 295 2844 —
321 2839 362 2843 —
388 2821 538 2853 armatis
562 2821 730 2853 obsidere
756 2820 783 2853 C
807 2821 871 2862 27,
888 2821 920 2853 2.
960 2837 1003 2844 ·—-
1028 2820 1103 2853 alia
1127 2820 1257 2853 deinde
1282 2820 1357 2852 alia
1380 2820 1590 2862 petiverant
1609 2820 1634 2852 J
1657 2819 1716 2862 18,
1735 2820 1768 2854 7.

257 2884 297 2888 ——
318 2877 361 2898 ea
378 2866 572 2907 possedere
598 2876 691 2908 quae
709 2884 751 2888 —
769 2866 939 2898 Numidia
963 2865 1169 2908 adpellatur
1183 2865 1207 2897 J
1225 2863 1284 2907 18,
1304 2865 1356 2897 11.
1398 2883 1440 2888 -—-
1464 2865 1590 2898 abdita
1613 2866 1770 2898 scrutari

255 2910 277 2941 J
297 2910 348 2951 12,
367 2911 398 2943 5.
439 2929 482 2934 -
500 2913 625 2943 cetera
642 2921 719 2953 usq.
739 2911 785 2944 ad
800 2911 1069 2943 Mauretaniam
1086 2910 1261 2943 Numidae
1279 2913 1406 2942 tenent
1421 2911 1445 2942 J
1465 2909 1516 2950 19,
1535 2911 1567 2943 4.
1607 2910 1770 2954 proxumi
