1826 3282
211 242 264 284 44
685 256 983 283 1115τοκῐΑην11
1015 256 1096 282 Lm.
1130 257 1163 283 11
1195 250 1252 285 40.

213 367 285 389 cur.
313 367 386 389 see.
419 368 452 398 p.
480 356 510 387 7.
548 373 588 377 —
618 356 650 387 2.
683 355 1023 398 auctore‘Kreyssig
1056 332 1170 388 eoum.
1203 367 1238 398 p.
1273 355 1323 388 19.
1381 355 1513 389 Omnia
1545 366 1638 398 quae
1670 354 1742 395 his'v

212 402 429 442 fragmentis
463 400 738 439 contineantur,
772 401 818 432 ad
849 411 906 432 res
931 401 1068 432 Romae
1103 412 1135 433 a.
1163 401 1206 433 75
1231 404 1356 443 gestas
1381 401 1602 443 pertinuisse
1627 403 1727 433 reete
1779 430 1784 431 ⁷

212 447 364 477 Rothius
391 449 426 476 et
451 445 739 486 Heerwagenius
764 445 1071 478 demonstravere.
1096 463 1140 468 -—
1169 446 1201 477 4.
1229 448 1320 488 quod
1342 446 1507 477 Pertzius
1532 445 1726 488 subplevit.

213 508 252 512 ἡ
279 491 310 521 5.
338 490 482 531 prnis
506 489 552 520 id.
581 506 623 510 —
647 488 679 523 6.
706 491 788 521 data
811 490 860 521 id.
891 507 937 513 —-
966 490 986 521 7
1011 493 1049 522 et
1072 489 1105 522 8.
1133 502 1227 533 qnam
1251 491 1328 522 inde
1352 493 1527 532 pergentis
1548 491 1727 522 Pertzius.

211 546 306 576 qnam
336 535 411 566 illas
441 544 506 575 per
533 535 643 575 yentis
673 534 822 575 Kreyss.
881 534 1044 567 Curenas
1085 538 1159 567 tum
1198 536 1400 567 obtinuisse
1438 535 1662 567 Nieoeraten
1693 538 1730 566 et

210 580 238 610 L
245 579 416 610 eandrum
448 582 622 619 tyrannos
655 590 697 611 ex
728 579 823 610 Plut.
858 579 902 611 de
934 579 1018 611 mul.
1051 580 1134 612 virt.
1168 591 1198 612 c.
1228 579 1268 612 19
1302 580 1348 611 ab
1374 580 1436 611 Kr.
1463 573 1636 625 monitum
1661 582 1729 611 est.

211 641 252 644 —
277 622 308 654 s).
336 624 474 664 imperio
499 625 730 664 eomponenda
753 624 872 655 Peltz.
912 626 1051 666 imperio
1077 626 1279 657 continenda
1303 625 1450 666 Kreyss.
1479 635 1593 656 eonm.
1613 635 1646 666 p.
1673 623 1729 655 22.

210 685 252 689 -
271 667 321 698 ll.
340 672 482 709 ρ7αεεετ·
499 679 540 699 ea
565 669 771 701 diver-sorum
795 679 836 700 07
838 670 947 700 dmum
972 670 1091 701 Pertz.
1133 670 1280 710 Kreyss.
1298 680 1413 701 conm.
1432 681 1467 711 p.
1485 669 1529 700 22
1542 673 1732 711 praeterea

210 713 344 744 divorso
442 714 594 744 ordinum
611 715 795 745 certamina
811 719 1028 746 emarserztnt.
1068 714 1229 745 Kritzius
1247 724 1334 746 vero
1351 714 1502 756 negavit
1519 714 1573 746 ita
1598 713 1730 745 transi-

210 759 285 787 tum
318 758 363 788 ad
433 757 515 790 vilis
548 758 791 790 Romanorum
824 758 1024 791 discordias
1057 758 1135 792 fieri
1174 759 1354 802 potuisse,
1393 762 1450 792 set
1481 769 1599 791 nonne
1638 757 1731 790 haec-

209 802 322 835 verba
349 802 394 835 ad
418 804 534 835 eodem
559 807 696 835 auclore
722 803 952 836 referuntur?

324 902 377 941 40
408 901 487 956 [ΚΓ.
510 908 566 942 49.
595 906 634 942 G.
661 903 757 957 102]
817 904 998 955 PalimpS.
1030 904 1113 943 Tol.
1145 904 1220 944 001.
1248 904 1311 944 111.
1332 883 1367 917 Ψ·

621 976 902 1015 ,SSAEUI'PIA
910 982 1193 1023 QUAREFATI

548 1044 798 1076 TAPLEBES
809 1044 1135 1077 FORTECONSU

583 1105 759 1145 xMBOQ·
770 1106 1045 1138 METELLUM
1055 1106 1135 1139 CUI

577 1164 1128 1200 TEACRETICOCOGNOME

436 1228 457 1259 5
580 1228 668 1261 llUE
677 1234 695 1261 ι
709 1228 993 1262 CANDIDATU
1065 1229 1072 1262 Ι

580 1290 1073 1324 xETORIUMSACRAUIA
1083 1292 1147 1323 DE

577 1351 682 1384 CTIS
693 1351 795 1384 CUM
803 1352 973 1384 MAGNO
984 1353 1049 1385 TU

564 1413 574 1445 l
587 1413 1113 1447 LTUMINUADITEUGIEN

574 1471 1114 1517 2SECUTAADOCTAU1DO

415 1534 457 1567 10
543 1535 555 1550 ⁵
581 1536 660 1576 wQ·
679 1536 1094 1575 PROPRIOREERth

629 1600 637 1611 '
656 1601 662 1614 ¹
681 1596 745 1620 ιΡΛ
758 1599 803 1623 .)Χ
817 1596 859 1624 ΓΙ
876 1599 885 1622 1
902 1598 1180 1631 ΙΡΙΙΜΡΕΗῌΕ

296 1660 299 1673 ¹
326 1707 448 1716 .....
482 1689 512 1715 15
558 1678 725 1721 saevitia,
758 1689 833 1728 qua
864 1689 907 1715 re
935 1678 1092 1726 fatifflcta
1118 1677 1254 1728 plebes
1282 1676 1382 1716 sorte
1410 1680 1590 1716 consules
1615 1676 1730 1716 ambo

211 1743 255 1790 Q.
279 1743 474 1783 Metellum
501 1745 562 1783 cui
577 1748 713 1793 postea
731 1740 887 1783 'Cretico
912 1750 1213 1794 cognomentum
1239 1744 1327 1788 suit,
1351 1744 1598 1783 candidatum
1617 1756 1730 1795 prae-

209 1812 375 1855 tonum
409 1823 519 1850 saera
542 1812 598 1850 via
619 1811 845 1850 deducentis
867 1824 956 1850 cum
981 1824 1123 1863 magno
1142 1811 1307 1850 tumultu
1332 1812 1497 1856 invadit,
1530 1811 1729 1861 fugientis-

210 1890 284 1927 qzce
314 1882 447 1918 secuta
479 1879 526 1918 ad
549 1877 682 1918 Octavi
713 1871 872 1918 domum
896 1891 996 1930 quae
1018 1880 1179 1955 propior
1200 1883 1284 1917 erat
1294 1909 1649 1918 .................
1663 1890 1731 1918 11111

207 1948 396 1997 pervenit.

325 2024 353 2055 1.
380 2025 601 2057 intolerabilis
623 2026 765 2056 saevitia
788 2024 966 2064 Pertzius,
994 2024 1043 2065 de,
1062 2023 1240 2056 nobilium
1264 2024 1300 2055 in
1325 2023 1469 2066 plebem
1495 2019 1653 2057 saevitia
1678 2024 1731 2056 di-

211 2072 308 2101 ctum
333 2072 450 2109 ratus3
479 2070 581 2110 famis
604 2071 746 2101 saevitia
771 2069 853 2108 Kr.‚
887 2069 947 2110 qui
977 2072 1100 2100 tamen
1122 2069 1229 2101 nimis
1255 2073 1361 2101 acute
1392 2068 1486 2101 haee
1513 2080 1591 2101 eum
1617 2070 1661 2101 fr.
1687 2069 1729 2101 51

211 2114 457 2146 consocianda
481 2114 634 2156 putavit.
663 2131 703 2136 -—
726 2114 875 2154 fatigata
907 2113 1123 2155 explendum
1156 2124 1236 2145 esse
1267 2114 1305 2145 in
1329 2114 1522 2156 propatulo
1555 2117 1628 2155 est,
1661 2111 1730 2146 nec

210 2159 328 2190 minus
352 2158 375 2189 2·
398 2161 550 2190 consules
575 2158 681 2197 ambo,
707 2158 739 2192 4.
762 2163 895 2199 postea.
922 2175 966 2180 —
998 2157 1030 2190 3.
1058 2163 1157 2201 atque
1185 2158 1221 2198 Q.
1249 2159 1419 2191 Metellum
1444 2160 1591 2200 Kreyss.
1632 2158 1731 2198 Quin-

209 2208 339 2246 tumque
365 2203 535 2235 Metellum
560 2203 834 2235 Weissenborn.
868 2221 907 2225 —
941 2202 974 2234 5.
1008 2213 1185 2245 coynomen
1215 2205 1353 2235 inditum
1377 2209 1410 2236 et
1439 2205 1587 2245 Kreyss.
1615 2203 1728 2235 Kritz.

209 2252 457 2288 coynomencum
485 2249 551 2287 fnit
583 2249 796 2279 candidatum
827 2248 970 2280 Heerw.
1004 2248 1182 2290 probante
1215 2249 1362 2289 Kreyss.
1390 2250 1458 2291 Ep.
1485 2260 1518 2290 p.
1549 2248 1586 2279 ll
1614 2251 1650 2280 et
1677 2247 1729 2279 17.

210 2292 300 2324 Cum
324 2293 362 2323 in
386 2292 624 2334 palimpsesto
641 2293 670 2323 Τ
688 2292 822 2334 ubique
846 2293 874 2324 L
898 2293 1071 2340 seriptum
1096 2293 1158 2333 sit,
1186 2293 1203 2324 I
1229 2295 1352 2325 autem
1377 2303 1548 2336 proxume
1575 2293 1733 2325 adcedat

211 2337 257 2369 ad
280 2339 310 2369 E
338 2334 379 2377 (Ιί
389 2338 401 2379 )
427 2337 717 2375 similitudinem,
749 2341 903 2379 utraque
931 2331 1138 2370 emendatio
1165 2338 1210 2369 ab
1237 2338 1368 2370 litteris
1392 2338 1523 2378 habet,
1551 2348 1624 2379 quo
1646 2348 1730 2373 eon-

209 2383 409 2414 mendetur.
446 2400 486 2404 —-
518 2381 549 2414 6.
584 2383 797 2414 candidatum
825 2384 1036 2423 praetorium
1066 2382 1263 2424 legandum
1296 2393 1375 2415 esse
1404 2386 1543 2415 eertum
1569 2385 1642 2422 est;
1675 2384 1732 2414 set

209 2430 338 2470 postea
354 2427 521 2459 Pertzius
546 2428 587 2458 de
612 2428 719 2464 tectis,
747 2427 839 2468 quod
866 2427 954 2459 ferri
977 2428 1113 2468 nequit.
1154 2428 1316 2459 deductos
1329 2428 1443 2459 Kritz.
1484 2427 1555 2459 Hic
1572 2437 1660 2459 vero
1676 2427 1732 2459 vir

210 2472 450 2504 doctissumus
469 2474 639 2513 quattuor
659 2471 752 2503 viros
770 2471 912 2503 nobiles
932 2472 977 2503 ab
995 2472 1102 2513 plebe
1119 2472 1314 2504 infestat-os
1336 2482 1414 2504 esse
1437 2472 1576 2512 statuit,
1597 2472 1730 2514 quippe

211 2527 291 2548 eum
308 2516 517 2559 negaretQ.
537 2515 737 2555 Metellum,
763 2520 894 2557 postea
911 2509 1094 2548 Creticum
1113 2517 1418 2558 cognominatum,
1444 2516 1507 2548 illo
1527 2527 1633 2556 anno,
1661 2526 1730 2557 quo

209 2563 251 2594 L.
280 2561 469 2601 Octavius,
497 2561 539 2593 G.
566 2540 737 2592 Aurelius
762 2560 870 2592 Cotta
896 2561 1063 2593 eonsules
1090 2561 1210 2601 fuere,
1244 2561 1477 2593 candidatum
1508 2561 1731 2603 praetorium

210 2607 336 2638 fuisse.
364 2607 438 2639 -Set
453 2615 533 2637 eum
549 2605 720 2637 Metellus
733 2604 808 2644 ille,
831 2605 932 2636 cuius
946 2615 991 2636 ne
1006 2608 1177 2647 parentes
1199 2605 1341 2646 quidem
1356 2606 1520 2637 novimus
1538 2604 1676 2646 (Drum.
1694 2605 1732 2637 11

209 2663 243 2693 p.
271 2651 352 2692 50),
382 2662 414 2683 a.
441 2649 485 2682 69
510 2660 591 2682 eum
617 2650 660 2689 Q.
686 2649 884 2681 Hortensio
910 2650 1035 2680 consul
1068 2650 1195 2686 fuerit,
1229 2652 1328 2681 certe
1359 2650 1472 2691 igitur
1498 2659 1530 2681 a.
1557 2650 1600 2681 72
1623 2660 1730 2692 prae-

209 2700 329 2728 turam
362 2696 407 2728 ab
435 2706 476 2727 eo
502 2698 644 2738 gestam
676 2704 756 2726 esse
787 2693 931 2735 (Drum.
958 2705 992 2735 p.
1019 2693 1082 2735 51)
1113 2694 1191 2726 veri
1222 2694 1340 2726 simile
1371 2694 1436 2734 sit,
1469 2694 1598 2736 plusne
1628 2693 1730 2737 valet

210 2741 332 2782 opinio
364 2740 478 2772 talem
509 2740 624 2771 virum
655 2738 839 2781 repulsam
871 2739 967 2770 ferre
999 2749 1070 2770 non
1101 2738 1263 2780 potuisse
1296 2741 1359 2770 aut
1383 2748 1453 2780 quo
1477 2739 1596 2777 minus
1623 2749 1644 2771 a
1667 2749 1728 2781 pe-

211 2786 339 2817 titione
366 2785 562 2816 desisteret
585 2787 721 2816 motum
745 2794 817 2815 non
842 2793 934 2821 esse,
960 2793 1066 2824 quam
1085 2783 1268 2824 antiquom
1294 2786 1431 2815 certum
1456 2784 1730 2815 testimonium?

209 2831 300 2861 Nam
326 2830 390 2861 lin.
417 2830 438 2861 5
462 2829 552 2860 nillil
577 2829 743 2871 profecto
769 2831 825 2860 est
849 2828 944 2869 quod
969 2832 1001 2859 et
1025 2828 1149 2869 legere
1175 2830 1302 2868 cogat,
1338 2838 1452 2869 eoque
1478 2828 1607 2867 minus,
1627 2827 1735 2869 quod.

211 2874 241 2904 si
268 2878 438 2915 quattuor
454 2874 618 2914 fuissent,
646 2876 796 2915 quartus
822 2875 921 2904 certe
946 2872 1024 2904 sine
1050 2872 1260 2914 copulativa
1283 2872 1469 2914 particula
1495 2872 1644 2914 adiungi
1668 2872 1729 2904 de-

214 2918 336 2950 bebat.
386 2920 586 2951 Praeterea
612 2928 718 2960 quam
744 2918 789 2950 ob
816 2927 985 2950 caussam
1008 2917 1074 2949 hos
1100 2920 1271 2959 quattuor
1294 2917 1402 2958 viros,
1429 2917 1525 2949 inter
1549 2927 1638 2959 quos
1664 2916 1729 2949 ali-
