1846 3282
823 220 956 248 11111611
1451 243 1459 254 ,
1567 206 1650 247 343

174 320 321 361 quisque.
350 320 487 364 legatis
503 321 660 364 inperat,
678 321 741 354 ubi
759 322 876 364 quisq.
893 324 1039 354 curaret
1055 322 1079 354 J
1096 320 1152 362 57,
1169 319 1191 353 3
1207 324 1293 354 conl.
1310 319 1366 361 75,
1381 320 1413 352 5.
1451 319 1515 352 ubi
1532 319 1649 363 quisq.

129 365 275 408 legatus
293 366 459 406 curabat,
479 376 523 398 eo
541 376 731 399 acerrume
749 367 816 398 niti
832 367 855 398 J
873 365 933 407 60,
956 366 986 398 1.
1028 377 1133 408 quem
1151 366 1267 408 quisq.
1285 366 1390 398 vivos
1405 365 1525 398 locum
1543 375 1650 408 cepe-

128 414 199 449 rat,
218 421 368 453 corpore
385 411 537 453 tegebat
554 411 582 443 C
599 410 663 452 61,
681 413 714 444 2.
755 412 911 444 Romani
932 422 997 454 pro
1022 412 1170 454 ingenio
1193 411 1343 453 quisque
1360 421 1446 453 pars
1466 427 1503 433 —
1522 410 1588 442 alii
1608 427 1646 433 —

126 456 151 488 J
167 455 222 496 57,
241 456 263 487 4
278 458 364 488 conl.
380 455 436 497 80,
455 455 488 488 6.
530 466 624 498 quae
647 457 719 488 sibi
737 457 854 499 quisq.
873 457 1003 489 facilia
1021 457 1125 488 factu
1141 459 1263 499 putat,
1284 456 1421 498 accipit
1437 455 1465 488 C
1483 454 1516 493 3,
1532 456 1567 487 2.
1607 465 1648 487 se

129 501 244 543 quisq.
261 511 400 535 murum
419 501 644 534 adscendere
662 502 884 544 properabat
901 502 928 534 C
945 502 983 541 7,
1003 501 1036 533 6.
1076 501 1147 533 sibi
1165 501 1280 543 quisq.
1305 501 1397 533 talia
1420 501 1597 543 sperabat
1619 501 1648 532 C

128 545 183 585 37,
201 544 236 577 6.
276 556 344 578 sua
361 546 477 588 quisq.
496 546 597 579 facta
615 547 661 578 ad
685 546 827 578 caelum
852 547 925 578 fert
945 547 970 578 J
986 546 1047 585 53,
1065 545 1098 578 8.
1139 555 1178 578 se
1197 547 1350 588 quisque
1367 563 1410 568 —-
1428 546 1598 578 armabat
1613 546 1649 577 Η

127 591 177 622 l-V
198 590 227 622 1.
260 601 324 623 suo
342 592 457 633 quisq.
477 594 575 623 metu
586 592 757 634 pericula
774 592 895 623 metiri
913 591 941 623 O
958 591 1043 632 3l,‚2
1060 594 1146 624 conl.
1163 591 1188 623 J
1201 591 1255 630 41,
1266 591 1300 624 5.
1328 589 1445 631 105,4.
1471 591 1506 622 H
1522 591 1578 623 111
1591 589 1645 623 73.

128 638 255 668 cetera
271 635 463 668 multitudo
480 646 583 668 suum
601 636 716 679 quisq.
735 637 923 679 negotium
942 639 1184 678 exequeretur
1201 636 1228 668 C
1246 635 1307 677 43,
1329 636 1358 668 1.
1397 635 1526 678 pleriq.
1545 646 1648 668 arma

127 690 194 712 sua
208 682 323 723 quisq.
339 684 482 713 stantes
499 681 796 714 incumberentH
814 682 868 714 111
885 682 938 714 72.
972 692 1126 724 coepere
1143 691 1181 713 se
1200 682 1318 723 quisq.
1336 679 1510 713 ‘extollere
1526 681 1647 723 magis

127 726 283 768 magisq.
301 726 487 768 ingenium
505 726 542 758 in
559 731 727 769 promptu
743 727 879 759 habere
899 727 926 758 C
944 727 982 766 7,
1003 726 1030 758 l.
1072 727 1285 768 quicumque
1307 743 1343 748 -—
1362 736 1428 768 pro
1445 736 1512 758 sua
1529 725 1645 768 quisq.

125 771 292 812 potentia
309 771 503 803 certabant
519 771 547 802 C
565 770 625 810 38,
637 771 669 804 3.
710 782 812 804 suam
831 772 947 814 quiSq.
967 771 1112 814 culpam
1136 775 1280 806 actores
1297 771 1343 803 ad
1360 772 1510 813 negotia
1527 775 1646 803 trans-

125 816 249 848 ferunt
263 816 288 848 J
307 816 336 857 1,
356 817 389 847 4.
424 817 540 848 nostri
557 816 630 848 sibi
648 817 764 859 quisq.
782 827 848 859 pro
864 817 1022 849 moribus
1041 816 1235 849 consulunt
1249 816 1274 848 J
1289 815 1346 856 58,
1363 816 1396 848 2.
1429 826 1510 848 sese
1528 816 1645 858 quisq.

125 860 346 903 locupletem
365 861 441 893 fore
461 878 499 883 —
520 862 652 894 animis
675 862 872 894 trahebant
893 862 918 894 J
940 861 995 901 84,
1014 862 1046 894 4.
1086 861 1159 894 sibi
1183 863 1299 903 quisq.
1322 871 1411 903 opes
1428 861 1645 903 *quaerundo

126 906 317 938 consilium
335 907 625 948 conrumpebant
642 907 677 938 H
693 908 710 939 I
726 906 787 947 48,
805 906 839 939 6.
880 917 961 939 611111
986 917 1030 939 ex
1055 917 1120 938 suo
1146 907 1262 948 quisq.
1280 910 1418 938 terrore
1435 924 1478 928 —-—
1496 911 1646 938 conten·

125 951 254 983 dere'nt
271 951 306 982 H
322 952 339 983 I
355 951 411 983 67.
453 956 535 984 sese'
560 952 674 994 quisq.
699 952 831 984 bonum
858 956 895 984 et
918 955 1101 984 strenuum
1120 955 1351 983 ostentantes
1367 951 1403 982 H
1419 951 1432 982 i
1448 950 1503 983 63.
1543 951 1646 983 vide-

124 996 214 1027 mini
235 1013 280 1019 —
304 996 443 1034 fulmen
467 1000 594 1039 optare
619 1007 658 1029 se
684 997 798 1039 quisq.
824 1007 870 1028 ne
895 997 1066 1038 adtingat
1088 997 1123 1028 H
1147 997 1163 1028 I
1180 995 1241 1037 48,
1265 996 1317 1028 12.
1357 1006 1423 1029 vos
1447 996 1645 1039 separatim

124 1041 196 1072 sibi
214 1042 331 1083 quisq.
351 1041 542 1073 consilium
560 1042 692 1084 capitis
709 1042 738 1074 C
754 1043 809 1082 52,
829 1041 883 1074 33.
925 1042 1050 1073 multis
1066 1041 1139 1073 sibi
1157 1041 1271 1083 quisq.
1288 1041 1469 1083 inperium
1486 1041 1644 1083 petenti-

123 1086 190 1117 bus
207 1086 230 1117 J
254 1085 303 1122 18,
322 1085 355 1118 3.
389 1090 557 1128 optumus
575 1088 692 1129 quisq.
712 1088 838 1119 facere
856 1097 963 1129 quam
980 1087 1104 1118 dicere
1122 1086 1286 1118 malebat
1302 1086 1330 1118 C
1347 1085 1380 1126 8,
1400 1086 1422 1118 5
1438 1089 1523 1119 conl.
1545 1086 1569 1118 J
1585 1085 1642 1127 92,

121 1130 154 1162 9.
181 1131 217 1162 H
233 1131 283 1162 1V
299 1131 353 1163 40.
396 1132 708 1173 prudentissumus
732 1132 849 1174 quisq.
874 1142 1041 1164 maxume
1066 1131 1278 1173 negotiosus
1303 1135 1384 1163 erat
1407 1131 1435 1163 C
1452 1130 1492 1172 8,
1510 1132 1532 1163 5
1555 1133 1642 1163 conl.

122 1176 146 1207 J
163 1174 218 1214 86,
237 1175 269 1208 3.
312 1187 418 1218 quam
443 1177 559 1219 quisq.
584 1187 754 1219 pessume
778 1177 887 1217 fecit,
914 1180 989 1208 tam
1013 1187 1176 1208 maxume
1195 1180 1293 1208 tutus
1311 1180 1367 1208 est
1382 1177 1406 1208 J
1423 1175 1478 1215 31,
1501 1176 1551 1208 14.
1591 1176 1644 1207 uti

124 1221 240 1262 quisq.
254 1221 568 1263 'opulentissumus
586 1222 765 1262 videatur,
785 1223 839 1254 ita
857 1222 1031 1254 Romanis
1047 1221 1189 1253 hostem
1207 1221 1284 1253 fore
1301 1221 1326 1252 J
1337 1220 1391 1260 81,
1406 1220 1434 1252 l.
1467 1224 1510 1252 ut
1527 1221 1643 1262 quisq.

125 1283 162 1287 —
183 1267 461 1308 concupiverat,
489 1267 604 1298 dabat
621 1277 768 1309 operam
787 1266 814 1299 C
831 1266 894 1306 51,
911 1265 956 1298 33
978 1268 1064 1298 conl.
1081 1265 1144 1306 56,
1161 1267 1195 1297 2.
1219 1267 1241 1298 J
1259 1265 1318 1304 26,
1339 1264 1370 1298 3.
1395 1265 1456 1306 41,
1475 1265 1508 1298 8.
1533 1265 1590 1306 94,
1608 1266 1642 1297 5.

121 1311 176 1342 uti
194 1311 333 1353 cuiusq.
352 1312 510 1343 studium
527 1312 709 1354 flagrabat
729 1329 765 1334 —
786 1311 814 1343 C
836 1311 886 1351 14,
905 1310 927 1343 6
943 1314 1029 1343 conl.
1047 1311 1072 1343 J
1088 1309 1143 1350 86,
1161 1311 1194 1343 2.
1219 1310 1274 1350 93,
1293 1311 1312 1342 7
1332 1307 1404 1352 (uti
1420 1329 1463 1334 —
1480 1310 1561 1351 ita).
1589 1311 1643 1342 uti

123 1357 218 1397 cuiq.
237 1355 407 1396 lubebat,
433 1356 479 1388 ab
497 1357 613 1398 signis
631 1357 761 1388 aberat
776 1357 799 1388 J
811 1357 872 1396 44,
891 1356 924 1388 5.
965 1360 1006 1387 ut
1031 1366 1172 1398 quemq.
1197 1365 1305 1388 casus
1329 1359 1538 1388 armaverat
1553 1373 1595 1378 —
1615 1355 1642 1387 C

119 1399 176 1441 56,
188 1401 220 1433 3.
239 1401 263 1432 J
271 1400 377 1440 424.
399 1411 473 1440 eos,
491 1402 547 1433 uti
556 1411 685 1443 quaeq.
696 1402 894 1443 Iugurthae
904 1411 963 1433 res
980 1404 1086 1432 erant
1113 1400 1232 1432 laetos
1250 1400 1354 1432 modo
1371 1401 1476 1432 modo
1490 1401 1643 1442 pavidos

122 1446 438 1478 animadverteres
460 1446 485 1478 J
509 1445 571 1486 60,
590 1446 622 1478 4.
663 1447 716 1478 uti
741 1456 865 1488 quosq.
892 1446 967 1478 fors
991 1425 1316 1488 congibbaveratJ
1332 1445 1387 1485 97,
1406 1446 1438 1477 5.
1479 1445 1643 1477 latrones

121 1491 260 1532 cuiusq.
279 1491 428 1533 generis
446 1490 474 1523 C
491 1490 552 1530 28,
572 1491 594 1522 4
610 1493 696 1523 conl.
714 1491 775 1530 40,
794 1490 826 1524 6.
869 1492 1009 1533 cuiusq.
1029 1491 1124 1522 modi
1142 1491 1170 1522 C
1188 1490 1248 1530 39,
1267 1489 1290 1522 6
1305 1493 1391 1523 conl.
1410 1490 1434 1522 J
1450 1490 1512 1530 75,
1530 1490 1563 1522 4.
1603 1490 1642 1521 in

121 1535 320 1578 municipia
337 1536 645 1568 distribuerentur
661 1546 726 1579 pro
744 1536 882 1578 cuiusq.
901 1536 1030 1578 opibus
1048 1536 1075 1567 C
1094 1534 1155 1575 30,
1176 1536 1195 1567 7
1212 1538 1299 1568 conl.
1317 1536 1339 1567 J
1355 1534 1411 1575 49,
1430 1536 1463 1568 4.
1504 1538 1643 1577 quanta

121 1581 260 1622 cuiusq.
287 1581 408 1613 animo
432 1582 593 1613 audacia
614 1582 728 1619 inest,
751 1584 856 1613 tanta
878 1599 924 1604 —
947 1584 1075 1623 patere
1099 1580 1194 1613 solet
1211 1581 1238 1612 C
1256 1579 1320 1621 58,
1337 1581 1371 1612 2.
1413 1590 1482 1623 11110
1500 1582 1640 1622 cuiusq.

121 1626 262 1657 animus
278 1626 361 1664 fert,
382 1636 426 1658 eo
443 1626 638 1658 discedunt
652 1627 677 1658 J
693 1626 754 1665 54,
773 1627 806 1658 4.
849 1626 1036 1668 ignaviam
1062 1626 1201 1668 cuiusq.
1224 1626 1453 1658 tenuissuma
1477 1636 1542 1667 spe
1566 1625 1640 1657 fru-

120 1674 257 1702 stratur
273 1671 308 1702 H
324 1671 379 1702 111
394 1669 457 1711 61,
481 1670 530 1702 19.
574 1681 618 1703 ex
640 1672 774 1703 itinere
798 1675 944 1713 optumo
970 1671 1064 1713 cuiq.
1088 1671 1233 1703 litteras
1256 1671 1367 1703 mittit
1390 1670 1417 1702 C
1435 1669 1491 1709 34,
1509 1671 1541 1702 2.
1575 1680 1642 1702 sua

120 1717 251 1757 cuique
276 1716 369 1747 satis
392 1715 594 1757 placebant
617 1716 645 1747 C
670 1716 710 1755 2,
733 1715 762 1747 l.
805 1716 954 1758 placere
979 1726 1046 1748 sua
1064 1716 1158 1758 cuiq.
1178 1715 1281 1747 reddi
1298 1716 1333 1747 H
1351 1716 1368 1747 Ι
1385 1714 1439 1754 48,
1458 1715 1513 1747 14.
1556 1715 1641 1757 quid
1678 1750 1684 1762 Ι

122 1777 159 1782 -
180 1760 371 1792 defensum
389 1763 446 1792 est
464 1760 575 1799 aliud,
595 1771 701 1802 quam
719 1770 807 1792 suae
826 1761 922 1802 cuiq.
941 1761 1048 1792 sedes
1064 1761 1100 1791 H
1115 1761 1133 1792 I
1149 1760 1191 1792 41
1204 1785 1212 1799 ,
1230 1760 1262 1792 4.
1302 1761 1482 1802 inperium
1499 1770 1643 1802 semper

119 1805 167 1837 ad
183 1808 367 1847 optumum
392 1805 533 1848 quemq.
561 1816 582 1837 a
606 1806 724 1837 minus
738 1806 840 1838 bono
856 1806 1077 1837 transfertur
1093 1805 1121 1836 C
1139 1806 1170 1843 2,
1188 1804 1220 1837 6.
1261 1815 1416 1847 coepere
1433 1814 1641 1847 pessumum

119 1859 260 1892 quemq.
279 1850 462 1886 necareC
481 1849 536 1890 51,
554 1849 610 1882 29.
654 1861 698 1882 ex
716 1851 897 1893 gregariis
915 1854 1099 1892 optumum
1117 1861 1257 1892 quemq.
1276 1853 1454 1882 armatum
1471 1850 1643 1881 subducit

119 1896 147 1927 O
164 1894 219 1935 59,
239 1895 272 1928 3.
307 1905 495 1928 arcessere
515 1913 552 1917 —
573 1906 618 1927 ex
634 1896 744 1927 Latio
762 1896 1009 1927 fortissumum
1027 1905 1169 1937 quemq.
1187 1896 1210 1927 J
1226 1894 1282 1934 84,
1300 1895 1333 1926 2.
1373 1895 1552 1927 existumo
1569 1894 1640 1926 for—

117 1941 307 1972 tissumum
326 1951 466 1982 quemq.
486 1941 818 1982 generosissumum
833 1940 858 1972 J
873 1939 929 1980 85,
952 1940 991 1972 15
1007 1944 1093 1972 conl.
1110 1939 1165 1980 87,
1183 1941 1218 1972 2.
1256 1940 1319 1972 ubi
1339 1950 1480 1982 quemq.
1498 1939 1641 1982 pericu-

118 1986 192 2017 lum
210 1990 373 2028 ceperat,
392 1986 444 2017 ibi
461 1986 634 2018 resistere
652 1986 675 2018 J
693 1985 748 2026 51,
763 1985 791 2017 l.
824 1989 865 2017 ut
883 1985 928 2017 ab
946 1989 1092 2027 optumo
1111 1995 1250 2027 quoque
1268 1985 1485 2027 probaretur
1499 1985 1523 2016 J
1539 1985 1594 2024 22,
1605 1985 1638 2016 2.

118 2041 194 2062 rem
212 2041 246 2073 p.
257 2049 294 2052 —
307 2041 329 2062 a
345 2031 625 2073 promptissumo
643 2040 748 2072 quoq.
768 2030 917 2062 defendi
934 2031 968 2062 H
985 2031 1003 2062 Ι
1018 2030 1072 2070 48,
1088 2030 1116 2062 1.
1150 2040 1208 2062 res
1226 2034 1350 2072 gestas
1364 2040 1398 2072 p.
1409 2030 1450 2062 R.
1470 2030 1639 2072 carptim,

117 2076 173 2107 uti
190 2086 357 2117 quaeque
374 2076 547 2107 memoria
564 2076 676 2117 digna
693 2075 925 2116 videbantur,
939 2075 1173 2118 ⁴perscribere
1192 2075 1220 2106 C
1237 2075 1270 2114 4,
1290 2075 1322 2107 2.
1632 2111 1635 2113 ,

163 2121 320 2161 quisquis.
351 2120 426 2153 illis
443 2121 570 2153 merito
589 2121 743 2159 accidet,
764 2120 938 2162 quidquid
963 2121 1129 2152 evenerit
1152 2119 1180 2152 O
1198 2119 1253 2160 51,
1272 2118 1327 2151 26.
1369 2119 1541 2162 quidquid
1558 2120 1639 2151 sine

118 2167 300 2208 sanguine
318 2166 451 2198 civium
467 2165 599 2197 ulcisci
616 2166 799 2207 nequitur,
817 2165 895 2197 iure
913 2165 1051 2197 factum
1068 2166 1117 2196 sit
1134 2166 1157 2198 J
1174 2164 1214 2197 31
1226 2189 1234 2203 ,
1253 2163 1286 2196 8.
1329 2165 1501 2207 quidquid
1518 2165 1640 2197 animo

118 2210 232 2250 lubet,
251 2221 351 2242 sume
369 2215 473 2242 utere
490 2212 513 2243 J
535 2210 615 2249 110,
633 2211 667 2242 4.
710 2220 850 2252 quoquo
867 2210 971 2242 modo
988 2214 1148 2252 potuere,
1169 2210 1293 2242 abiere
1309 2210 1334 2243 J
1350 2209 1406 2250 60,
1423 2210 1457 2241 7.

162 2256 281 2296 quivis.
313 2256 473 2288 cuiusvis
490 2266 578 2298 opes
602 2256 763 2287 voluisse
790 2258 918 2287 contra
939 2255 1040 2288 illius
1064 2266 1152 2297 opes
1169 2265 1337 2287 crescere
1356 2254 1384 2287 C
1405 2255 1456 2295 17,
1475 2255 1507 2287 7.
1547 2255 1638 2287 inci-

117 2311 204 2343 pere
230 2301 363 2339 cuivis,
393 2301 505 2332 etiam
522 2301 676 2342 ignavo,
701 2301 813 2333 licere
829 2300 854 2332 J
868 2299 930 2341 83,
949 2300 982 2332 1.
1024 2301 1155 2332 statuit
1178 2300 1306 2342 quovis
1329 2300 1435 2333 modo
1453 2301 1638 2343 inceptum

117 2345 294 2388 perficere
311 2345 334 2377 J
354 2345 392 2376 ll
411 2344 433 2377 9
449 2348 534 2378 conl.
553 2345 608 2385 35,
627 2346 659 2376 4.
686 2344 741 2382 36,
762 2345 789 2377 l.
814 2345 870 2383 42,
887 2345 919 2377 4.
1597 2364 1605 2368 -

163 2399 238 2430 quo.
268 2401 339 2432 quo
355 2391 494 2432 cuiusq.
515 2391 655 2422 animus
672 2391 760 2430 fert,
780 2401 823 2422 eo
840 2390 1034 2422 discedunt
1049 2391 1071 2422 J
1089 2390 1144 2429 54,
1163 2390 1196 2422 4.
1240 2400 1310 2432 quo
1328 2391 1382 2422 ire
1405 2390 1639 2422 intenderant

118 2438 334 2477 perventum
352 2439 408 2467 est
424 2436 447 2467 J
468 2434 530 2467 107
543 2460 551 2475 ,
569 2435 602 2467 7.
645 2435 807 2477 tugurio,
833 2446 903 2477 quo
921 2453 961 2458 --
981 2436 1196 2477 perfugerat
1210 2435 1234 2466 J
1254 2435 1311 2474 12,
1329 2435 1360 2466 5.
1386 2434 1447 2475 51,
1466 2436 1498 2467 4.
1523 2435 1587 2474 52,
1605 2435 1637 2467 5.

121 2479 194 2519 102,
218 2479 245 2512 l.
279 2490 324 2511 ex
341 2479 480 2520 Sicilia,
502 2491 570 2522 quo
589 2480 721 2513 Minois
737 2481 826 2512 iram
845 2481 993 2522 fugerat
1010 2481 1045 2512 H
1061 2481 1095 2511 11
1112 2480 1145 2512 3.
1178 2480 1317 2518 turrim,
1338 2490 1407 2520 quo
1422 2480 1450 2511 1.
1471 2497 1511 2501 -—
1531 2490 1636 2521 prac-

118 2525 248 2556 sidium
267 2525 518 2567 inposueratJ
539 2524 612 2564 103,
635 2525 663 2557 1.
703 2526 911 2567 Vagenses,
939 2536 1008 2567 quo
1033 2524 1203 2556 Metellus
1230 2541 1267 2545 —
1293 2524 1516 2565 praesidium
1535 2524 1637 2565 inpo-

117 2574 242 2602 suerat
259 2570 281 2602 J
299 2568 354 2610 66,
365 2570 398 2601 2.
433 2570 479 2601 ad
497 2570 534 2602 id
551 2570 623 2602 loci
640 2574 798 2610 ventum,
818 2581 887 2612 quo
904 2570 1069 2603 Numidis
1087 2571 1330 2610 praeceperat
1345 2569 1370 2600 J
1386 2569 1440 2608 75,
1460 2568 1494 2599 7.
1528 2573 1639 2600 aucta

117 2616 155 2646 in
173 2614 418 2654 altitudinem,
439 2625 508 2657 quo
527 2633 568 2637 —
585 2618 718 2647 natura
734 2615 808 2647 fert
824 2616 847 2648 J
863 2614 919 2655 93,
938 2615 970 2646 4.
1007 2614 1105 2645 (licta
1124 2613 1250 2645 codem
1267 2613 1469 2653 intendere,
1490 2623 1559 2654 quo
1577 2623 1637 2645 cu-

117 2657 335 2702 pido-animi
350 2659 608 2692 hortabaturJ
624 2659 678 2700 64,
701 2660 730 2692 l.
754 2673 800 2688 ε..-
822 2669 885 2700 11110
909 2660 1147 2701 potissumum
1171 2657 1303 2689 infelix
1321 2657 1524 2689 adcedam?
1539 2658 1563 2690 J
1583 2657 1635 2698 14,

121 2704 161 2736 15
177 2707 264 2737 conl.
285 2705 336 2736 17.
379 2715 448 2747 quo
472 2705 537 2737 illa
560 2706 679 2737 oratio
702 2705 903 2747 pertinuit?
922 2704 949 2735 C
967 2704 1023 2742 51,
1045 2702 1096 2734 10.
1136 2711 1199 2743 quo
1214 2710 1328 2742 11311116.
1359 2712 1453 2744 quae
1471 2713 1540 2744 quo
1557 2713 1636 2745 usq.

119 2750 493 2790 tandempatiemiui?
511 2749 648 2790 C20,9.
673 2760 865 2792 quousque
884 2748 1090 2784 cunctando
1107 2757 1182 2779 rem
1200 2758 1234 2789 p.
1247 2747 1403 2778 intutam
1420 2748 1638 2789 patiemini?

118 2795 151 2825 R
170 2795 187 2825 Ι
204 2794 259 2833 48,
280 2794 331 2827 17.
347 2807 394 2822 =
409 2803 473 2834 quo
489 2795 607 2827 minus
623 2795 778 2837 petebat
795 2794 960 2836 gloriam,
982 2802 1025 2824 eo
1042 2792 1160 2833 magis
1178 2791 1243 2823 illa
1260 2792 1482 2834 sequebatur
1498 2791 1525 2824 C
1543 2793 1599 2832 54,
1616 2793 1638 2825 5

118 2841 206 2870 conl.
222 2840 246 2871 J
263 2839 318 2878 22,
339 2839 371 2871 3.
397 2838 453 2880 31,
474 2839 513 2871 17
533 2840 591 2880 (al.
612 2839 732 2881 quod).
757 2839 812 2876 55,
831 2838 864 2869 4.
906 2847 974 2879 11110
997 2836 1114 2879 pluris
1137 2840 1194 2869 est
1214 2837 1388 2869 univorsa
1403 2847 1461 2869 res
1478 2848 1511 2879 p.
1531 2847 1638 2879 quam

119 2883 332 2916 consulatus
356 2886 420 2916 aut
441 2887 633 2926 praetura,
667 2894 710 2915 eo
739 2883 875 2914 maiore
906 2892 994 2914 cura
1017 2881 1117 2913 illam
1144 2881 1391 2914 administrari
1414 2891 1522 2924 quam
1543 2882 1636 2916 haec
