1812 3268
812 234 946 261 mnnx
1555 212 1638 254 399

120 340 221 378 nent,
239 336 354 370 virtus
373 338 430 368 est
443 335 467 367 J
483 335 516 374 4,
526 333 558 366 8.
593 334 625 367 si
641 344 769 377 regum
786 336 860 375 atq.
877 332 1126 375 inperator-um
1142 331 1255 364 animi
1270 331 1387 364 virtus
1404 328 1505 371 (conl.
1524 328 1552 362 C
1564 328 1636 370 1,5.

119 382 175 423 53,
198 381 229 423 1)
246 381 284 413 in
300 391 392 424 pace
410 381 463 412 ita
479 383 520 411 ut
535 380 574 411 in
591 379 687 411 bello
704 378 847 412 valeret
864 377 891 410 C
909 378 949 418 2,
967 376 999 410 3.
1040 387 1184 420 semper
1208 377 1263 409 eis
1280 376 1404 408 aliena
1421 374 1522 418 (conl.
1538 374 1564 407 J
1580 372 1637 414 85,

118 427 178 468 25)
195 427 312 459 virtus
330 425 564 458 formidulosa
581 427 637 456 est
654 423 682 456 C
701 424 732 464 7,
744 424 776 456 2.
811 424 927 456 virtus
943 423 1065 455 omnia
1081 423 1271 454 domuerat
1287 420 1315 453 C
1333 421 1366 461 7,
1375 421 1408 454 5.
1440 420 1638 452 hebescere

118 483 154 505 v.
173 473 297 514 coepit
314 471 341 503 C
363 471 414 512 12,
438 470 466 502 l.
507 470 547 501 ni
560 469 677 502 virtus
694 468 821 511 fidesq.
839 471 965 501 vostra
981 471 1150 510 spectata
1173 467 1262 499 mihi
1279 466 1402 499 forent
1418 465 1446 498 C
1463 464 1518 506 20,
1540 465 1570 497 1.
1601 473 1639 497 v.

121 520 196 559 atq.
216 517 403 559 sapientia
420 517 538 547 maior
554 515 591 546 in
608 513 684 546 illis
702 514 772 546 fuit
790 514 817 546 C
834 513 890 555 51,
908 513 964 545 42.
998 514 1037 544 in
1053 513 1132 555 ipso
1149 522 1354 545 maxumam
1369 511 1541 543 virtutem
1558 519 1638 542 esse

120 563 144 595 J
161 561 194 603 8,
218 561 246 594 1.
286 561 486 603 Iugurthae
504 561 543 591 in
558 559 656 591 bello
673 559 777 591 Num.
796 559 904 601 longe
928 568 1098 590 maxuma
1120 558 1238 590 virtus
1254 557 1326 589 fuit
1340 557 1364 589 J
1380 555 1414 597 9,
1431 556 1480 588 2.-
1504 565 1639 598 pauco—

119 618 197 639 rum
221 607 356 639 civium
381 607 533 648 egregia
555 605 671 637 virtus
688 607 823 636 cuncta
845 603 1007 646 patravit
1025 603 1052 635 C
1069 602 1129 643 53,
1148 603 1181 634 4.
1221 603 1338 635 virtus
1363 611 1485 634 eorum
1504 602 1640 633 famam

122 655 195 694 atq.
213 651 368 694 gloriam
383 650 606 692 adaequavit
621 649 646 681 J
661 649 694 690 5,
704 648 736 681 6.
768 648 915 690 bellum,
930 649 994 680 ubi
1010 648 1125 681 virtus
1143 648 1349 680 enitescere
1364 650 1489 689 posset
1506 646 1596 686 (354,
1605 646 1639 678 4.

121 697 262 729 animus
278 699 382 728 aetas
396 696 513 728 virtus
527 697 654 727 vostra
666 705 723 726 me
735 692 1026 734 hortanturC58,
1039 692 1090 725 19.
1119 693 1294 726 virtutem
1309 692 1510 735 Iugurthae
1526 701 1641 734 regno

120 752 186 774 suo
203 741 344 784 gloriae
363 741 440 772 fore
457 740 480 771 J
497 739 528 778 6,
543 740 576 771 2.
609 739 759 771 Metello
775 740 891 771 virtus
908 738 1062 770 militum
1080 742 1172 778 erat,
1190 738 1294 770 locus
1310 738 1486 770 advorsus
1502 737 1527 769 J
1542 737 1598 777 52,
1606 736 1640 768 2.

119 787 213 819 satis
229 797 341 828 saepe
358 786 431 817 iam
449 788 486 817 et
501 785 674 817 virtutem
691 784 847 816 militum
865 787 902 816 et
920 784 1103 816 fortunam
1118 786 1337 826 temptatam
1352 783 1377 815 J
1383 781 1439 823 62,
1453 782 1482 814 l.
1523 782 1641 815 virtus

121 831 278 864 omnium
296 830 463 872 aequalis
481 830 583 862 facta
598 826 622 861 J
638 828 694 870 87,
716 829 749 862 3.
790 840 873 871 neq.
890 829 1005 861 virtus
1021 839 1104 870 neq.
1124 839 1226 860 arma
1242 829 1334 860 satis
1350 831 1478 871 tegere
1494 828 1518 860 J
1533 827 1589 868 97,
1606 828 1640 860 5.

122 878 182 908 cui
198 886 416 918 quamquam
430 876 548 908 virtus
563 874 680 916 gloria
698 892 740 896 —
756 874 981 916 superabant
995 874 1019 905 J
1035 873 1090 914 64,
1103 873 1132 905 l.
1166 875 1248 916 ipsa
1265 884 1304 906 se
1321 884 1354 906 v.
1373 873 1464 905 satis
1481 873 1642 905 ostendit

119 922 143 953 J
159 921 216 961 85,
234 921 289 954 31.
328 921 467 952 virtutis
481 920 648 962 praemia
666 919 693 951 C
707 919 816 959 52,22
832 922 918 952 conl.
934 919 959 951 J
974 917 1030 959 85,
1040 918 1094 951 20.
1128 929 1306 951 memores
1322 918 1468 951 virtutis
1486 917 1514 950 G
1531 917 1586 959 58,
1601 918 1641 950 12

121 966 341 1009 (pristinae).
360 965 457 1006 60,3.
474 966 497 997 J
507 964 592 1005 49,2
611 964 663 1006 (et
674 964 879 1006 victoriae).
896 963 952 1006 97,
963 964 994 996 5.
1029 964 1075 1008 ad
1090 964 1244 1006 gloriam
1260 964 1406 996 virtutis
1420 964 1483 996 via
1496 973 1642 1006 grassa·

121 1016 180 1043 tur
191 1012 214 1044 J
232 1012 262 1051 1,
273 1011 304 1043 3.
339 1021 431 1053 quae
446 1010 612 1042 homines
629 1012 736 1042 arant
750 1027 796 1032 ——
811 1010 934 1041 virtuti
949 1010 1072 1042 omnia
1087 1013 1220 1051 parent
1233 1009 1260 1040 C
1270 1009 1302 1050 2,
1314 1009 1345 1041 7.
1379 1019 1496 1050 neque
1512 1009 1642 1041 virtuti

120 1057 236 1089 honos
253 1057 361 1088 datur
377 1056 401 1088 J
417 1056 456 1096 3,
478 1055 506 1087 1.
549 1055 625 1087 alia
641 1055 763 1087 omnia
779 1055 906 1087 virtuti
923 1065 1011 1086 suae
1028 1065 1143 1097 prona
1161 1064 1240 1087 esse
1257 1055 1280 1086 J
1301 1054 1374 1095 114,
1393 1054 1425 1085 2.
1468 1053 1499 1086 si
1514 1054 1643 1087 virtuti

121 1105 267 1134 vostrae
293 1101 440 1133 fortuna
465 1100 638 1132 inviderit
655 1100 682 1132 C
699 1099 763 1140 58,
781 1099 836 1131 21.
878 1099 1048 1131 diffidens
1065 1100 1192 1132 virtuti
1209 1100 1366 1131 militum
1382 1100 1406 1131 J
1421 1099 1476 1140 52,
1495 1098 1528 1131 6.
1563 1099 1642 1132 *vir—

123 1147 194 1179 tuti
210 1157 258 1179 an
275 1146 359 1178 fidei
375 1145 603 1188 popularium
621 1145 738 1177 minus
755 1144 885 1177 fideret
900 1145 924 1177 J
941 1145 996 1186 74,
1015 1144 1044 1176 1.
1077 1146 1204 1177 virtuti
1221 1155 1366 1177 suorum
1383 1145 1474 1177 satis
1492 1144 1642 1176 credere

121 1192 145 1223 J
164 1191 244 1230 106,
264 1191 285 1224 3
308 1194 394 1223 conl.
412 1192 447 1222 H
464 1191 475 1221 i
492 1191 547 1222 47.
583 1189 762 1232 (Catonis)
779 1191 940 1222 virtutem
956 1190 1070 1222 animi
1091 1190 1138 1222 ad
1161 1190 1304 1222 caelum
1329 1190 1452 1222 ferunt
1476 1189 1503 1221 C
1527 1188 1589 1231 53,
1612 1188 1640 1220 1.

123 1237 321 1280 Iugurthae
340 1240 458 1268 —tem
477 1235 653 1267 extollere
670 1235 880 1270 laudibus,J
899 1235 951 1276 15,
971 1235 1004 1267 2.
1044 1235 1140 1267 Mari
1161 1245 1197 1267 v.
1222 1235 1260 1266 in
1277 1236 1394 1268 maius
1411 1235 1603 1267 celebrare
1619 1234 1643 1266 J

123 1282 186 1322 73,
204 1283 236 1314 5.
278 1282 392 1314 verba
410 1283 582 1314 virtutem
598 1291 670 1312 non
688 1280 822 1312 addere
841 1280 868 1312 C
887 1279 949 1320 58,
971 1280 986 1311 1
1006 1282 1092 1312 conl.
1110 1280 1135 1312 J
1150 1279 1213 1320 85,
1231 1279 1286 1312 50.
1329 1281 1547 1313 ostentando
1570 1281 1642 1322 vir—

123 1331 238 1360 tutem
254 1327 278 1359 J
295 1327 326 1367 7,
345 1328 378 1358 2.
420 1326 472 1358 ibi
488 1326 659 1358 virtutem
677 1325 868 1357 ostendere
885 1326 910 1357 J
925 1324 987 1366 58,
1007 1325 1039 1358 3.
1079 1325 1276 1357 imitamini
1293 1336 1326 1358 v.
1344 1327 1369 1358 J
1388 1325 1447 1367 10,
1465 1325 1498 1358 8.
1532 1327 1643 1359 virtu-

123 1377 197 1405 tem
214 1383 286 1404 non
302 1371 504 1413 reliquere:
524 1381 569 1402 ea
585 1370 666 1402 sola
682 1381 800 1412 neque
817 1370 926 1402 datur
941 1371 1034 1402 dono
1051 1381 1133 1412 neq.
1151 1371 1332 1413 accipitur
1346 1371 1371 1403 J
1386 1370 1443 1411 85,
1460 1370 1516 1404 38.
1550 1372 1645 1414 quod

124 1422 248 1450 tamen
264 1418 392 1450 vitium
410 1417 559 1458 propius
575 1416 748 1448 virtutem
766 1418 847 1447 erat
864 1415 892 1446 C
913 1414 966 1455 ll,
986 1415 1016 1447 1.
1059 1415 1130 1446 sibi
1148 1416 1307 1447 animum
1326 1416 1372 1447 ad
1388 1417 1562 1448 virtutem
1580 1417 1643 1448 ad-

124 1463 233 1496 cendi
248 1463 271 1494 J
288 1463 320 1502 4,
339 1462 372 1493 5.
405 1471 488 1493 suos
507 1461 552 1492 ad
570 1471 604 1492 v.
625 1460 794 1502 adrigere
811 1460 834 1492 J
851 1459 905 1500 23,
929 1460 957 1492 1.
999 1470 1093 1502 quae
1111 1460 1157 1492 ad
1175 1471 1207 1493 v.
1227 1461 1438 1493 doctoribus
1454 1461 1546 1493 nihil
1562 1473 1643 1504 pro-

123 1509 272 1540 fuerant
287 1507 311 1538 J
326 1505 381 1546 85,
393 1505 447 1538 32.
482 1505 604 1537 omnia
620 1515 695 1536 non
712 1505 804 1536 bene
823 1505 990 1537 consulta
1006 1506 1046 1537 in
1061 1505 1231 1537 virtutem
1250 1506 1493 1538 trahebantur
1507 1507 1531 1539 J
1544 1506 1599 1548 92,
1611 1508 1643 1539 2.

124 1552 237 1586 emori
259 1562 324 1594 per
345 1551 519 1583 virtutem
537 1550 564 1582 C
582 1549 644 1591 20,
662 1549 696 1582 9.
721 1550 757 1581 Η
773 1551 792 1582 Ι
808 1550 869 1590 41,
892 1550 944 1582 15.
985 1561 1050 1592 per
1074 1561 1108 1583 v.
1133 1551 1364 1583 nobilitatem
1390 1553 1604 1584 antevenire
1621 1553 1646 1584 J

122 1599 164 1638 4,
182 1598 215 1629 7.
256 1596 399 1638 ingenti
421 1596 550 1627 virtute
574 1595 678 1628 fuere
700 1595 773 1627 viri
797 1596 867 1627 duo
886 1595 913 1628 C
930 1594 993 1635 53,
1011 1594 1044 1627 6.
1086 1599 1149 1627 tua
1171 1597 1307 1628 virtute
1331 1597 1515 1629 Romanos
1538 1598 1644 1630 nobis

126 1642 376 1675 amicissumos
399 1640 525 1671 fecisti
543 1640 570 1671 ¹J
597 1639 654 1680 10,
674 1640 706 1671 2.
740 1650 830 1676 aum
854 1643 1001 1672 strenuo
1025 1641 1159 1673 virtute
1186 1642 1356 1673 certabat
1380 1642 1407 1674 C
1425 1642 1481 1681 54,
1499 1643 1520 1674 5
1542 1643 1643 1684 (conl.

125 1689 226 1719 cives
244 1696 324 1727 cum
343 1685 483 1717 civibus
501 1684 546 1716 de
564 1685 696 1717 virtute
715 1685 910 1716 certabant
927 1685 955 1716 C
973 1684 1064 1726 9‚2).
1098 1696 1248 1727 quorum
1265 1687 1400 1718 virtute
1418 1688 1565 1720 moenia
1582 1689 1643 1720 de-

126 1732 368 1764 fensabantur
383 1730 406 1761 J
422 1728 478 1769 26,
501 1729 529 1760 1.
570 1739 725 1771 magnus
743 1730 877 1762 virtute
895 1729 923 1761 C
940 1729 996 1770 53,
1015 1730 1036 1761 5
1059 1733 1144 1762 conl.
1171 1731 1305 1763 virtute
1331 1742 1375 1763 ac
1394 1732 1472 1764 deis
1489 1733 1644 1766 volenti-

125 1778 193 1809 bus
215 1776 340 1818 magni
364 1775 454 1806 estis
480 1777 516 1808 et
539 1774 703 1816 opulenti
718 1774 743 1806 J
762 1773 820 1814 14,
842 1774 894 1807 19.
935 1785 1028 1816 quae
1052 1777 1211 1808 maiores
1227 1776 1362 1808 virtute
1380 1787 1558 1819 peperere
1575 1778 1611 1809 Η
1627 1779 1646 1810 Ι

124 1823 181 1863 41,
200 1822 232 1855 3.
274 1831 388 1854 suane
414 1830 461 1851 an
478 1819 622 1851 Metelli
644 1820 779 1852 virtute
802 1820 941 1862 periret
956 1821 980 1852 J
997 1819 1051 1860 70,
1070 1820 1103 1852 5.
1150 1831 1230 1853 cum
1253 1821 1400 1862 virtute,
1426 1826 1502 1854 tum
1525 1823 1646 1866 gratia

125 1868 196 1901 viri
213 1869 395 1909 permotus
411 1865 435 1897 J
451 1863 491 1904 9,
509 1863 542 1897 3.
582 1865 719 1897 virtute
737 1883 778 1887 ——
797 1865 960 1907 Scipioni
984 1865 1169 1907 placuisse
1185 1866 1209 1898 J
1226 1866 1286 1906 22,
1304 1867 1337 1898 2.
1377 1867 1464 1900 vine
1483 1869 1646 1910 corporis

127 1923 174 1945 an
196 1913 333 1945 virtute
358 1910 470 1942 animi
499 1919 558 1941 res
582 1909 751 1941 militaris
776 1912 894 1952 magis
917 1911 1134 1952 procederet
1151 1911 1178 1943 C
1199 1911 1234 1952 1,
1253 1912 1286 1944 5.
1327 1913 1492 1954 pericula
1510 1914 1656 1946 virtute⁴

125 1957 363 2000 propulerant
380 1955 407 1987 C
425 1955 458 1996 6,
477 1955 508 1987 5.
543 1955 698 1987 advorsa
715 1956 849 1997 partim
866 1955 1009 1998 reppuli
1026 1956 1173 1988 deorum
1191 1957 1341 1989 auxiliis
1359 1961 1396 1989 et
1410 1959 1547 1990 virtute
1564 1969 1647 1991 mea

126 2004 161 2035 H
178 2003 214 2034 11
229 2002 285 2042 41,
299 2001 328 2033 1.
362 2003 494 2032 natura
512 2000 674 2041 (humani
683 1999 844 2042 generis)
856 2001 951 2033 forte
968 2001 1088 2043 potius
1107 2011 1214 2043 quam
1230 2003 1365 2035 virtute
1382 2005 1523 2046 regitur
1534 2001 1558 2037 J
1574 2004 1603 2044 1,
1618 2004 1646 2037 l.

127 2058 210 2090 spes
227 2056 380 2079 necesse
397 2047 456 2078 'est
471 2045 603 2078 virtute
623 2048 659 2077 et
675 2046 887 2077 innocentia
903 2046 1016 2078 tutari
1032 2047 1056 2078 J
1072 2045 1126 2086 85,
1142 2047 1176 2078 4.
1207 2047 1246 2079 in
1263 2047 1416 2081 advorso
1433 2048 1514 2081 loco
1531 2050 1648 2082 victor

126 2096 251 2124 tamen
267 2093 402 2124 virtute
421 2091 551 2122 fuisset
565 2090 590 2122 J
606 2090 708 2130 55,,1.
747 2090 810 2122 ubi
827 2091 872 2122 de
889 2102 1024 2134 magna
1041 2092 1176 2124 virtute
1194 2095 1231 2124 et
1246 2092 1364 2135 gloria
1381 2094 1555 2127 bonorum
1573 2105 1646 2126 me-

127 2148 246 2170 mores
264 2137 291 2169 G
309 2135 343 2176 3,
361 2136 394 2168 2.
437 2136 539 2167 euius
557 2135 769 2177 (memoriae
787 2146 906 2168 rerum
923 2136 1123 2179 gestarum)
1147 2138 1191 2169 de
1208 2138 1343 2170 virtute
1361 2139 1464 2171 multi
1481 2140 1606 2172 dixere
1624 2139 1648 2171 J

127 2183 160 2223 4,
182 2182 212 2214 1.
254 2182 313 2214 cui
329 2181 507 2213 Africano
525 2191 727 2223 cognomen
745 2191 789 2213 ex
805 2181 940 2214 virtute
957 2182 1028 2213 fuit
1043 2183 1067 2214 J
1083 2182 1116 2222 5,
1133 2182 1166 2214 4.
1201 2184 1332 2225 quibus
1349 2202 1391 2207 —
1408 2185 1585 2217 nobilitas
1603 2195 1648 2217 ex

127 2228 263 2261 virtute
281 2226 403 2269 coepit
418 2226 442 2258 J
457 2225 513 2265 85,
535 2226 586 2258 17.
628 2226 722 2268 quod
741 2237 785 2258 ex
803 2226 928 2259 aliena
943 2227 1076 2260 virtute
1094 2228 1167 2260 sibi
1186 2228 1366 2271 adrogant
1381 2230 1405 2262 J
1421 2229 1476 2272 85,
1495 2231 1550 2262 25.
1582 2241 1647 2273 pro

127 2273 262 2306 virtute
279 2271 431 2314 largitio
447 2271 601 2314 vigebat
618 2271 645 2303 C
664 2270 695 2311 3,
714 2271 746 2304 3.

172 2319 236 2350 vin.
266 2320 393 2350 nostra
417 2317 533 2348 omnis
556 2317 611 2349 vis
634 2317 672 2348 in
697 2317 818 2349 animo
843 2320 880 2349 et
897 2327 1046 2360 corpore
1070 2318 1143 2350 sita
1161 2322 1217 2351 est
1235 2319 1262 2350 C
1284 2319 1312 2361 1,
1331 2321 1363 2354 2.
1403 2321 1459 2354 vis
1476 2322 1593 2354 omnis
1611 2322 1648 2353 in

127 2363 234 2396 vobis
250 2363 286 2394 H
301 2363 355 2394 111
370 2360 490 2405 6145.
524 2362 643 2406 magis
660 2365 815 2394 naturae
830 2362 1046 2395 industriam
1064 2364 1245 2396 hominum
1264 2375 1371 2406 quam
1387 2367 1461 2399 vim
1479 2370 1543 2398 aut
1558 2371 1648 2398 tem-

128 2418 195 2450 pus
212 2407 342 2440 deesse
358 2407 382 2438 J
401 2406 430 2447 1,
449 2408 482 2439 2.
525 2410 663 2449 quanta
681 2407 837 2440 audacia
853 2414 1026 2450 quantaq.
1051 2410 1107 2441 vis
1132 2409 1243 2441 animi
1267 2411 1400 2443 fuisset
1423 2412 1461 2443 in
1485 2412 1651 2443 exercitu

130 2453 157 2484 O
176 2451 231 2492 61,
253 2452 282 2484 1.
322 2452 472 2484 tametsi
488 2452 526 2483 in
542 2452 623 2494 ipso
639 2463 775 2495 magna
790 2453 846 2486 vis
864 2454 978 2485 animi
995 2458 1075 2485 erat
1090 2454 1114 2485 J
1130 2453 1193 2494 33,
1211 2455 1244 2485 2.
1283 2456 1339 2488 vis
1358 2457 1519 2499 corporis
1535 2457 1559 2488 J
1574 2457 1614 2496 2,
1628 2457 1650 2487 2

131 2497 231 2538 (conl.
251 2496 278 2529 C
299 2496 327 2537 1,
346 2495 394 2538 5).
434 2497 490 2529 vis
508 2497 709 2530 tribunicia
725 2498 760 2529 H
777 2498 831 2530 111
848 2497 902 2539 61,
926 2499 977 2530 12.
1020 2499 1138 2541 plebis
1161 2499 1217 2531 vis
1234 2500 1354 2532 soluta
1373 2505 1410 2533 et
1427 2502 1594 2543 dispersa
1611 2502 1649 2532 in

129 2542 360 2574 multitudine
378 2541 469 2573 nihil
486 2545 634 2584 poterat
648 2543 673 2575 J
688 2543 742 2583 41,
761 2543 793 2575 6.
834 2546 941 2575 tanta
965 2544 1020 2576 vis
1040 2544 1197 2575 hominis
1214 2544 1389 2577 leniunda
1406 2547 1524 2588 magis
1541 2556 1648 2588 quam

131 2587 356 2630 exagitanda
374 2586 401 2618 C
419 2586 474 2627 48,
492 2587 525 2620 5.
565 2604 609 2610 —-
627 2605 668 2611 —
686 2589 830 2631 gratiae
848 2593 921 2630 atq.
940 2589 1122 2631 pecuniae
1141 2589 1240 2631 regis
1258 2593 1338 2622 erat
1352 2591 1377 2622 J
1393 2591 1454 2632 27,
1473 2592 1505 2623 2.
1546 2609 1587 2614 -—
1607 2609 1649 2614 —-

129 2633 245 2665 morbi
273 2649 310 2655 —
330 2632 520 2664 invaserat
537 2632 564 2664 C
583 2631 644 2673 36,
663 2633 684 2665 5
707 2637 792 2666 conl.
809 2634 834 2665 J
850 2633 912 2673 32,
929 2635 950 2664 4
967 2632 1191 2674 (avaritiae).
1234 2629 1484 2677 (serpentum)
1501 2636 1576 2677 vis,
1595 2637 1650 2668 in-

132 2678 218 2718 opia
235 2677 309 2710 cibi
327 2678 457 2717 acrior,
476 2677 539 2709 siti
557 2678 770 2710 adcenditur
785 2679 809 2711 J
824 2678 880 2718 89,
889 2679 920 2710 5.
954 2679 1011 2710 vis
1028 2679 1227 2720 Iugurthae
1244 2680 1382 2722 subigit
1397 2681 1421 2713 J
1436 2681 1492 2722 24,
1510 2681 1544 2712 2.
1576 2682 1650 2714 vim

131 2721 220 2753 mihi
237 2723 360 2763 parari
377 2722 405 2754 C
423 2721 480 2763 35,
497 2722 530 2755 5.
572 2724 656 2765 quid
681 2727 738 2756 est
761 2723 911 2755 relicum
935 2723 1008 2754 nisi
1025 2723 1081 2755 vis
1098 2727 1220 2755 vostra
1235 2724 1260 2756 J
1276 2725 1339 2766 24,
1357 2724 1390 2757 8.
1432 2726 1490 2758 sin
1512 2727 1569 2759 vis
1587 2726 1650 2758 ob-

132 2766 240 2798 sistat
263 2766 298 2797 H
317 2766 400 2798 i21.
441 2770 548 2800 tanta
570 2772 721 2810 repente
747 2768 851 2800 caelo
876 2768 988 2799 missa
1011 2768 1068 2799 vis
1092 2778 1210 2810 aquae
1233 2769 1256 2801 J
1280 2769 1341 2809 75,
1361 2771 1394 2802 7.
1435 2781 1571 2814 magna
1594 2772 1651 2804 vis

131 2810 306 2843 frumenti
322 2811 345 2842 J
360 2810 422 2852 92,
440 2812 472 2844 7.
513 2813 569 2845 vis
592 2823 727 2854 magna
750 2813 905 2844 hostium
922 2813 945 2844 J
962 2811 1018 2852 38,
1034 2813 1068 2844 5.
1109 2813 1293 2846 hominum
1309 2815 1345 2846 H
1360 2816 1378 2847 I
1393 2814 1450 2848 46.
1475 2816 1487 2847 i
1504 2817 1559 2848 25.
1594 2826 1649 2849 so-

133 2856 269 2888 ciorum
288 2857 324 2886 et
341 2855 427 2887 Lati
442 2857 478 2888 Η
494 2857 512 2889 Ι
528 2857 567 2889 41
581 2881 589 2896 ,
610 2857 663 2889 12.
703 2857 857 2898 piscium
881 2858 915 2888 H
931 2857 984 2888 ΠΙ
1000 2857 1054 2889 41.
1095 2869 1265 2891 maxuma
1286 2860 1342 2892 vis
1366 2861 1498 2893 utrium
1517 2861 1651 2894 effecta

131 2901 155 2933 J
171 2899 234 2942 91,
256 2899 284 2932 1.
326 2900 486 2942 pulveris
507 2912 676 2944 magnam
700 2902 768 2932 vim
791 2902 1086 2934 animadvertunt
1106 2903 1131 2934 J
1146 2903 1208 2945 53,
1230 2904 1258 2936 l.
1299 2915 1371 2937 non
1396 2916 1518 2938 ceram
1547 2907 1650 2939 illam
