1838 3288
227 238 308 281 206
912 232 1044 276 mnsx

225 354 299 383 tam
319 353 421 381 atrox
439 348 465 380 O
482 347 537 388 51,
560 345 611 379 10.
652 346 779 379 timido
798 349 834 379 et
853 358 896 380 ex
913 349 1140 381 conscientia
1157 348 1337 382 diffidenti
1352 349 1377 382 J
1392 348 1446 390 32,
1465 349 1498 382 5.
1537 350 1685 393 trepida·
1700 353 1737 383 et

225 395 383 428 sollicita
401 394 444 425 de
463 395 597 425 eventu
612 392 636 424 J
652 392 706 432 55,
726 393 758 424 2.
799 403 908 425 unam
927 397 963 426 et
980 404 1192 427 conmunem
1206 397 1373 427 naturam
1389 395 1413 426 J
1428 394 1489 435 85,
1513 395 1564 427 15.
1604 405 1678 428 una
1701 397 1738 428 et

225 449 266 471 ea
283 443 386 472 vetus
404 448 537 469 caussa
553 437 588 468 H
604 438 654 469 IV
669 436 711 469 61
723 463 731 479 ,
750 437 781 469 5.
821 439 1082 471 nocentissumi
1104 442 1141 472 ot
1162 440 1269 472 eidem
1291 440 1551 483 superbissumi
1566 441 1591 482 J
1607 440 1661 482 31,
1683 440 1736 473 12.

226 495 358 526 vagum
377 487 412 515 ct
428 483 567 525 rapinis
584 485 725 515 suetum
743 493 857 525 genus
875 484 910 515 H
926 484 961 516 ΙΙ
977 483 1031 517 80.
1072 479 1173 518 v'ario
1198 487 1234 517 et
1256 485 1448 517 multarum
1472 495 1590 518 rerum
1615 486 1739 528 egenti

226 530 320 561 bello
336 530 360 560 J
377 528 430 568 43,
450 527 482 561 3.
523 527 649 559 urbem
667 528 833 560 venalem
853 532 889 560 et
905 532 1045 562 mature
1063 531 1265 573 perituram
1281 531 1305 562 J
1320 529 1374 570 35,
1393 529 1434 562 10
1450 529 1529 571 (cfr.
1549 530 1684 563 aemuli
1702 533 1738 562 et

224 574 388 607 vindices
406 573 568 605 adfuturi
584 573 619 604 H
636 573 686 605 IV
703 572 743 605 61
755 599 763 614 ,
786 572 852 615 18).
893 585 982 607 vera
1006 578 1043 607 et
1058 576 1213 608 honesta
1236 576 1271 606 H
1288 575 1340 607 111
1355 574 1397 607 61
1409 600 1417 616 ,
1437 574 1497 608 13-
1530 578 1675 608 veteres
1702 579 1739 607 et

225 622 372 651 sanctos
390 619 488 651 viros
504 619 540 650 H
557 618 593 650 ΙΙ
609 617 662 658 23,
682 618 714 650 5.
755 619 863 651 virile
887 621 924 651 et
947 620 1124 652 muliebre
1151 630 1256 652 secus
1274 621 1309 652 H
1325 621 1360 652 ΙΙ
1376 619 1431 661 23,
1454 621 1482 652 1.
1523 620 1685 654 breviter
1702 624 1739 652 et

224 665 363 696 modice
380 665 404 696 J
423 664 498 704 111,
509 663 539 695 1.
572 663 723 695 multum
741 666 778 696 et
795 664 1028 697 familiariter
1043 666 1067 697 J
1086 665 1160 707 108,
1174 666 1205 697 1.
1238 668 1382 708 optume
1397 668 1433 698 et
1445 665 1737 708 diligentissume

222 711 246 741 J
262 710 317 750 95,
336 710 368 742 2.
408 709 552 752 placide
571 713 608 740 et
630 709 788 751 benigne
812 709 832 742 J
855 708 935 749 102,
958 710 1008 743 12.
1050 711 1223 753 privatim
1248 714 1284 743 et
1307 710 1454 754 publice
1479 711 1507 743 C
1533 710 1592 752 11,
1610 709 1644 743 6.
1669 711 1738 744 HI

224 756 279 796 48,
301 755 352 786 17.
393 757 530 787 temere
556 757 593 786 et
618 753 729 786 effuse
757 757 884 787 euntes
907 755 931 787 J
949 754 1030 796 105,
1050 756 1082 788 3.
1122 756 1246 788 furtim
1267 758 1304 788 et
1319 766 1385 799 per
1400 756 1596 789 latrocinia
1611 756 1636 788 J
1651 755 1683 797 4,
1702 756 1735 788 7.

224 802 404 832 inmaturo
424 803 460 832 et
476 799 572 831 unde
589 800 746 831 minume
764 800 888 832 decuit
902 800 927 832 J
946 800 996 841 14,
1015 801 1069 833 22.
1102 804 1242 833 tantum
1259 802 1363 834 modo
1379 802 1418 833 in
1433 802 1522 834 urbe
1540 803 1576 833 et
1590 810 1657 833 non
1673 811 1738 844 per

225 849 339 878 totam
355 845 504 877 Italiam
521 845 548 876 O
566 844 620 886 52,
634 844 685 876 15.
718 855 784 887 per
801 846 913 878 otium
931 849 967 878 et
985 857 1029 877 ex
1045 845 1386 889 oportunitateJ76,
1399 845 1428 877 1.
1461 846 1507 879 'ad
1523 846 1686 878 Bestiam
1704 848 1740 878 et

224 893 343 932 postea
352 890 533 923 RomamJ
541 890 595 930 77,
606 890 639 921 2.
665 900 710 922 ex
718 891 827 923 Latio
839 893 876 922 et
886 901 907 923 a
917 891 1121 932 sociisJ95,
1134 891 1162 923 1.
1189 892 1353 934 privatus
1362 894 1398 923 et
1414 892 1452 923 in
1460 892 1738 934 magistratibus

226 938 260 968 H
276 938 311 969 II
327 937 381 977 41,
392 937 424 968 4.
457 946 520 978 pro
538 935 702 967 hostibus
720 938 756 967 et
775 936 964 969 advorsum
982 947 1020 968 se
1034 937 1058 968 J
1072 935 1125 975 88,
1136 937 1167 968 4.
1200 936 1400 969 victoribus
1416 939 1452 969 et
1468 936 1661 970 advorsum
1672 946 1739 970 eos

227 993 315 1025 quos
330 983 499 1015 vicerant
514 981 537 1013 J
556 979 629 1021 105,
640 981 672 1012 4.
700 983 821 1013 orator
839 984 875 1013 et
892 981 1041 1014 subdole
1059 982 1286 1024 speculatum
1301 982 1325 1014 J
1343 980 1418 1023 108,
1437 980 1465 1014 1.
1498 983 1684 1014 turmatim
1702 984 1747 1014 et,

227 1038 333 1070 quam
351 1037 515 1059 maxume
530 1026 849 1068 confertisequisJ
861 1026 976 1068 101,4.
1000 1037 1059 1059 res
1068 1037 1255 1059 maxumus
1273 1028 1311 1058 in
1326 1027 1396 1059 hac
1413 1029 1512 1059 terra
1530 1029 1566 1058 et
1582 1027 1740 1059 omnium

228 1073 408 1115 quosnovi
420 1072 443 1104 J
459 1071 532 1112 110,
550 1071 579 1103 1.
605 1071 730 1114 procul
748 1071 944 1104 etdivorsis
953 1082 997 1104 ex
1010 1072 1305 1114 regionibusHII
1313 1070 1368 1103 82.
1394 1071 1514 1104 dolum
1529 1072 1566 1103 in
1580 1080 1740 1112 praetem

227 1121 262 1151 et
272 1120 391 1159 postea
403 1116 581 1149 bellumH
596 1117 645 1149 IV
652 1115 706 1157 61,
720 1115 771 1149 19.
799 1117 986 1160 adpellare
1003 1121 1040 1149 et
1054 1116 1333 1158 cohortariG20,
1347 1116 1376 1149 1.
1401 1117 1599 1150 dubitando
1617 1120 1653 1149 et
1661 1117 1740 1149 dies

226 1163 441 1207 prolatando
457 1163 481 1194 J
500 1161 553 1203 16,
571 1161 603 1194 3.
636 1162 733 1194 velle
752 1165 788 1194 et
806 1173 956 1195 censere
978 1163 1002 1195 J
1015 1163 1069 1204 21,
1088 1163 1120 1195 4.
1163 1174 1267 1195 orare
1286 1165 1321 1194 et
1337 1162 1474 1195 hortari
1490 1162 1513 1194 J
1529 1161 1584 1204 51,
1601 1162 1635 1195 4.
1669 1161 1740 1195 fide

226 1211 313 1242 data
331 1212 369 1241 et
386 1210 543 1250 accepta
558 1208 581 1240 J
597 1206 651 1248 81,
674 1206 703 1239 1.
735 1209 903 1250 quaesita
921 1212 957 1240 et
974 1210 1100 1251 erepta
1116 1208 1154 1240 in
1171 1211 1353 1251 posterum
1370 1208 1405 1239 H
1421 1208 1476 1239 III
1491 1206 1546 1248 61,
1562 1207 1613 1240 12.
1646 1211 1738 1239 tem-

226 1258 333 1298 ptans
358 1254 480 1286 omnia
503 1256 540 1285 et
563 1254 863 1295 circumspiciens
885 1254 909 1286 J
930 1252 992 1295 93,
1012 1254 1044 1285 5.
1093 1257 1297 1286 mussantes
1329 1256 1366 1285 et
1395 1255 1641 1285 retractantes
1664 1253 1700 1285 H
1722 1253 1740 1285 1

226 1300 281 1341 48,
297 1300 328 1333 3.
370 1299 534 1341 despecti
553 1301 589 1330 et
606 1298 749 1341 indigni
766 1299 886 1330 habiti
902 1299 937 1330 H
953 1300 970 1331 I
986 1298 1040 1339 48,
1059 1298 1091 1331 5.
1131 1299 1291 1342 patentis
1309 1301 1347 1330 et
1362 1298 1465 1341 pacis
1481 1298 1586 1330 modo
1605 1297 1740 1330 effusas

226 1346 327 1378 urbis
344 1346 378 1376 H
396 1346 408 1376 i
424 1344 478 1375 25.
520 1346 711 1386 suspectus
734 1345 814 1387 regi
831 1346 866 1376 ot
881 1345 953 1384 ipse
976 1355 1057 1376 eum
1073 1344 1280 1387 despiciens
1295 1344 1319 1376 J
1335 1343 1396 1385 70,
1416 1342 1446 1375 1.
1487 1354 1529 1375 eo
1546 1342 1669 1376 dolore
1685 1343 1740 1374 in-

208 1392 372 1434 ,peditus
390 1393 426 1422 et
443 1390 528 1431 quia
555 1389 738 1421 stultitiae
763 1389 956 1422 videbatur
977 1390 1001 1421 J
1017 1388 1078 1430 83,
1100 1388 1130 1421 l.
1170 1390 1257 1421 nihil
1273 1389 1469 1432 gloriosum
1486 1389 1557 1421 nisi
1573 1391 1690 1420 tutum
1706 1389 1742 1420 ot

228 1437 351 1469 omnia
374 1453 416 1458 —
439 1435 596 1467 honesta
620 1435 655 1466 H
671 1435 689 1466 I
704 1434 765 1475 41,
784 1433 817 1466 8.
856 1434 919 1466 ubi
944 1436 1083 1466 animus
1107 1435 1288 1477 requievit
1312 1437 1349 1466 et
1372 1452 1414 1457 —
1438 1433 1586 1466 decrevi
1611 1433 1638 1465 C
1656 1433 1689 1475 4,
1709 1432 1740 1465 l.

228 1483 380 1515 divitiae
398 1481 526 1513 honori
549 1490 630 1512 esse
654 1490 808 1522 coepere
834 1483 870 1512 et
895 1490 958 1512 eas
982 1498 1026 1503 -—
1043 1480 1264 1522 sequebatur
1282 1479 1309 1511 O
1329 1478 1382 1519 12,
1404 1479 1433 1511 1.
1475 1479 1561 1522 quia
1578 1497 1619 1501 —
1636 1481 1742 1522 puta-

227 1528 318 1560 bant
341 1530 379 1558 et
401 1527 474 1558 iam
497 1529 572 1558 tum
590 1543 632 1548 —
650 1525 886 1558 formidulosa
903 1528 983 1557 erat
1000 1525 1027 1558 G
1049 1525 1105 1564 19,
1126 1526 1157 1556 2.
1199 1525 1278 1557 dies
1301 1525 1404 1556 venit
1428 1527 1465 1556 et
1489 1524 1672 1556 Catilinae
1695 1540 1740 1545 —

228 1583 373 1605 cessere
399 1572 426 1604 C
449 1569 509 1612 26,
537 1571 569 1602 5.
610 1570 796 1613 praesidia
819 1571 1045 1613 parabantur
1068 1572 1103 1602 et
1123 1571 1195 1610 ipse
1215 1571 1468 1613 'interrogatus
1493 1572 1571 1601 erat
1595 1569 1622 1601 O
1640 1567 1702 1610 31,
1718 1568 1741 1600 4

228 1620 313 1652 conl.
332 1618 355 1650 J
376 1616 432 1658 11,
455 1616 485 1648 1.
511 1615 571 1656 35,
596 1615 645 1648 10.
672 1615 736 1654 94,
753 1615 786 1648 3.
827 1619 1062 1658 percontatus
1080 1616 1124 1647 de
1142 1618 1241 1647 statu
1258 1615 1421 1647 civitatis
1440 1618 1476 1646 et
1493 1615 1598 1656 quasi
1613 1613 1740 1646 dolens

230 1665 308 1696 eius
334 1672 456 1695 casum
482 1661 508 1693 C
526 1661 587 1702 40,
606 1662 638 1694 5.
679 1662 804 1693 Fac—
821 1662 961 1704 cogites
987 1664 1023 1693 et
1045 1661 1253 1693 memineris
1279 1660 1306 1692 O
1331 1660 1391 1700 44,
1411 1660 1444 1692 5.
1484 1663 1675 1702 postquam
1695 1675 1742 1682 —-

228 1719 362 1743 venere
382 1711 417 1740 et
434 1707 570 1739 clamor
588 1710 732 1739 exortus
751 1709 806 1738 est
823 1706 849 1738 O
861 1706 915 1747 45,
931 1705 963 1739 3.
994 1706 1077 1738 dum
1094 1724 1136 1728 ——
1155 1710 1312 1748 aguntur
1329 1708 1366 1737 et
1382 1705 1464 1737 dum
1480 1722 1523 1728 ——
1541 1705 1740 1737 decernun-

228 1758 287 1787 tur
303 1755 330 1787 O
349 1753 403 1793 50,
425 1752 453 1784 1.
488 1763 546 1785 res
562 1752 712 1795 publica
730 1751 891 1784 adolevit
909 1755 945 1784 et
962 1752 1142 1784 factiones
1159 1751 1308 1784 valuere
1327 1750 1353 1783 C
1371 1749 1425 1792 51,
1443 1749 1498 1783 40.
1527 1750 1636 1782 victis
1653 1749 1742 1782 Car-

228 1798 526 1843 thaginiensibus
543 1801 580 1829 et
598 1800 706 1840 capto
724 1797 859 1829 Suface
877 1798 901 1829 J
917 1797 951 1838 5,
968 1797 1002 1829 4.
1043 1799 1175 1829 exacta
1192 1807 1258 1828 sua
1282 1799 1404 1828 aetate
1423 1799 1460 1828 et
1474 1795 1598 1838 parvis
1613 1794 1742 1827 liberis

227 1846 251 1878 J
268 1844 300 1886 6,
312 1846 333 1876 2
349 1846 436 1877 conl.
456 1843 507 1885 19,
530 1842 546 1874 1
565 1842 616 1885 (et
634 1843 744 1884 aliis).
770 1842 825 1882 58,
838 1841 866 1873 1.
884 1841 938 1884 67,
950 1841 982 1875 3.
999 1841 1054 1883 99,
1073 1841 1090 1874 1
1109 1841 1161 1884 (et
1177 1841 1286 1884 paulo
1305 1840 1418 1884 ante).
1441 1842 1477 1873 H
1493 1841 1510 1873 I
1525 1839 1738 1882 73(mel.ut).

228 1893 266 1924 11
281 1890 336 1931 96,
360 1888 410 1922 10.
442 1889 544 1921 flexit
562 1889 720 1920 animum
736 1898 840 1920 suum
858 1890 895 1920 et
911 1906 954 1910 —
971 1887 1165 1930 adgressus
1183 1890 1239 1919 est
1253 1887 1277 1919 J
1292 1885 1324 1927 9,
1341 1886 1362 1919 3
1379 1890 1463 1919 conl.
1483 1885 1558 1926 111,
1576 1885 1609 1918 3.
1633 1883 1689 1926 62,
1707 1883 1741 1917 8.

230 1947 311 1969 eum
328 1936 520 1978 adoptavit
537 1937 573 1966 et
588 1936 807 1966 testamento
822 1933 994 1965 heredem
1011 1933 1171 1964 instituit
1195 1932 1221 1964 C
1237 1931 1276 1974 9,
1297 1931 1318 1964 3
1338 1932 1447 1964 Conm.
1461 1942 1499 1973 p.
1518 1931 1572 1963 75.
1607 1933 1741 1963 natura

229 1984 333 2014 ferox
349 1982 384 2013 et
399 1981 466 2011 iam
481 1982 583 2011 antea
599 1979 805 2022 despiciens
821 1979 845 2011 J
863 1978 916 2019 11,
935 1978 956 2012 3
980 1980 1065 2011 conl.
1090 1978 1152 2018 24,
1171 1978 1203 2009 4.
1245 1977 1362 2020 legati
1378 1977 1529 2009 Romam
1551 1985 1686 2008 venere
1705 1978 1742 2007 et

228 2045 274 2051 —
289 2027 420 2059 misere
438 2026 462 2057 J
482 2025 532 2064 13,
553 2026 572 2056 7
597 2028 683 2057 conl.
712 2023 771 2065 18,
791 2024 822 2055 7.
849 2024 903 2066 21,
926 2024 954 2056 1.
972 2024 993 2055 2
1010 2025 1218 2060 (et—non).
1236 2022 1291 2063 27,
1313 2021 1341 2054 1.
1368 2022 1422 2063 34,
1445 2021 1474 2053 1.
1500 2020 1554 2062 35,
1577 2020 1607 2053 l.
1633 2021 1690 2061 42,
1710 2020 1740 2053 1.

228 2073 284 2113 45,
303 2073 334 2104 2.
360 2070 422 2112 56,
440 2071 474 2102 4.
498 2069 559 2111 60,
577 2069 609 2102 6.
636 2069 697 2110 61,
716 2070 748 2102 4.
773 2068 827 2107 63,
846 2069 877 2102 3.
904 2069 958 2110 64,
977 2070 1008 2100 2.
1029 2067 1089 2110 66,
1112 2068 1140 2100 1.
1165 2068 1220 2108 68,
1240 2068 1272 2099 2.
1298 2067 1351 2109 73,
1371 2067 1390 2099 7
1409 2070 1456 2104 (et
1470 2069 1608 2107 postea).
1631 2065 1687 2106 75,
1704 2065 1738 2098 7.

229 2118 284 2158 91,
306 2117 335 2149 1.
353 2117 386 2148 4.
410 2115 471 2156 97,
494 2116 527 2147 4.
557 2114 638 2155 106,
656 2115 688 2147 2.
718 2114 797 2155 113,
817 2115 849 2146 4.
866 2114 899 2146 6.
929 2114 1010 2155 114,
1029 2113 1061 2146 3.
1088 2114 1123 2146 H
1139 2113 1156 2145 I
1172 2112 1226 2145 56.
1260 2113 1296 2144 II
1312 2113 1344 2144 2.
1363 2112 1468 2145 5.17.
1488 2111 1544 2144 50.
1569 2110 1631 2152 96,
1649 2109 1742 2151 9'(et

230 2162 358 2204 nunc).
384 2162 439 2193 III
461 2160 522 2202 61,
549 2160 581 2192 6.
611 2159 651 2192 13
675 2159 767 2192 conl.
786 2160 817 2191 7.
843 2159 887 2191 28
911 2159 990 2201 (est
1015 2161 1051 2191 et
1074 2158 1222 2201 ——erit).
1248 2157 1309 2198 67,
1331 2157 1382 2190 14.
1415 2159 1465 2190 IV
1482 2156 1543 2198 61,
1561 2157 1594 2188 4.
1614 2155 1667 2190 10.
1687 2155 1741 2188 15.

230 2208 403 2240 mandata
421 2206 609 2248 exequitur
626 2208 663 2237 et
682 2205 857 2248 explorat,
876 2205 1006 2237 deinde
1023 2205 1047 2236 J
1064 2203 1117 2244 35,
1131 2204 1163 2236 5.
1198 2204 1326 2236 cohors
1342 2221 1385 2226 —
1403 2204 1583 2235 transiere
1602 2204 1639 2234 et
1656 2211 1741 2233 cen-

229 2254 323 2286 turio
340 2270 384 2275 —
399 2252 519 2284 locum
536 2251 637 2282 dedit
652 2251 676 2282 J
692 2249 746 2291 38,
757 2249 789 2282 6.
821 2251 915 2292 quod
933 2267 971 2274 ——
989 2250 1166 2282 invictum
1183 2250 1342 2281 animum
1355 2249 1510 2292 gerebat
1526 2250 1564 2279 et
1581 2246 1742 2280 avaritia

232 2318 272 2323 —
291 2301 467 2339 contusae
486 2299 590 2328 erant
605 2297 629 2329 J
645 2295 706 2336 43,
726 2296 757 2328 5.
801 2296 954 2338 gloriam
978 2305 1154 2337 quaerere
1180 2298 1216 2327 et
1237 2295 1447 2327 memoriam
1465 2311 1507 2317 ——
1523 2293 1671 2336 longam
1689 2291 1742 2324 ef—

230 2345 340 2377 ficere
360 2343 387 2375 C
407 2343 442 2383 1,
462 2341 494 2375 3.
535 2342 714 2384 inperium
737 2340 916 2373 benificiis
942 2340 1135 2383 agitabant
1159 2343 1196 2372 et
1218 2358 1262 2363 —
1283 2340 1475 2383 ignoscere
1494 2357 1536 2362 ——
1552 2336 1742 2370 malebant

232 2391 259 2423 C
284 2389 322 2431 9,
341 2389 374 2421 5.
414 2388 485 2419 nisi
507 2398 563 2419 me
589 2388 729 2418 animus
752 2386 850 2418 fallit
874 2389 911 2418 et
933 2396 996 2419 vos
1019 2385 1142 2428 parati
1165 2386 1254 2418 estis
1278 2385 1305 2417 C
1327 2384 1389 2425 20,
1414 2384 1446 2416 7.
1493 2383 1666 2416 nobilitas
1687 2382 1742 2414 in-

230 2436 331 2469 vidia
363 2433 559 2466 aestuabat
596 2435 633 2465 et
662 2449 702 2454 —
734 2431 935 2463 credebant
962 2431 989 2463 O
1020 2431 1063 2463 23
1079 2456 1086 2471 ,
1114 2430 1146 2463 6.
1193 2431 1328 2463 bellum
1357 2431 1482 2463 facere
1514 2432 1551 2462 et
1581 2430 1742 2460 extrema

233 2482 355 2514 omnia
387 2478 545 2522 experiri
574 2477 600 2510 O
625 2476 686 2518 26,
711 2477 744 2509 5.
792 2480 975 2519 postrema
1005 2477 1201 2508 meminere
1233 2479 1270 2508 et
1299 2494 1340 2499 —
1364 2476 1548 2508 disserunt
1570 2473 1598 2506 C
1622 2473 1684 2513 51,
1706 2472 1739 2505 5.

230 2525 367 2559 laetari
384 2528 420 2557 et
436 2524 564 2556 merito
582 2523 704 2555 dicere
721 2522 799 2554 fieri
818 2521 844 2553 C
859 2521 912 2563 51,
932 2520 987 2553 29.
1023 2532 1084 2554 eos
1101 2522 1237 2553 dimitti
1255 2524 1291 2553 et
1309 2520 1436 2564 augeri
1452 2519 1654 2553 exercitum
1671 2517 1742 2550 Ca·

230 2572 360 2604 tilinae
385 2570 412 2602 C
436 2569 567 2609 51,43.
609 2567 905 2611 expergiscimini
930 2570 966 2599 et
993 2567 1178 2609 capessite
1203 2577 1279 2599 rem
1302 2577 1336 2609 p.
1357 2566 1384 2598 C
1401 2565 1462 2606 52,
1481 2565 1502 2598 5
1527 2566 1613 2598 conl.
1637 2563 1662 2596 J
1683 2561 1740 2604 85,

231 2618 286 2649 47.
313 2617 348 2648 Η
365 2617 382 2648 I
398 2615 459 2656 41,
478 2615 534 2646 27.
558 2615 594 2647 II
611 2613 671 2654 41,
694 2612 746 2646 13.
787 2623 832 2645 ne
849 2631 893 2636 -
908 2612 1114 2655 largiantur
1132 2614 1168 2644 et
1187 2629 1229 2634 —
1246 2611 1427 2654 perditum
1452 2613 1539 2643 eant
1557 2609 1584 2641 C
1602 2608 1665 2650 52,
1686 2608 1739 2640 12.

233 2663 319 2695 forti
338 2662 458 2694 animo
476 2660 556 2693 sitis
573 2662 610 2691 et
626 2659 861 2692 memineritis
880 2657 907 2690 C
924 2657 979 2697 58,
996 2656 1029 2689 8.
1071 2667 1151 2689 cum
1170 2657 1359 2689 considero
1379 2659 1415 2688 et
1433 2666 1513 2688 cum
1530 2657 1693 2687 aestumo
1712 2653 1740 2685 C

231 2708 286 2748 58,
310 2707 360 2739 18.
402 2709 482 2740 orta
499 2705 670 2738 occidunt
687 2708 724 2737 et
741 2706 852 2736 aucta
868 2705 1063 2736 senescunt
1077 2703 1102 2734 J
1117 2703 1155 2742 2,
1174 2703 1206 2734 4.
1248 2701 1411 2734 salutare
1435 2700 1579 2743 plebem
1604 2702 1640 2731 et
1657 2708 1741 2731 con-

231 2754 341 2787 viviis
360 2752 518 2795 gratiam
535 2761 711 2793 quaerere
728 2750 752 2782 J
764 2750 802 2790 4,
822 2749 853 2782 3.
895 2759 976 2781 eum
1001 2748 1186 2780 obiectare
1211 2746 1385 2789 periculis
1409 2748 1444 2778 et
1459 2753 1499 2778 οο
1513 2746 1610 2777 modo
1626 2745 1740 2777 fortu-

233 2810 316 2831 nam
334 2800 514 2840 temptare
531 2797 553 2828 J
571 2797 602 2835 7,
625 2796 653 2828 1.
693 2796 832 2828 utinam
849 2813 892 2818 —
909 2794 1054 2828 videam
1078 2797 1115 2825 et
1138 2792 1333 2834 aliquando
1352 2808 1393 2815 —
1411 2791 1550 2824 oriatur
1564 2791 1587 2823 J
1607 2789 1664 2830 14,
1684 2788 1740 2822 21.

233 2843 519 2877 subveniundum
537 2842 628 2881 Aah.
647 2844 683 2874 et
699 2842 745 2872 H.
763 2843 914 2872 mortem
929 2839 1189 2873 vindicandam
1204 2838 1228 2870 J
1245 2837 1298 2876 15,
1313 2837 1334 2870 3
1350 2839 1435 2870 conl.
1454 2835 1509 2878 25,
1527 2835 1557 2868 l.
1589 2835 1741 2868 Africae

233 2891 341 2921 situm
360 2897 538 2930 exponere
557 2891 594 2919 et
612 2897 675 2919 eas
693 2886 812 2929 gentis
837 2886 1027 2928 adtingere
1050 2885 1074 2917 J
1100 2883 1158 2924 17,
1180 2883 1208 2915 1.
1250 2883 1385 2916 bellum
1409 2892 1536 2925 gerere
1561 2884 1598 2914 et
1614 2883 1741 2923 aperte

233 2952 277 2959 --
293 2945 443 2978 regnum
459 2936 586 2976 petere
602 2933 626 2965 J
641 2931 696 2973 20,
707 2932 738 2964 7.
771 2931 927 2975 parandi
943 2930 1031 2963 iuris
1049 2932 1085 2962 et
1101 2928 1308 2962 maiestatis
1327 2927 1607 2962 constituendae
1621 2925 1743 2970 gratia
