1826 3282
552 227 852 256 ms'romARVM
883 228 965 255 Lm.
993 227 1038 255 ιν
1067 222 1126 257 44.
1150 221 1211 256 45.
1569 210 1649 253 107

234 329 285 368 4⁴
320 328 400 383 [ΚΡ.
425 335 458 368 ·.).
489 332 528 368 G.
554 329 634 388 633]
690 329 812 369 Simul
848 342 916 369 eos
950 335 988 369 et
1021 334 1185 369 cunctos
1214 330 1290 369 iam
1322 327 1526 369 inclinatos
1555 326 1649 367 laxi-

121 400 199 438 tate
234 398 311 438 loci
350 398 485 450 plures
516 397 701 437 cohortes
733 402 850 450 atque
885 410 1022 438 omnes
1060 402 1104 438 ut
1138 399 1176 438 in
1212 397 1384 438 secunda
1423 409 1468 438 re
1503 397 1651 449 pariter

122 479 235 506 acres
265 467 463 506 invadunt.

234 546 326 578 Non.
353 557 388 588 p.
413 545 477 578 90:
502 546 666 578 Laoeitas.
708 545 890 578 Sallustius
915 546 1146 578 Histoviarum
1170 546 1227 578 tib.
1253 546 1336 578 1111.
1377 545 1422 578 In
1446 546 1523 578 eius
1548 545 1653 578 libris

122 601 203 623 cum
228 591 402 633 scriptum
428 591 476 622 sit
499 592 629 623 laxitas
653 594 687 622 et
709 593 785 628 loci,
811 591 890 622 veri
915 590 1114 623 similluma
1139 601 1228 623 sane
1255 595 1311 623 est
1327 592 1485 624 Merceri
1510 595 1547 624 et
1563 591 1652 623 Car-

122 636 235 668 rionis
261 636 307 668 ci.
334 637 481 669 laxitate
506 638 582 668 Ioci.
630 635 774 668 Deinde
800 635 885 667 libri
910 646 1006 673 acre,
1040 636 1134 678 quod
1166 637 1332 678 quamvis
1364 637 1518 679 quodam
1548 636 1653 669 modo

122 681 273 714 defendi
296 682 413 724 possit
438 680 528 722 (vid.
556 691 651 723 quae
669 681 755 713 olim
781 681 828 713 ad
851 681 932 723 Ing.
961 681 1001 719 5,
1026 681 1048 712 4
1072 692 1106 723 p.
1134 681 1177 713 45
1203 682 1403 723 adnotavi),
1431 685 1555 714 tamen
1572 692 1654 714 cum

122 737 240 769 neque
266 726 505 769 intellegatur
530 736 594 758 cur
619 726 834 766 Sallustius,
869 726 930 767 qui
955 726 1130 758 adverbio
1163 729 1292 759 am‘iter
1323 731 1397 759 tam
1430 738 1542 770 saepe
1566 735 1654 759 usus

123 772 189 811 sit,
221 771 257 804 h.
284 772 309 804 l.
337 782 379 804 eo
404 772 459 804 uti
483 771 641 804 noluerit
666 789 708 793 —
739 772 812 803 nisi
837 770 932 803 forte
958 771 994 803 id
1021 781 1102 803 eum
1126 772 1347 804 mirabilium
1372 772 1492 805 studio
1518 773 1654 813 secisse

124 827 254 849 censes
273 835 315 838 —
334 820 370 849 et
386 817 617 860 perspicuum
636 817 685 849 sit
701 817 917 849 rectissume
939 816 1014 848 dici
1031 816 1160 858 quibus
1186 810 1559 850 animis⁸invadentes
1577 818 1654 850 fue-

124 863 210 902 rint,
237 872 319 894 cum
345 862 543 895 Gerlachio
569 861 797 894 facillumam
817 861 1111 894 emendationem
1128 873 1228 894 acres
1246 863 1496 905 recipiundam
1514 863 1654 906 putavi.

125 908 190 940 Set
213 910 253 940 ut
277 908 322 939 de
348 908 535 940 sententia
559 907 714 950 primum
740 909 960 950 exponatur,
993 909 1139 940 laxitate
1163 910 1232 940 loci
1261 918 1341 940 cum
1365 910 1545 941 inclinatos
1570 919 1654 941 con-

124 953 228 996 iungi
252 963 324 985 non
346 963 455 995 posse
483 953 661 995 adparet,
696 962 778 985 culn
810 954 974 984 inclinare
1006 953 1050 984 de
1084 953 1138 984 eis
1163 956 1305 985 tantum
1331 954 1470 985 dictum
1495 954 1562 991 sit,
1595 953 1656 996 qui

125 1009 250 1041 pugna
275 998 448 1031 recedere
475 1002 673 1041 coguntur,
705 1008 837 1040 neque,
857 998 1002 1030 omnino
1035 998 1119 1039 quid
1144 998 1294 1030 tandem
1318 999 1534 1040 spatiositas
1557 999 1655 1031 loco—

126 1053 205 1075 rum
230 1043 276 1075 ad
300 1043 552 1076 inclinandam
577 1043 694 1076 aciem
719 1042 868 1075 adferat
890 1043 1148 1085 perspiciatur.
1190 1044 1238 1075 At
1254 1043 1409 1076 laxitate
1427 1044 1498 1076 loci
1522 1048 1562 1076 ut
1579 1044 1655 1086 plu-

126 1089 225 1120 ribus
249 1088 356 1121 simul
380 1088 540 1120 hostium
564 1088 852 1121 invadendorum
877 1088 985 1131 copia
1009 1087 1094 1128 fiat,
1121 1088 1301 1128 efficitur,
1333 1089 1429 1121 unde
1456 1089 1657 1121 ablativum

126 1133 230 1165 illum
256 1143 337 1165 cum
357 1136 477 1175 plures
502 1134 793 1176 coniungentium
819 1144 900 1166 esse
925 1136 1040 1176 patet.
1090 1133 1152 1166 Sic
1185 1134 1300 1176 igitur
1325 1134 1465 1166 factam
1489 1145 1587 1174 rem,
1612 1135 1657 1166 de

128 1189 199 1221 qua
225 1178 420 1211 Sallustius
444 1182 592 1218 narrat,
619 1179 783 1222 cogitare
809 1178 1004 1211 debemus:
1031 1188 1112 1211 cum
1129 1179 1253 1211 hostes
1270 1180 1308 1211 in
1334 1180 1513 1222 angustiis
1531 1180 1659 1222 inpetu

129 1222 230 1256 facto
255 1225 330 1256 iam
354 1224 392 1256 in
417 1224 640 1266 spatiosiora
664 1223 749 1256 loca
774 1224 906 1256 cedere
933 1224 1053 1256 coacti
1078 1228 1215 1264 essent,
1239 1235 1285 1257 ea
1309 1224 1383 1257 loci
1408 1225 1657 1267 oportunitate

127 1267 214 1302 usas
230 1269 354 1311 plures
379 1278 486 1311 quam
513 1272 624 1302 antea
641 1269 811 1302 cohortes
828 1279 890 1301 eos
907 1269 1089 1302 invasisse
1108 1273 1218 1312 atque
1237 1280 1363 1302 omnes
1386 1272 1427 1301 ut
1442 1270 1480 1301 in
1498 1269 1659 1310 secunda

129 1325 167 1347 re
194 1314 240 1346 ad
264 1314 501 1357 pugnandum
519 1324 625 1347 acres
643 1314 772 1347 fuisse.
821 1315 863 1346 Id
887 1315 926 1346 in
943 1314 1084 1357 proelio
1109 1315 1155 1347 ad
1171 1315 1396 1348 Mithridatis
1422 1319 1544 1348 castra
1563 1314 1660 1357 apud

129 1357 268 1392 Cabira
285 1359 467 1393 conmisso
485 1360 625 1392 factum
643 1369 725 1392 esse
744 1359 923 1392 credibile
940 1371 1012 1392 non
1031 1370 1124 1400 esse,
1143 1361 1206 1403 qui
1223 1361 1346 1393 omnia
1363 1361 1408 1393 de
1434 1371 1477 1392 eo
1494 1364 1659 1393 veterum

129 1405 345 1447 scriptorum
374 1405 587 1438 testimonia
619 1405 879 1447 exploraverit,
913 1405 1026 1438 facile
1059 1405 1129 1437 sibi
1153 1405 1410 1448 persuadebit,
1443 1409 1500 1439 set
1530 1402 1660 1438 similis

128 1450 273 1483 videtur
288 1460 412 1492 pugna
430 1450 557 1491 fuisse,
585 1451 629 1483 de
655 1461 727 1492 qua
751 1451 847 1482 Plut.
874 1451 964 1482 Luc.
987 1450 1026 1482 17
1051 1451 1134 1483 init.
1153 1454 1298 1484 narrat:
1321 1444 1384 1483 Ἐκ
1401 1445 1538 1484 τούτου
1555 1450 1660 1491 Eme<

131 1490 260 1533 νάτιος
285 1491 356 1537 μὲν
382 1489 444 1528 ἐπὶ
469 1495 576 1528 σίτου
600 1490 767 1539 κομιδὴν
793 1490 977 1539 ἐπέμφθη
1008 1491 1103 1539 μετὰ
1131 1493 1226 1529 δέκα
1250 1496 1416 1538 σπειρῶν
1441 1495 1598 1539 (σπεῖρα
1624 1499 1661 1528 et

130 1541 174 1573 de
199 1540 394 1583 manipulis
421 1544 458 1572 et
482 1541 526 1573 de
553 1541 762 1573 cohortibus
787 1541 862 1573 dici
885 1544 1010 1573 notum
1036 1541 1118 1582 est),
1160 1539 1226 1575 καὶ
1251 1539 1533 1584 καταδιωχθεὶς
1558 1541 1660 1583 (ergo

130 1586 167 1618 in
193 1586 384 1629 angustias
410 1586 626 1628 conpulsus)
657 1579 734 1618 ὑπὸ
757 1581 1016 1628 Μενάνδρου,
1047 1586 1123 1619 τῶν
1154 1582 1410 1629 Μιθριδάτου
1442 1585 1662 1630 στρατηγῶν

132 1624 231 1671 ἔνόςζ
254 1624 416 1674 α’ντέστη
441 1629 508 1664 καὶ
533 1626 735 1674 συμβαλών
760 1626 883 1673 φόνον
908 1626 1063 1675 ἐποίησε
1087 1627 1211 1665 πολὺν
1235 1630 1302 1665 καὶ
1326 1628 1472 1675 τροπὴν
1496 1631 1572 1665 τῶν
1595 1640 1661 1664 πο-

131 1675 283 1719 λεμίων.
331 1677 408 1708 Nec
433 1687 519 1709 vero
544 1676 680 1709 infitior
704 1678 906 1719 aptissume
930 1677 1024 1710 haec
1048 1678 1165 1710 verba
1187 1678 1306 1711 locum
1336 1678 1475 1711 habere
1498 1678 1662 1722 potuisse

131 1721 169 1754 in
193 1721 444 1764 descriptione
468 1732 613 1764 pugnae
641 1722 687 1753 ad
710 1722 904 1755 Arsaniam
930 1723 1056 1755 factae
1082 1722 1169 1764 (vid.
1197 1723 1243 1756 fr.
1268 1722 1339 1765 62).

247 1801 300 1840 45
334 1800 414 1853 [ΚΡ.
435 1807 470 1842 3.
502 1802 542 1839 G.
565 1799 642 1853 7l].
702 1800 759 1840 lta
786 1801 826 1840 in
857 1806 984 1840 castra
1015 1802 1099 1841 sine
1127 1801 1287 1842 volnere
1316 1804 1533 1843 introitum.

245 1879 350 1912 Arus.
379 1890 414 1922 pt
440 1878 523 1911 ‘2452
550 1881 721 1912 introitum
745 1882 779 1912 in
798 1882 856 1912 illa
871 1883 957 1919 loca,
982 1881 1047 1913 ubi
1073 1884 1137 1913 aut
1160 1882 1198 1913 in
1215 1881 1388 1915 lemmate
1408 1885 1567 1914 erratum
1594 1885 1662 1922 est,

134 1927 198 1957 aut
221 1924 324 1958 locus
349 1924 501 1957 Sallusti
526 1925 564 1957 in
587 1925 691 1957 libris
709 1925 804 1958 male
822 1925 1000 1968 scriptus:
1026 1928 1076 1958 ita
1092 1931 1210 1959 castra
1231 1930 1305 1960 sine
1327 1930 1462 1960 vulnere
1479 1929 1661 1960 introitum.

133 1970 198 2003 Set
223 1981 270 2002 ea
293 1970 477 2013 scriptura
501 1970 642 2003 duobus
667 1970 772 2003 Servi
796 1970 887 2003 locis
912 1971 1135 2012 defenditur,
1162 1973 1210 2004 ad
1233 1973 1344 2016 Verg.
1370 1972 1413 2005 A.
1437 1973 1472 2005 X
1495 1972 1574 2012 628,
1600 1972 1663 2005 ubi

133 2015 286 2048 Sallusti
310 2019 428 2048 castra
449 2016 522 2048 sine
545 2017 682 2049 volnere
704 2017 876 2048 introitum
902 2020 1125 2059 conparatur
1156 2028 1238 2050 cum
1261 2017 1404 2062 Vergili
1431 2029 1550 2060 pacem
1578 2018 1663 2051 Tro-

132 2062 210 2093 iano
235 2060 278 2093 ab
301 2071 384 2103 reye
406 2062 586 2103 petendum
619 2064 656 2093 et
681 2062 728 2093 ad
751 2061 804 2093 XI
827 2060 912 2094 230:
944 2063 1068 2094 Pacem
1105 2062 1253 2096 Troiano
1284 2063 1326 2096 ab
1357 2074 1440 2105 reye
1462 2064 1663 2106 petendum:

132 2107 220 2138 sieut
244 2108 344 2138 etiam
367 2117 475 2148 supra
498 2106 653 2149 dimitrius,
678 2118 749 2139 eum
771 2118 838 2149 per
859 2108 1006 2149 gerundi
1027 2109 1156 2140 modum
1181 2109 1310 2151 aliquid
1332 2110 1487 2146 dicimus,
1518 2120 1586 2151 per·
1610 2120 1664 2141 uc-

133 2154 315 2184 cusativum
338 2153 554 2184 elocutionem
574 2153 757 2191 formemus
781 2162 919 2185 necesse
944 2157 1012 2191 est,
1043 2158 1079 2185 ut
1103 2154 1300 2196 petendum
1325 2155 1496 2187 mihi-est
1521 2165 1663 2197 equum.

135 2197 336 2229 Lacr-etius:
363 2199 535 2231 aeternas
561 2197 731 2239 quoniam
756 2208 896 2240 poenas
919 2198 958 2230 in
974 2201 1089 2231 morte
1107 2200 1318 2231 timendum.
1360 2200 1448 2232 Item
1464 2200 1665 2233 Sallustius:

136 2245 260 2274 castra
285 2242 364 2274 sine
389 2242 540 2275 vulnere
565 2243 765 2274 introitum.
816 2243 902 2274 Nam
928 2246 1078 2275 ‘eastra'
1111 2249 1320 2277 accusativus
1343 2247 1487 2286 pluralis
1511 2249 1577 2283 est,
1610 2248 1669 2289 qui

135 2289 243 2319 'uultis
267 2298 420 2320 errorem
441 2288 530 2326 facit
553 2292 589 2319 ut
611 2289 767 2320 videatur
797 2299 872 2321 esse
895 2291 1136 2322 nominativus:
1167 2293 1247 2333 quia
1276 2294 1398 2323 neutra
1422 2292 1568 2332 triptota
1590 2295 1667 2323 sunt

136 2336 170 2364 et
185 2334 301 2365 similis
317 2337 369 2365 est
387 2334 604 2366 nominativus
621 2334 824 2366 accusativo.
867 2333 1010 2374 Quibus
1027 2335 1249 2367 testimoniis
1266 2346 1386 2368 nonne
1406 2336 1538 2368 cedere
1557 2337 1667 2369 debet

135 2377 270 2410 lemma
295 2378 391 2420 apud
415 2378 648 2418 Arusianum,
673 2378 892 2420 praesertim
919 2389 999 2411 cum
1024 2379 1095 2422 ipsi
1111 2380 1193 2413 loco
1212 2380 1337 2413 adlato
1355 2383 1562 2424 repugnet?
1603 2381 1667 2414 Set

136 2423 291 2465 primum
315 2433 458 2455 mecum
484 2423 695 2456 consideres
721 2434 870 2465 quaeso,
897 2434 1005 2466 quam
1031 2425 1154 2458 futilia
1172 2429 1284 2468 atque
1301 2426 1430 2458 inania
1455 2427 1530 2459 sint
1551 2427 1667 2459 verba

139 2468 185 2500 ab
211 2467 338 2501 Servio
365 2468 524 2500 adiecta.
573 2469 701 2500 Nonne
725 2469 796 2501 tibi
821 2469 946 2502 audire
963 2470 1102 2502 videris
1118 2470 1298 2513 Asperum
1323 2471 1436 2510 illum,
1463 2482 1570 2513 quem
1594 2472 1667 2504 iam

139 2512 212 2544 alio
236 2512 317 2545 loco
342 2513 388 2545 fr.
414 2514 471 2545 III
495 2512 539 2545 35
563 2514 695 2546 insana
720 2513 893 2546 Sallustio
920 2514 1115 2548 adfluxisse
1141 2516 1471 2558 deprehendimus?
1511 2517 1561 2548 Et
1587 2527 1667 2548 cum

139 2558 270 2600 quibus
295 2558 473 2601 exemplis
497 2558 529 2590 is
553 2558 656 2592 locus
682 2560 926 2602 conparatur?
972 2560 1099 2593 Nonne
1117 2562 1272 2604 gerundi
1295 2561 1405 2603 longe
1431 2561 1507 2594 alia
1531 2565 1586 2594 est
1603 2572 1666 2593 na-

138 2605 222 2635 tura
246 2613 355 2645 quam
379 2603 521 2645 passivi
551 2603 838 2646 inpersonaliter
868 2604 958 2636 dicti
984 2604 1076 2646 (vid.
1103 2605 1253 2648 Forbig.
1288 2605 1335 2638 ad
1363 2607 1473 2648 Verg.
1500 2606 1591 2638 Aen.
1616 2607 1669 2639 XI

138 2647 206 2680 230
229 2659 264 2690 p.
291 2647 356 2681 351
383 2648 481 2690 sq.)?
529 2648 625 2689 Quid
649 2649 798 2681 tandem
824 2649 1038 2682 Sallustium
1063 2651 1291 2683 conmovisse
1315 2651 1497 2692 opinaris,
1522 2655 1562 2683 ut
1587 2661 1668 2683 cum

138 2695 283 2726 introire
309 2703 390 2726 cum
416 2703 494 2726 acc.
521 2695 623 2737 iungi
648 2694 796 2734 soleret,
823 2706 911 2737 ergo
934 2696 1120 2737 passivum
1139 2698 1239 2727 recte
1257 2705 1433 2737 usurpare
1451 2699 1589 2737 posset,
1612 2700 1668 2728 ta-

139 2749 223 2774 men
246 2748 379 2771 novum
405 2741 442 2770 et
466 2738 669 2771 inauditum
695 2750 811 2782 genus
836 2740 983 2772 dicendi
1007 2741 1172 2782 proferre
1198 2739 1348 2771 mallet?
1395 2740 1506 2772 Talia
1529 2740 1668 2782 fingere

139 2782 348 2815 umbratilis
380 2785 501 2826 potius
534 2785 768 2827 grammatici
794 2788 867 2824 est,
908 2795 1015 2826 quam
1042 2785 1119 2816 eins
1145 2783 1349 2826 scriptoris,
1378 2785 1438 2826 qui
1461 2785 1669 2819 hominibus

139 2827 263 2869 politis
289 2832 326 2860 et
350 2828 590 2870 prudentibus
615 2829 701 2870 styli
719 2829 1043 2861 existumatoribus
1067 2839 1107 2860 se
1125 2829 1286 2860 scribere
1303 2830 1411 2861 sciat.
1452 2830 1552 2872 Ergo
1569 2831 1668 2873 equi-

141 2871 224 2904 dum
249 2883 318 2915 ego
342 2883 414 2905 non
438 2873 577 2913 dubito,
605 2874 691 2915 quin
716 2873 816 2906 falsa
841 2874 887 2905 ab
913 2874 1166 2915 grammaticis
1191 2873 1312 2906 relata
1336 2874 1421 2906 sint.
1464 2875 1528 2908 Set
1552 2876 1597 2908 de
1624 2887 1669 2908 eo

139 2916 302 2957 haesito,
333 2922 453 2950 utrum
479 2918 693 2951 Sallustium
718 2918 909 2960 scripsisse
936 2927 1109 2950 censeam
1133 2922 1252 2950 castra
1274 2936 1319 2941 —
1342 2922 1500 2959 introita,
1533 2931 1580 2953 an
1613 2932 1676 2957 se—.
