1826 3282
209 220 289 261 104
634 228 933 256 HlsronrAavM
965 228 1048 254 mn.
1081 227 1124 254 1v
1155 221 1213 257 34.
1235 222 1292 257 35.

319 332 422 364 Arus.
449 341 484 372 p.
509 328 594 360 220:
627 331 786 360 cultorem
810 328 873 359 sui.
922 327 1027 359 Haec
1051 328 1167 360 verba
1195 328 1227 360 si
1254 328 1299 360 ad
1323 328 1536 370 petitionem
1561 328 1729 362 consulas

207 381 264 410 tus
289 378 327 408 in
352 385 486 407 annum
510 372 554 404 70
579 373 785 414 pertinuere
804 390 846 394 —-
863 373 900 404 id
925 373 1017 414 quod
1033 383 1138 405 nemo
1156 372 1268 405 facile
1285 373 1502 406 infitiabitur
1517 391 1572 414 —,
1598 374 1726 408 variae

207 424 335 464 patent
353 429 473 452 eorum
491 417 787 460 explicandorum
805 417 889 450 viae
908 428 951 449 ac
969 418 1142 450 rationes.
1184 418 1341 450 Possunt
1359 418 1465 457 enim,
1485 429 1578 460 quae
1595 419 1728 452 Kritzii

208 469 265 498 est
289 465 379 496 haut
404 462 645 505 inprobabilis
670 462 872 501 sententia,
907 462 1073 505 intellegi
1105 463 1149 494 de
1180 463 1229 494 M.
1265 462 1417 503 Crasso,
1452 464 1514 505 qui
1539 474 1620 496 cum
1643 474 1727 504 con-

205 511 328 551 legam
353 519 391 540 se
417 508 626 540 habiturum
650 507 767 540 virum
792 518 831 539 se
856 508 1066 540 inferiorem
1092 508 1234 549 sibique
1253 508 1526 540 deditissumum
1546 509 1728 550 speravis-

207 559 280 593 set,
308 554 428 585 subito
455 553 522 585 Gn.
550 553 762 595 Pompeium
788 553 1051 595 conpetitorem
1076 553 1235 584 futurum
1262 553 1490 594 conpererit,
1518 564 1587 585 nec
1611 554 1728 587 minus

207 600 251 631 de
277 598 470 640 Pompeio,
504 597 564 639 qui
597 607 678 629 cum
703 597 857 629 Crassus
890 597 936 629 ab
970 608 1013 629 eo
1038 608 1083 629 ne
1109 608 1212 630 suam
1237 598 1453 639 petitionem
1479 608 1590 640 aegre
1615 599 1730 631 ferret

206 644 376 686 petiisset
401 642 509 684 (Plut.
531 643 653 684 Pomp.
673 643 728 674 22.
756 642 878 674 Crass.
900 641 967 683 12),
994 642 1072 674 fore
1096 646 1136 674 ut
1159 643 1222 674 ille
1247 644 1285 674 in
1309 643 1530 685 magistratu
1553 643 1729 675 minorem

208 689 367 720 animum
392 690 538 730 gereret
562 687 703 729 sibique
728 687 1010 729 obsequeretur,
1037 686 1193 720 confisus
1219 688 1283 727 sit,
1318 688 1354 719 id
1387 688 1479 730 quod
1506 691 1606 720 certe
1631 688 1727 730 prin·

208 733 303 775 cipio
330 732 542 764 consulatus
569 732 692 765 evenit
717 732 895 774 (Momms.
920 732 974 764 111
998 743 1032 774 p.
1059 731 1129 774 95).

321 811 374 851 34
408 811 486 863 [Kr.
508 816 564 848 62².
597 812 640 851 G.
659 810 735 862 72].
798 810 960 850 Crassus
991 810 1216 849 obtrectans
1248 813 1376 861 potius
1398 811 1583 862 conlegae
1613 824 1728 863 qnam

207 879 302 918 boni
331 882 397 918 aut
424 878 513 917 mali
543 877 690 929 publici
720 879 847 928 gravis
878 879 1143 917 existumator.

320 957 443 989 Verba
470 959 596 989 extant
622 967 679 998 ap.
708 956 811 988 Arus.
838 967 872 998 p.
892 955 959 988 250
984 967 1064 988 cum
1088 956 1260 988 lemmate
1278 956 1472 994 obtrectans
1489 958 1546 995 itti,
1572 960 1630 989 set
1647 968 1729 990 con-

207 1007 311 1046 rupte
338 1003 375 1034 in
401 1002 478 1034 cod.
508 1001 574 1033 Gu.
603 1001 737 1043 legitur
759 1004 874 1043 gravis
898 1006 1051 1034 exactos.
1101 1001 1170 1034 Pro
1189 1012 1257 1043 quo
1277 1001 1376 1033 Gerl.
1402 1002 1548 1044 scripsit
1571 1006 1728 1041 eaeactor.

208 1048 312 1080 facili
343 1047 543 1079 mutatione
576 1049 632 1078 set
663 1056 839 1088 pervorsa
872 1047 1069 1078 sententia.
1125 1047 1202 1078 Nec
1241 1046 1319 1079 veri
1351 1046 1478 1078 similis
1519 1049 1575 1079 est
1599 1047 1730 1080 Kritzii

208 1092 393 1125 sententia
418 1091 508 1123 illud
535 1101 579 1122 ex
604 1095 724 1123 auctor
749 1091 888 1123 factum
914 1101 1005 1123 esse.
1049 1091 1138 1123 Cum
1160 1102 1244 1124 vero
1263 1091 1352 1122 nihil
1378 1091 1511 1124 certius
1536 1092 1595 1130 sit,
1622 1099 1730 1134 quam

206 1137 272 1170 illa
296 1137 411 1170 verba
436 1136 536 1167 dicta
562 1136 676 1168 fuisse
709 1136 754 1167 de
778 1136 826 1167 M.
855 1135 980 1167 Crassi
1010 1136 1047 1166 in
1073 1136 1264 1168 consulatu
1290 1136 1513 1176 actionibus,
1548 1147 1592 1169 ex
1616 1137 1728 1181 parti-

209 1182 304 1224 cipio
329 1182 524 1214 obtrectans
550 1183 672 1212 autem
698 1184 734 1213 et
760 1192 802 1212 ex
828 1181 976 1212 relicuis
1008 1181 1132 1213 verbis
1158 1181 1337 1223 adpareat
1367 1181 1566 1213 membrum
1591 1180 1729 1214 finitum

207 1227 275 1259 hoc
308 1226 547 1259 continuisse:
581 1236 661 1257 eum
692 1225 837 1268 legibus
865 1226 909 1257 ab
936 1226 1109 1267 Pompeio
1139 1226 1224 1257 latis
1249 1226 1451 1265 obstitisse,
1485 1226 1729 1259 manufestum

209 1276 265 1304 est
289 1271 550 1310 obtrectationi
575 1271 779 1312 obpositam
807 1270 919 1302 fuisse
946 1281 1069 1302 verum
1096 1271 1149 1302 rei
1174 1271 1344 1313 publicae
1371 1271 1537 1310 studium,
1565 1271 1658 1313 quod
1683 1271 1728 1303 ab

207 1317 342 1349 iudicio
369 1316 412 1348 de
438 1315 547 1347 rebus
573 1315 726 1357 agendis
753 1318 816 1347 aut
841 1315 934 1347 actis
958 1315 1104 1357 pendet.
1150 1316 1266 1355 Quam
1285 1316 1329 1347 ob
1355 1326 1430 1347 rem
1457 1316 1587 1358 scripsi
1605 1317 1729 1349 existu-

207 1365 326 1399 mator,
353 1371 432 1392 cum
458 1360 555 1391 hanc
579 1360 693 1391 fuisse
719 1360 938 1392 sententiam
965 1363 1181 1392 statuerem:
1216 1361 1370 1392 Crassus
1394 1361 1431 1391 in
1457 1364 1587 1392 senatu
1612 1360 1727 1402 (Plut.

208 1407 334 1448 Pomp.
361 1406 415 1437 22.
441 1405 604 1437 Momms.
632 1405 687 1437 ΙΙΙ
711 1416 745 1447 p.
772 1403 837 1446 95)
869 1405 1028 1444 obstitit,
1063 1405 1295 1437 obtrectandi
1326 1405 1447 1447 potius
1479 1405 1598 1438 studio
1623 1416 1729 1448 quam

208 1455 308 1483 recto
334 1450 481 1489 iudicio,
508 1459 593 1481 num
618 1460 676 1482 res
702 1450 748 1481 ab
774 1450 947 1492 Pompeio
974 1452 1081 1482 actae
1107 1451 1160 1482 rei
1178 1450 1349 1492 publicae
1374 1461 1573 1492 prosperae
1599 1454 1636 1483 et
1659 1451 1729 1483 uti—

206 1496 280 1536 les,
315 1506 363 1527 an
392 1494 563 1527 infelices
599 1498 636 1526 et
659 1495 779 1527 malae
806 1495 950 1526 futurae
977 1498 1111 1527 essent.
1163 1495 1284 1526 Possis
1310 1495 1489 1537 suspicari
1514 1499 1728 1534 aestumator,

208 1545 264 1573 set
288 1541 360 1574 vid.
388 1540 509 1572 Madv.
538 1539 585 1571 ad
610 1539 685 1571 Cic.
714 1540 746 1571 d.
775 1539 834 1571 fin.
862 1540 915 1571 III
938 1540 970 1579 2,
1001 1539 1052 1571 10.

322 1629 374 1668 35
408 1629 487 1682 [Kr.
513 1634 569 1667 50.
602 1631 640 1667 G.
663 1628 738 1681 28].
789 1631 837 1668 At
857 1631 929 1669 Gn.
954 1628 1143 1668 Lentulus
1172 1631 1356 1680 patriciae
1384 1632 1532 1679 gentis,
1568 1630 1729 1682 conlega

209 1698 302 1741 eius,
334 1697 395 1735 cui
425 1700 730 1747 cognomentum
753 1696 941 1735 Clodiano
965 1697 1053 1742 fuit,
1086 1698 1352 1747 perincertum
1382 1696 1557 1736 stolidior
1587 1710 1633 1738 an
1668 1711 1730 1738 va-

207 1765 314 1808 nIor,
356 1763 483 1813 legem
521 1764 568 1802 de
600 1765 785 1814 pecunia,
825 1776 941 1816 quam
974 1763 1079 1803 Sulla
1114 1764 1358 1815 emptoribus
1387 1764 1583 1804 bonorum
1612 1767 1730 1805 remis

207 1834 329 1876 serat,
366 1831 559 1880 exigunda
588 1830 860 1881 promulgavit.

318 1909 424 1941 Haec
449 1909 564 1942 verba
591 1909 708 1942 Gellio
734 1910 776 1941 N.
803 1910 845 1942 A.
873 1910 994 1942 XVIII
1018 1910 1039 1941 4
1072 1920 1240 1942 caussam
1271 1909 1445 1952 longioris
1470 1910 1729 1953 disputationis

206 1955 249 1986 de
275 1953 546 1996 significatione
573 1954 835 1986 adiectivorum
853 1966 956 1987 vanus
974 1957 1010 1986 et
1032 1956 1174 1987 stolidus
1191 1954 1405 1996 praebuere.
1447 1955 1504 1987 De
1523 1966 1574 1997 re,
1595 1956 1639 1988 de
1659 1967 1729 1999 qua

207 1999 283 2042 egit
307 1999 367 2031 lex
391 1999 636 2041 promulgata,
663 1998 792 2031 Cicero
817 1999 908 2031 dixit
938 2010 1016 2030 acc.
1042 1999 1145 2031 Verr.
1172 2000 1229 2031 ΙΙΙ
1253 1998 1314 2039 35,
1339 1998 1401 2040 81,
1435 2003 1491 2032 set
1516 2001 1569 2033 ita
1594 2004 1633 2033 ut
1658 2011 1729 2034 non

204 2044 345 2087 legem,
378 2054 503 2075 verum
536 2044 676 2085 aliquot
707 2047 858 2075 senatus
887 2044 1052 2076 consulta
1085 2047 1390 2084 conmemoraret,
1425 2056 1493 2087 quo
1525 2045 1660 2078 Kritzii
1692 2049 1729 2078 et

203 2088 435 2121 Mommsenii
461 2086 532 2129 (Η.
560 2088 602 2120 R.
630 2088 684 2119 ΠΙ
708 2099 742 2130 p.
769 2087 833 2129 94)
866 2089 1053 2120 sententia
1080 2089 1147 2121 Gn.
1174 2089 1369 2121 Lentulum
1404 2100 1475 2122 nou
1511 2101 1583 2123 cos.
1618 2101 1651 2123 a.
1685 2091 1729 2123 72

205 2132 348 2175 (Drum.
374 2133 411 2164 II
434 2143 468 2174 p.
495 2131 589 2173 546),
617 2135 672 2164 set
698 2143 778 2164 cum
803 2143 995 2165 censuram
1014 2134 1141 2165 eodem
1166 2134 1207 2165 L.
1229 2134 1348 2166 Gellio
1366 2135 1555 2178 Poplicola
1573 2136 1728 2179 conlega

205 2180 350 2219 gereret
375 2187 409 2208 a.
435 2175 479 2208 70
505 2175 589 2219 [vid.
617 2177 774 2209 Fischer
791 2178 882 2209 Tab.
902 2189 936 2220 p.
956 2175 1051 2221 204],
1077 2179 1198 2220 legem
1219 2179 1320 2211 illam
1335 2179 1463 2212 tulisse
1483 2180 1726 2214 confirmatur.

205 2222 308 2261 Quae
325 2221 451 2253 eadem
467 2221 603 2263 aliquid
616 2221 700 2254 inde
713 2223 927 2254 munimenti
942 2223 1090 2265 accipit,
1107 2224 1200 2265 quod
1216 2224 1309 2257 Gell.
1324 2224 1347 2256 l.
1365 2235 1395 2256 0.
1409 2225 1550 2258 stolidos
1564 2225 1729 2260 definivit

205 2277 285 2298 esse
304 2270 459 2299 austeros
473 2270 506 2298 et
525 2269 681 2298 molestos
701 2271 734 2299 et
748 2269 922 2309 inlepidos,
948 2278 1029 2310 quos
1050 2269 1172 2301 Graeci
1189 2264 1413 2312 μοχθηροὺς
1437 2267 1502 2302 καὶ
1521 2265 1728 2312 φορτικοὺς

204 2314 368 2343 dicerent.
409 2312 503 2343 Nam
521 2321 712 2343 censuram
728 2312 829 2343 illam
847 2323 974 2345 severe
993 2316 1135 2356 gestam
1155 2317 1191 2346 et
1208 2314 1339 2346 multos
1364 2318 1494 2347 senatu
1511 2318 1627 2348 motos
1645 2325 1727 2348 esse

205 2359 351 2388 constat
379 2354 556 2398 [Momms.
583 2355 606 2387 l.
635 2367 664 2388 0.
692 2368 726 2398 p.
753 2355 810 2389 93.
838 2358 962 2389 Drum.
990 2358 1012 2390 l.
1042 2361 1101 2396 c.].
1145 2359 1183 2391 Si
1208 2359 1282 2391 iam
1307 2359 1421 2392 verba
1440 2360 1726 2393 consideraveri-

203 2411 292 2440 mus,
320 2400 474 2442 adparet
499 2400 593 2442 quod
612 2401 681 2433 Gn.
701 2401 879 2433 Lentulus
899 2403 1006 2443 fecit,
1034 2404 1238 2445 obpositum
1255 2404 1379 2436 >fuisse
1399 2405 1444 2445 ei,
1467 2405 1560 2447 quod
1578 2405 1620 2437 L.
1643 2405 1726 2438 Gel-

171 2445 174 2447 ’
202 2446 272 2477 lius
299 2448 437 2487 egerat.
481 2445 585 2485 Quod
611 2446 694 2487 quid
721 2446 1076 2489 fuerstquamquam
1094 2449 1267 2481 traditum
1284 2459 1354 2481 non
1374 2452 1440 2490 est,
1466 2452 1589 2482 tamen
1610 2451 1725 2493 suspi-

204 2490 282 2522 cari
305 2499 506 2532 possumus,
532 2490 767 2522 severitatem
792 2491 895 2523 illam
921 2493 958 2524 in
983 2493 1123 2525 nobiles
1148 2494 1195 2525 ab
1213 2495 1255 2526 L.
1277 2494 1394 2526 Gellio
1412 2495 1648 2536 potissumum
1667 2506 1726 2528 ex-

204 2535 357 2567 ercitam
376 2544 468 2572 esse,
497 2535 564 2567 Gn.
584 2535 791 2574 Lentulum,
810 2537 1005 2578 patricium
1023 2538 1216 2578 hominem,
1245 2539 1364 2571 minus
1390 2539 1521 2572 fortem
1547 2550 1587 2572 se
1607 2542 1726 2572 osten-

202 2580 311 2616 disse,
331 2582 386 2611 set
403 2582 443 2611 ut
466 2580 545 2622 ipse
570 2579 711 2621 aliquidl
732 2581 850 2623 egisse
874 2581 1069 2622 videretur,
1094 2583 1214 2625 legem
1234 2583 1277 2615 de
1298 2584 1456 2626 pecunia
1482 2584 1528 2616 ab
1555 2585 1725 2627 emptori-

201 2625 268 2656 bus
292 2624 466 2656 bonorum
493 2625 675 2667 exigunda
704 2625 966 2668 promulgasse.
1019 2628 1078 2658 Ita
1111 2627 1252 2659 demum
1278 2628 1521 2670 intellegitur,
1557 2639 1621 2662 cur
1645 2629 1724 2662 Sal-

199 2669 329 2702 lustius
353 2671 523 2710 patriciae
537 2672 649 2711 yentis
666 2670 854 2709 adiecerit,
883 2681 1021 2712 quoque
1040 2672 1117 2703 iure
1136 2673 1401 2714 gravissumum
1418 2672 1487 2705 hoc
1505 2674 1725 2717 vituperium

200 2715 426 2755 perincertum
456 2716 614 2746 stolidior
645 2725 687 2746 an
711 2716 830 2747 vanior
859 2715 912 2746 illi
944 2716 1153 2748 iniunxerit.
1210 2717 1302 2748 Nam
1335 2717 1394 2758 qui
1429 2718 1506 2750 eius
1535 2719 1724 2762 ingenium

200 2759 355 2798 noverit,
383 2769 463 2790 eum
482 2759 719 2791 severitatem
735 2759 835 2791 illam
854 2771 926 2792 non
943 2761 1244 2803 vituperaturum,
1272 2765 1329 2794 set
1346 2757 1578 2795 laudaturum
1604 2763 1725 2806 potius

200 2803 314 2835 fuisse
339 2803 545 2846 intelleget.
595 2805 721 2846 Neque
746 2804 836 2836 illud
859 2805 1038 2838 incertum
1063 2809 1137 2845 est,
1170 2807 1347 2838 vanitatis
1381 2810 1417 2839 et
1448 2808 1631 2841 stultitiae
1657 2809 1726 2841 cri—

198 2857 281 2878 men
306 2858 386 2879 eum
412 2859 483 2879 non
508 2848 747 2890 inpositurum
774 2849 887 2881 fuisse
909 2850 976 2882 Gn.
996 2850 1165 2889 Lentulo,
1191 2851 1263 2883 nisi
1288 2851 1370 2894 ipsa
1394 2851 1461 2884 illa
1486 2852 1569 2895 lege
1595 2853 1723 2886 confir-

197 2892 289 2922 mari
314 2892 429 2923 visum
457 2896 566 2925 esset.
617 2894 720 2933 Quod
746 2895 775 2926 si
800 2906 903 2926 vanus
930 2898 966 2927 et
989 2897 1130 2928 stolidus
1154 2896 1207 2927 ita
1232 2896 1378 2928 differre
1396 2897 1629 2939 perspicuum
1654 2901 1722 2938 est,
