1826 3282
516 258 814 286 ms'romARvM
844 257 928 284 mn.
957 257 972 282 1
999 247 1176 286 74—78.
1547 234 1599 277 25

199 363 251 402 74
286 361 373 415 [ΚΓ.
395 366 451 400 73.
482 363 521 400 G.
547 359 655 413 ll5].
709 345 907 399 Sertorius
939 358 1062 410 portis
1097 356 1253 397 turbam
1283 352 1527 394 morantibus
1563 356 1602 391 et

85 429 205 476 nullo,
231 435 274 470 ut
295 431 333 469 in
353 434 507 469 terrore
530 428 640 473 solet,
672 428 830 478 generis
849 431 915 466 aut
937 427 1063 478 inperi
1084 425 1306 476 discrimine
1327 435 1399 474 per
1420 420 1598 462 calonum

87 500 254 550 &orpora
275 498 323 538 ad
349 498 520 538 medium
541 497 671 542 evasit,
693 495 781 535 dein
804 494 1158 547 superadstantium
1180 491 1360 532 manibus
1382 492 1422 531 in
1442 502 1601 532 murum

86 566 294 607 adtollitur.

196 635 287 667 Non.
314 645 348 677 p.
374 632 456 666 363:
489 634 691 674 Dein-super.
731 630 912 664 Sallustius
935 632 1030 663 Hist.
1054 630 1091 662 1:
1118 629 1296 662 Sertorius
1319 628 1440 671 partis*
1458 627 1600 659 turbam

85 679 273 713 orantibus
299 683 335 712 et
358 678 467 718 nullo,
494 681 534 710 ut
558 678 595 709 in
619 680 757 709 terrore
783 679 917 716 semet,
950 676 1096 718 generis
1129 674 1191 707 Aut
1214 674 1356 716 imperii
1380 672 1600 712 discrimine,

84 736 150 768 per
174 725 341 757 calonum
367 735 519 767 corpora
546 724 591 756 ad
615 722 771 754 mediam
797 722 918 764 quasi:
944 722 1028 754 dein
1052 731 1160 763 super
1177 720 1348 752 stantium
1371 718 1539 751 manibus
1562 718 1601 751 in

85 781 223 803 murum
249 770 446 803 adtollitur.
495 769 549 802 Id.
575 780 610 811 p.
639 767 720 800 193:
747 768 924 801 discrimen
947 778 1079 799 rursum
1101 770 1292 808 separatio,
1319 776 1340 797 a
1364 765 1598 801 discernendo,

84 817 171 848 unde
194 820 229 848 et
251 817 504 848 discerniculum
528 815 653 847 dic-itur
676 823 767 850 aeus,
793 824 878 857 quae
902 814 1043 854 capillos
1067 823 1088 843 a
1110 812 1221 844 media
1243 811 1361 852 fronte
1393 812 1600 851 disseparat.

85 862 262 894 Sallustius
285 862 517 894 Historiarum
541 860 596 892 lib.
620 860 654 891 1:
686 858 868 891 Sertorius
893 858 997 890 fortis
1026 857 1170 889 turbam
1194 856 1418 889 morantibus
1444 858 1481 887 et
1502 854 1600 887 nullo

85 910 124 939 ut
147 907 187 947 in
209 910 348 939 terrore
373 906 477 946 solet,
505 905 649 948 generis
675 907 738 936 aut
760 904 904 947 imperii
928 903 1148 942 discrimine,
1177 913 1243 945 per
1267 901 1433 934 calonum
1450 910 1602 943 corpora

86 953 134 985 ad
155 952 312 985 medium
338 952 458 994 quasi:
492 951 577 983 dein
607 960 716 993 super
741 949 963 982 adstantium
994 948 1161 980 manibus
1185 948 1223 979 in
1246 958 1385 979 murum
1410 946 1599 979 attollitur.

85 1015 127 1021 -
153 998 253 1038 Quas
278 997 425 1030 exhibui
450 996 734 1031 emendationes,
758 996 924 1028 Mereero
955 994 1144 1026 debentur.
1176 1011 1220 1016 —-
1251 994 1307 1025 De
1339 1003 1379 1024 re
1410 992 1476 1024 cfr.
1502 991 1599 1023 Plut.

85 1043 180 1087 Sert.
207 1042 249 1075 14
278 1046 368 1076 extr.
402 1037 624 1086 Zs'ystaudls
655 1036 749 1078 πρός
779 1051 854 1073 τινι
884 1034 991 1072 πόλει
1022 1037 1164 1081 τροπῆς
1195 1033 1401 1081 γενομένης
1430 1034 1497 1070 καὶ
1527 1035 1601 1068 τῶν

84 1087 275 1131 πολεμίων
300 1082 546 1138 ἐπικειμένων
576 1082 664 1124 τοὺς
686 1083 838 1129 Ἴβηρας
861 1079 1124 1128 α’μελήσαντας
1148 1078 1274 1117 αὐτῶν
1296 1078 1363 1116 τὸν
1387 1076 1601 1132 Σερτώριρν

85 1128 215 1174 σώζειν
239 1130 305 1166 καὶ
328 1135 408 1170 τοῖς
431 1143 548 1176 ωμοις
567 1127 830 1174 ἐπαραμένους
846 1124 983 1167 ἄλλους
1000 1125 1073 1171 πρὸ
1089 1124 1212 1162 ἄλλων
1228 1123 1490 1170 οἷνακουφίσαι
1507 1137 1602 1169 προς

84 1173 129 1211 τὰ
153 1178 272 1233 τείχη,
298 1171 571 1229 γενομένρυηῖ
595 1172 637 1210 ἐν
661 1170 831 1219 ἀσφαλεῖ
850 1175 919 1209 τοῦ
941 1170 1139 1218 ἄρχοντος,
1165 1167 1263 1208 οὕτω
1280 1169 1488 1216 τρέπεσθαι
1506 1167 1602 1214 πρὸς

85 1235 213 1267 φυγην
238 1234 397 1257 εκαστον
421 1234 558 1259 αυτων.

197 1304 249 1343 75
278 1303 358 1357 [Kr.
382 1309 438 1341 74.
469 1306 509 1342 G.
536 1302 634 1356 109]
682 1302 730 1342 Et
759 1302 944 1354 Diponen‘
978 1300 1142 1341 validam
1179 1299 1320 1340 urbem
1347 1298 1491 1339 multos
1520 1298 1603 1337 dies

83 1376 296 1412 restantem
324 1371 535 1424 pugnando
563 1371 664 1410 vicit.

195 1441 287 1472 Non.
312 1451 346 1483 p.
373 1438 440 1473 360
461 1439 556 1471 haee
581 1439 695 1472 verba
721 1449 765 1470 ex
787 1438 883 1471 Hist.
908 1437 973 1470 lib.
992 1438 1010 1470 Ι
1036 1437 1170 1477 adfert,
1198 1447 1265 1479 quo
1292 1434 1496 1468 accusativi
1512 1437 1602 1466 tem-

83 1486 180 1531 poris
205 1486 382 1518 rationem
407 1485 586 1518 ostendat.
635 1485 800 1526 Diponem
830 1484 915 1516 libri
946 1484 1023 1516 eius
1054 1481 1159 1515 Ααὸ.-
1189 1483 1342 1525 diyonem
1366 1491 1432 1513 ms.
1458 1480 1543 1512 Jun.
1569 1483 1603 1511 et

81 1542 211 1573 ponere
245 1531 324 1563 edd.
359 1533 444 1563 ante
474 1529 570 1562 1526.
619 1531 813 1572 Hipponem
836 1529 896 1562 vel
925 1531 1083 1562 Vizouem
1112 1527 1159 1570 ej.
1186 1527 1341 1566 Putsch,
1375 1525 1604 1568 olyssiponem

83 1578 168 1654 Jim.
200 1576 379 1654 Ttiygennmn
411 1575 530 1608 Coler.
577 1577 634 1608 De
665 1576 809 1618 Dsspone
841 1575 912 1608 vid.
948 1575 1077 1608 Ukert.
1111 1584 1236 1616 geogr.
1271 1573 1403 1606 Graec.
1439 1574 1475 1604 et
1498 1571 1600 1604 Rom.

197 1689 284 1729 *76
312 1689 382 1742 [Kr
401 1695 456 1727 75.
488 1692 527 1728 G.
551 1688 646 1741 114]
695 1689 765 1728 Gui
791 1701 936 1728 nomen
967 1688 1170 1727 oblivionis
1200 1686 1466 1726 condiderant.
1499 1715 1501 1719 ι

169 1781 171 1785 .
198 1757 299 1790 Serv.
326 1757 372 1789 ad
395 1758 504 1799 Verg.
531 1756 621 1789 Aen.
648 1757 666 1788 Ι
691 1755 775 1788 267:
802 1757 948 1788 Dicimus
972 1761 1080 1788 autem
1105 1758 1150 1787 ‘et
1173 1765 1289 1800 ηονζιεη
1312 1755 1391 1787 mila·
1405 1758 1457 1786 est
1476 1754 1603 1786 Cicero'

85 1821 127 1826 —
151 1808 185 1834 et
211 1801 478 1841 ‘Ciceronis’,'ut
502 1802 700 1834 Sallustius:
726 1801 785 1834 cui
808 1812 939 1834 nomen
955 1801 1148 1834 oblivionis
1170 1801 1420 1833 condiderant.
1445 1817 1490 1823 —
1514 1799 1604 1831 Cum

84 1848 191 1881 fluvio
216 1849 419 1880 Limnaeae
442 1847 501 1881 vel
526 1847 668 1879 Belioni
693 1850 831 1879 certam
855 1847 900 1879 ob
927 1857 1094 1879 caussam
1119 1857 1249 1878 nomen
1274 1840 1398 1888 λήθης
1427 1845 1452 1878 ἰ.
1479 1855 1511 1877 e.
1542 1845 1604 1876 ob-

83 1894 228 1926 livionis
252 1893 404 1926 inditum
430 1903 510 1925 esse
538 1895 679 1925 constet
704 1892 837 1933 (sn-ab.
865 1893 922 1924 III
947 1904 981 1935 p.
1011 1891 1073 1924 153
1091 1891 1131 1923 G.
1156 1890 1222 1923 207
1249 1894 1285 1922 et
1309 1889 1375 1922 ‘208
1391 1891 1503 1922 Mein.
1522 1890 1603 1923 Liv.

86 1950 142 1981 ep.
168 1939 224 1972 55.
257 1939 356 1971 Flor.
383 1939 400 1970 I
417 1937 471 1974 34,
493 1937 545 1970 1⁴2.
579 1938 663 1969 Mel.
690 1939 748 1970 III
769 1937 804 1976 l,
823 1936 855 1969 8.
889 1932 1070 1970 Matinert.
1097 1947 1222 1979 geogr.
1250 1937 1267 1968 I
1291 1947 1325 1983 p.
1351 1935 1442 1976 341),
1470 1935 1605 1967 rectius

84 1985 262 2017 Kritzium
279 1984 434 2027 adparet
450 1984 543 2016 haec
559 1983 675 2016 verba
693 1983 738 2015 ad
757 1994 837 2015 eum
854 1983 1000 2015 fluvium
1017 1982 1213 2020 rettulisse,
1233 1992 1339 2024 quam
1359 1981 1602 2020 Gerlaehium,

85 2030 285 2074 de⁴oppido
309 2030 402 2062 Lete
428 2029 529 2061 dicta
554 2029 780 2069 arbitratum,
807 2039 887 2060 cum
914 2029 957 2060 fr.
981 2027 1024 2060 82
1050 2027 1293 2060 coniunxisse.
1336 2026 1506 2060 Ceterum
1523 2026 1605 2059 vide

86 2086 133 2108 an
156 2076 353 2108 indiderunt
375 2075 572 2118 legandum
596 2074 655 2106 sit.

198 2156 251 2195 77
282 2155 361 2208 [Kr.
383 2159 440 2193 76.
464 2157 503 2193 G.
526 2153 642 2207 1119]
691 2153 805 2193 Illum
822 2154 945 2207 raptis
967 2153 1096 2192 forum
1124 2157 1162 2192 et
1181 2156 1306 2192 castra
1336 2153 1489 2191 nautica
1515 2152 1604 2191 Ser-

84 2224 208 2263 torius
238 2223 551 2262 eonmodaverat.

196 2291 319 2323 Verba
343 2291 515 2334 leguntur
547 2301 604 2333 ap.
631 2290 756 2333 Pomp.
792 2301 918 2323 comm.
958 2292 1025 2322 art.
1052 2284 1212 2331 Donsp.
1242 2289 1304 2321 152
1338 2288 1394 2320 ed.
1426 2281 1607 2327 Lindem.,

85 2340 141 2368 set
164 2336 216 2368 ibi
239 2341 423 2368 mutaverat
447 2336 638 2379 seriptum,
672 2336 766 2378 quod
798 2336 835 2367 in
859 2336 1119 2367 conmodaverat
1144 2335 1303 2366 conrexi.
1351 2335 1442 2366 Non.
1468 2345 1502 2376 p.
1534 2332 1607 2373 140,

86 2393 154 2423 quo
175 2382 275 2422 forus
299 2381 662 2424 masculinorgenere
687 2382 822 2413 dictum
849 2391 928 2413 esse
955 2380 1240 2417 demonstraret,
1274 2391 1318 2412 ex
1342 2379 1456 2422 primo
1481 2378 1607 2410 histor.

86 2427 233 2459 adtulit:
259 2428 345 2459 illum
370 2430 482 2459 naulis
501 2427 625 2472 sorum¹¹
650 2426 713 2458 ubi
739 2430 866 2470 spei-te
884 2427 996 2458 nautis
1022 2437 1064 2458 ex
1088 2426 1200 2468 raptis
1218 2428 1430 2469 ⁸conruptum
1448 2428 1515 2456 est.
1553 2424 1607 2455 Ab

86 2472 244 2504 Sertorio
270 2472 315 2504 ad
339 2472 512 2504 Dianium
536 2472 667 2514 piratis
692 2473 886 2504 stationem
912 2471 1119 2514 praebitam
1143 2482 1223 2503 esse
1251 2473 1394 2503 constat
1420 2481 1462 2502 ex
1487 2469 1607 2502 Strab.

84 2518 140 2550 111
165 2529 199 2559 p.
230 2517 293 2549 159
318 2517 358 2549 C.
384 2517 450 2550 215
475 2518 586 2549 Mein.
614 2517 691 2549 Cic.
718 2518 755 2549 in
781 2518 884 2549 Verr.
912 2518 943 2548 V
967 2515 1024 2557 56,
1054 2516 1135 2557 1463
1163 2517 1229 2549 cfr.
1249 2517 1412 2548 Momms.
1431 2516 1477 2547 H.
1497 2515 1539 2546 R.
1558 2515 1609 2546 111

84 2574 119 2606 p.
145 2561 201 2595 20.
240 2563 422 2595 Mannert.
450 2573 575 2606 geogr.
603 2566 676 2595 ant.
703 2563 721 2595 I
746 2574 780 2605 p.
807 2562 884 2595 411.

197 2641 250 2682 78
283 2641 362 2695 [Kr.
385 2648 440 2680 77.
473 2645 512 2681 G.
534 2641 611 2695 66].
664 2641 798 2694 Itaque
831 2641 1019 2681 Servilius
1056 2646 1260 2692 aegrotum
1289 2640 1446 2679 Tarenti
1479 2639 1609 2678 conle-

83 2721 173 2760 gam
199 2711 307 2761 prior
337 2714 619 2760 transgressus.

194 2779 250 2810 Ex
274 2778 335 2810 lib.
356 2778 373 2810 1
391 2781 636 2810 conmemorat
653 2778 769 2810 Prisc.
788 2777 853 2809 XV
871 2789 904 2819 p.
928 2776 1014 2809 1006
1028 2778 1068 2808 P.
1093 2788 1126 2818 p.
1144 2775 1186 2807 64
1206 2776 1265 2814 H„
1291 2775 1386 2817 apud
1403 2786 1506 2817 quem
1521 2775 1608 2807 seri-

82 2827 180 2865 ptum
199 2824 270 2855 fuit
286 2827 386 2866 alque
404 2823 500 2855 Serv.
541 2823 638 2863 Quin
655 2823 699 2855 de
718 2823 758 2854 P.
779 2822 931 2854 Servilio
949 2822 1059 2854 Vatia
1078 2820 1282 2859 (Isaurico),
1309 2821 1369 2862 qui
1395 2831 1427 2852 a.
1447 2820 1513 2852 675
1538 2820 1608 2861 (79)

83 2878 163 2900 cum
181 2868 272 2910 App.
293 2868 444 2900 Claudio
462 2868 592 2900 Pulcro
614 2868 738 2900 consul
757 2867 836 2904 ftiit,
857 2867 956 2898 dieta
975 2868 1058 2902 sint,
1079 2866 1225 2897 dubium
1244 2876 1314 2897 non
1334 2868 1401 2903 est,
1420 2876 1538 2908 neque
1563 2866 1609 2898 ab

81 2913 159 2944 veri
184 2914 308 2955 specie
335 2913 522 2951 abhorret,
556 2913 658 2945 illam
688 2912 1016 2955 transgressionem
1043 2912 1183 2943 factam
1210 2921 1309 2950 esse,
1344 2921 1424 2944 cum
1458 2915 1608 2955 uterque

82 2968 145 3001 pro
171 2958 317 2991 consule
343 2958 379 2990 in
403 2959 630 3002 provinciam
655 2958 842 3001 profectus
869 2960 977 2989 esset.
