1838 3288
325 238 624 267 msromAnvM
656 239 827 268 lncsn'r.
859 242 1032 270 menon.
1064 242 1208 274 asmo.
1247 235 1421 272 36—44.
1551 228 1623 268 131

102 337 223 370 hieme
247 338 337 371 illud
362 339 500 372 factum
526 340 574 372 sit
598 350 671 372 non
694 340 823 383 liquet,
851 352 932 374 eum
957 342 1139 375 Sertorius
1164 352 1308 385 semper
1330 341 1449 374 hieme
1474 341 1629 384 pruden-

102 383 254 416 tissume
279 393 365 416 usus
382 384 441 417 sit.

215 463 269 502 37
301 461 381 515 [Kr.
405 468 438 501 3.
470 466 510 502 G.
535 466 565 503 11
588 463 662 516 17].
722 463 831 504 Serv.
854 465 903 504 ad
923 465 1038 517 Verg.
1060 467 1103 505 Α.
1121 466 1188 506 Vll
1219 464 1321 506 728:
1351 467 1466 506 Cales
1484 489 1539 494 —
1564 467 1629 505 ci-

100 532 199 569 vitas
217 535 276 569 est
295 531 565 581 Campaniae,·
601 543 694 571 nam
714 530 756 571 in
777 533 982 572 Flaminia
1006 545 1109 583 quae
1127 539 1196 577 est.
1227 534 1322 573 Cale
1349 535 1510 574 dicimr.
1559 534 1631 572 Est

98 605 137 638 et
163 600 205 638 in
238 598 445 637 Gallaecia
481 598 610 651 [volg.
650 598 785 638 Gallia.
853 599 1082 640 Emendavit
1117 600 1227 640 Voss.
1261 602 1310 640 ad
1338 601 1426 641 Mel.
1456 614 1492 653 p.
1529 600 1626 653 186]

98 666 172 704 hoc
187 667 357 714 nomine,
373 677 491 714 qaam
506 666 718 705 Sallustius
737 667 789 705 ab
803 667 1020 718 Perpenna
1034 673 1193 718 captam
1213 673 1502 709 commemorat.
1541 667 1628 714 Quo

97 737 276 783 tempore
304 732 341 771 id
367 732 513 772 sactum
539 734 598 777 sit,
621 733 776 773 aliunde
798 745 878 773 non
901 740 1065 780 constat,
1090 748 1162 775 nec
1191 738 1270 776 veri
1292 736 1427 776 similis
1448 741 1507 775 est
1528 736 1627 775 Dru-

98 801 232 839 manni
261 801 487 840 coniectura
517 800 567 840 1v
596 813 635 852 p.
668 801 764 841 373.

76 861 139 925 ⁸
209 888 263 930 38
291 889 372 943 [Kr.
394 896 428 928 4.
459 892 485 929 G
521 890 599 943 52].
660 891 841 942 Speciem
873 897 1008 944 captae
1037 893 1148 933 urbis
1171 895 1335 933 ecficere
1365 894 1622 934 discedentes.

210 957 311 991 Serv.
339 958 386 990 ad
409 958 519 1001 Verg.
545 957 588 990 A.
608 959 699 991 VIII
716 959 798 991 557:
825 960 921 1002 Erqo
946 965 982 991 ut
1004 965 1091 994 solet
1106 962 1279 1002 imaginem
1303 956 1373 1004 τὴν
1391 960 1624 1004 φαντασίαν,

95 1020 140 1026 —
154 1004 241 1035 lianc
256 1002 437 1035 Sallustius
452 1005 598 1045 speciem
613 1005 706 1042 dicit,
730 1006 817 1037 sicut
834 1007 907 1047 ipse
924 1006 1026 1038 dicit:
1050 1006 1210 1049 speciem
1227 1024 1271 1029 -—
1288 1007 1533 1039 discedentes.
1566 1007 1624 1038 Ea

97 1047 299 1080 erudelitas
322 1052 441 1080 utrum
466 1048 512 1080 ab
538 1049 697 1081 romanis
722 1049 898 1083 militibus
924 1061 973 1082 an
997 1051 1043 1083 ab
1062 1051 1193 1093 piratis
1210 1052 1318 1083 Ponti
1335 1053 1470 1094 oppida
1496 1052 1623 1084 defen-

96 1093 266 1125 dentibus
289 1093 329 1125 in
353 1094 455 1125 socia
477 1093 567 1125 urbe
592 1097 807 1137 perpetrata
831 1095 895 1135 sit,
921 1105 1050 1138 parum
1074 1096 1199 1138 liquet.

210 1172 263 1212 39
292 1171 372 1225 [Kr.
394 1177 427 1210 5.
459 1175 499 1211 G.
522 1175 566 1211 111
587 1172 665 1226 59].
723 1171 774 1212 Ut
811 1186 877 1214 res
912 1175 1037 1225 magis
1074 1187 1192 1227 quam
1225 1175 1342 1215 verba
1373 1180 1622 1226 gererentur,

93 1238 242 1279 liberos
269 1240 523 1292 parentisque
553 1241 592 1279 in
622 1252 758 1280 muros
787 1240 1024 1281 locaverant.

206 1318 330 1351 Verba
354 1319 482 1351 adlata
505 1323 590 1352 sunt
614 1319 661 1352 ab
686 1320 792 1352 Laet.
821 1320 868 1352 ad
890 1320 983 1352 Stat.
1002 1320 1119 1353 Theb.
1139 1321 1172 1353 X
1189 1320 1269 1370 573.
1312 1321 1423 1354 Cuius
1447 1322 1621 1354 obsessae

93 1363 195 1396 urbis
219 1364 364 1396 incolae
388 1364 524 1396 liberos
550 1375 594 1398 ae
618 1365 784 1407 parentis
808 1365 846 1398 in
870 1366 981 1398 muris
1005 1366 1222 1406 locaverint,
1248 1376 1399 1409 quorum
1423 1371 1623 1410 conspectu

94 1408 229 1441 milites
261 1409 308 1442 ad
338 1409 471 1442 fortius
502 1419 612 1442 manu
643 1420 751 1452 quam
781 1410 910 1453 lingua
940 1411 1176 1454 pugnandum
1207 1411 1500 1453 stimularentur,
1533 1412 1622 1444 mihi

92 1453 255 1496 ignotum
279 1464 360 1487 esse
386 1455 518 1487 fateor.

206 1533 260 1573 40
289 1532 369 1587 [Kr.
391 1538 424 1572 6.
452 1535 492 1572 G.
515 1533 593 1587 46].
651 1534 838 1574 Radicem
866 1536 1010 1574 montis
1039 1537 1218 1576 excessit.

204 1601 329 1634 Verba
352 1601 524 1644 leguntur
549 1601 646 1644 apud
670 1602 776 1634 eund.
803 1603 909 1635 Lact.
943 1603 990 1635 ad
1014 1604 1072 1636 ΙΙΙ
1099 1602 1174 1636 116.
1222 1604 1273 1637 Ut
1305 1604 1462 1636 fortasse
1496 1603 1621 1646 aliqua

93 1645 395 1688 explicandorum
425 1647 488 1679 via
518 1647 723 1688 muniatur,
756 1647 934 1681 admoneo
965 1648 1039 1681 loci
1063 1649 1232 1682 Frontini
1257 1652 1411 1692 strateg.
1437 1649 1475 1680 II
1499 1649 1530 1690 5,
1557 1648 1619 1689 343

90 1691 164 1723 vid.
190 1691 237 1724 ad
262 1691 306 1723 fr.
331 1691 383 1724 IV
410 1690 463 1724 16.

203 1770 251 1810 41
291 1769 372 1823 [Kr.
393 1776 427 1808 7.
456 1773 496 1809 G.
516 1770 593 1823 44].
647 1770 855 1811 Paululum
885 1773 1072 1823 requietis
1101 1772 1300 1812 militibus.

204 1837 305 1871 Serv.
325 1838 371 1870 ad
388 1839 497 1881 Verg.
515 1838 594 1870 Eel.
614 1839 701 1871 VIII
716 1839 755 1870 4:
782 1840 990 1882 Requierunt
1014 1852 1076 1878 —,·
1101 1842 1232 1883 quietos
1256 1851 1330 1872 esse
1351 1841 1520 1882 fecerunt.
1562 1840 1620 1872 Sic

90 1881 289 1916 Sallustius:
313 1883 412 1925 paul.
437 1901 483 1906 —
506 1883 695 1916 militibus.
738 1883 878 1923 Quiesco
903 1887 989 1916 enim
1011 1883 1197 1928 [duplicem
1213 1885 1314 1917 habet
1329 1887 1616 1928 significationem.

89 1932 124 1959 et
147 1930 249 1960 aliter
272 1929 348 1961 dico
374 1926 543 1972 ‘quiescoJ
566 1928 652 1971 eyo',
679 1931 782 1961 aliter
800 1929 947 1972 ‘quiesco
963 1931 1115 1970 servum',
1142 1935 1165 1962 ι’.
1183 1941 1214 1962 e.
1234 1935 1408 1973 quiescere
1429 1931 1536 1971 facio.
1579 1930 1618 1962 Si

89 1983 214 2006 verum
239 1977 312 2014 est,
339 1973 433 2017 quod
456 1974 495 2006 in
518 1973 579 2006 ed.
604 1974 709 2007 Lion.
736 1974 947 2007 adiunctum
970 1976 1064 2007 Hcs-t.
1091 1974 1130 2015 6,
1166 1986 1253 2018 ergo
1278 1976 1316 2007 in
1339 1975 1402 2007 lib.
1428 1976 1479 2007 IV
1503 1975 1617 2007 verba

88 2017 188 2050 lecta
219 2021 319 2059 sunt,
351 2019 572 2061 pertinuisse
605 2022 692 2062 puto
724 2020 771 2052 ad
801 2020 1012 2060 Lucullum,
1052 2021 1112 2063 qui
1149 2021 1326 2052 militibus
1363 2031 1436 2053 non
1466 2020 1617 2052 multum

89 2063 223 2105 quietis
246 2064 358 2096 dedit.

201 2142 257 2182 42
288 2142 375 2196 [Kr.
399 2148 433 2181 8.
465 2146 504 2182 G.
526 2143 604 2196 43].
659 2144 842 2184 Consedit
871 2146 909 2184 iu
933 2144 1031 2185 valle
1062 2144 1226 2196 virgulta
1256 2157 1557 2197 nemorosaque.

201 2221 416 2254 Sallustium
431 2225 577 2265 virgulta
592 2233 656 2266 pro
673 2224 879 2265 viryultuosa
895 2224 1031 2256 dixisse
1053 2227 1302 2257 conmemorat
1318 2223 1420 2256 Serv.
1442 2224 1489 2256 ad
1503 2224 1614 2266 Verg.

87 2265 130 2299 A.
155 2267 210 2299 111
232 2266 311 2308 516,
338 2267 434 2310 quod
459 2278 517 2311 ap.
543 2268 654 2311 Verg.
678 2271 810 2310 pluvias
835 2272 934 2301 esset
957 2279 1023 2312 pro
1043 2273 1229 2312 pluviosus.

178 2327 181 2329 μ
200 2345 255 2385 43
286 2345 366 2400 [Kr.
390 2351 424 2385 9.
456 2349 495 2385 G.
517 2349 561 2386 111
581 2346 659 2400 74].
709 2347 767 2387 Ex
785 2352 897 2399 parte
926 2347 1147 2388 cohortium
1168 2360 1242 2400 pro
1269 2352 1449 2400 tempore
1471 2348 1615 2387 instru-

88 2417 173 2453 ctae
202 2414 389 2454 stationes
417 2413 566 2454 locatae
593 2426 667 2466 pro
688 2417 838 2456 castris.

200 2491 495 2526 Conmemoravit
520 2493 622 2526 Serv.
650 2494 697 2526 ad
727 2494 838 2537 Verg.
864 2494 908 2526 A.
939 2495 1012 2526 XII
1041 2494 1087 2527 66
1117 2495 1163 2527 ob
1194 2505 1298 2526 usum
1330 2493 1614 2537 praepositionis

83 2547 163 2579 pro.
190 2537 255 2570 Set
268 2538 322 2570 ibi
336 2549 509 2580 pervorse
524 2538 659 2582 legitur
667 2541 874 2582 praecipere
890 2542 1058 2573 instructa
1071 2544 1105 2572 et
1121 2542 1296 2577 stationes,
1313 2539 1407 2570 unde
1418 2538 1614 2570 Putschius

88 2582 247 2615 coniecit
268 2584 457 2625 praecipue
480 2584 668 2616 instructae
691 2586 867 2622 stationes,
894 2584 989 2626 quod
1012 2585 1101 2616 mihi
1117 2595 1190 2617 non
1206 2585 1325 2627 magis
1343 2583 1479 2626 placet,
1506 2592 1613 2624 quam

86 2626 244 2668 Kfitzio,
271 2628 356 2670 quia
377 2630 566 2671 praecipue
591 2629 686 2662 alias
717 2629 852 2662 dicitnr
885 2629 980 2672 quod
1005 2630 1115 2662 alicui
1139 2640 1227 2672 prae
1254 2629 1390 2661 ceteris
1417 2628 1463 2659 ab
1490 2627 1612 2668 aliquo

86 2671 270 2712 tribuitur,
297 2675 408 2715 atque
433 2677 469 2706 et
490 2683 638 2716 prorsus
661 2674 872 2717 neglectum
897 2677 966 2707 est.
1016 2675 1121 2714 Quod
1145 2674 1304 2712 restitui,
1332 2676 1473 2704 tantum
1505 2672 1613 2703 abest

86 2719 126 2748 ut
148 2727 275 2750 verum
299 2718 470 2759 iudicem,
495 2721 536 2751 ut
558 2729 623 2762 pro
648 2730 690 2752 eo
706 2719 837 2752 haberi
860 2719 983 2760 velim,
1010 2720 1103 2761 quod
1121 2719 1243 2760 aliquo
1256 2718 1364 2752 modo
1382 2716 1612 2749 tolerabilem

87 2763 310 2795 sententiam
334 2762 491 2796 ecficiat.

199 2841 253 2880 44
284 2841 437 2894 [Kr.10.
466 2845 505 2881 G.
523 2842 650 2895 1130]
703 2843 747 2882 In
767 2842 939 2881 secunda
954 2842 1114 2880 festinas
1140 2841 1313 2880 cohortis
1337 2845 1611 2892 conposuerat.

198 2919 289 2952 Cum
321 2919 423 2954 Serv.
458 2920 505 2953 ad
535 2921 646 2962 Verg.
678 2922 720 2952 A.
753 2921 805 2952 IX
836 2918 904 2951 488
932 2919 1026 2951 haee
1058 2919 1170 2952 verba
1202 2919 1247 2952 ob
1275 2919 1422 2960 festinus
1454 2919 1611 2960 adferat,

1283 2975 1342 3014 9*
