1852 3294
843 233 977 260 mnsx
1589 217 1673 260 279
1724 255 1728 262 ,

149 336 319 376 praestat
330 333 356 366 J
371 332 426 375 31,
437 333 492 366 28.
526 333 640 366 multo
657 336 744 366 ante
760 333 854 366 lucis
872 333 1068 367 adventum
1085 333 1255 376 pervenit
1270 333 1294 365 J
1305 331 1403 372 9l,3.
1436 331 1552 364 multo
1568 341 1673 374 aspe-

149 379 223 411 rior
240 377 267 410 C
285 377 341 419 20,
363 378 404 412 13
420 382 506 412 conl.
523 379 548 412 J
563 379 618 419 54,
638 379 670 411 7.
695 377 751 418 85,
769 379 825 410 24.
849 378 907 419 89,
924 379 958 411 4.
986 378 1101 419 102,8.
1128 378 1164 410 Η
1179 378 1198 410 Ι
1212 377 1269 418 48,
1291 376 1341 410 10.
1366 377 1404 410 11
1418 375 1474 419 96,
1483 375 1518 410 5.
1542 377 1600 410 111
1618 377 1670 409 12.

149 422 206 464 67,
227 423 257 455 1.
297 424 411 457 multo
427 434 596 457 maxume
614 423 643 456 C
659 423 716 462 36,
733 424 766 455 4.
793 423 855 464 52,
874 423 930 456 20.
955 425 979 457 J
995 422 1029 464 6,
1051 422 1080 456 1.
1103 422 1160 464 85,
1179 422 1234 457 33.
1252 435 1298 452 ε·-
1310 424 1461 455 multum.
1493 432 1576 455 eum
1593 423 1671 454 suis

148 469 314 501 consiliis
330 469 482 501 multum
500 468 759 509 obficereC27,
770 469 801 500 4.
835 469 984 501 multum
1000 470 1079 511 ipse
1087 479 1252 512 pugnare
1263 467 1354 508 060,
1363 469 1396 500 4.
1426 476 1509 500 cum
1523 467 1672 500 Boccho

147 514 299 546 multum
316 517 353 552 et
367 514 604 546 familiariter
618 513 785 557 agebatJ
798 512 873 554 108,
885 513 914 546 1.
947 514 1073 546 aliena
1089 531 1130 537 —
1143 513 1331 556 multumq.
1342 513 1453 546 etiam
1463 512 1673 555 periculosa

145 562 278 602 petunt
292 559 317 591 J
337 558 365 599 1,
383 559 417 591 5.
460 569 527 592 eae
544 559 650 591 brevi
665 558 816 591 multum
835 562 967 591 auctae
983 559 1008 591 J
1027 558 1086 599 19,
1107 557 1137 592 1.
1178 558 1240 590 diu
1263 557 1451 600 multumq.
1475 557 1630 600 fatigati
1647 558 1672 590 J

145 603 208 644 94,
227 603 260 636 3.
284 614 332 632 z
351 605 438 644 plus.
467 604 705 636 innocentiae
728 603 809 646 plus
831 604 990 646 periculi
1014 614 1121 646 quam
1137 603 1285 636 honoris
1303 606 1360 636 est
1375 603 1400 636 J
1416 602 1472 644 31,
1493 602 1523 635 1.
1563 602 1670 635 bonis

146 651 314 691 oportere
336 649 417 692 plus
442 649 582 692 gloriae
607 659 716 691 quam
738 649 947 681 divitiarum
971 659 1054 681 esse
1077 649 1102 681 J
1123 648 1186 689 85,
1204 647 1259 681 40.
1299 648 1505 691 inperatori
1525 664 1572 671 ·—-
1586 647 1669 690 plus

145 694 405 726 sollicitudinis
431 711 468 717 —-
494 704 602 736 quam
628 711 667 716 —
693 694 806 726 auxili
831 697 895 726 aut
917 695 999 736 spei
1021 694 1142 726 bonae
1167 693 1375 726 adcedebat
1390 693 1415 726 J
1431 693 1494 733 44,
1512 693 1545 725 2.
1586 693 1669 735 plus

145 739 288 772 timoris
305 749 412 781 quam
430 739 585 781 periculi
603 739 805 772 effecerant
822 739 850 770 C
867 739 924 779 42,
941 739 974 771 2.
1008 739 1089 782 plus
1106 739 1178 771 sibi
1193 739 1334 771 timoris
1352 748 1460 781 quam
1476 738 1668 781 potentiae

145 783 286 816 addidit
300 785 324 816 J
341 784 403 824 42,
421 784 453 817 4.
494 785 555 827 qui
575 784 656 827 plus
678 788 804 827 posset
818 784 846 816 C
864 783 918 825 39,
937 785 969 817 4.
993 785 1018 817 J
1037 783 1088 825 10,
1105 784 1138 815 7.
1173 784 1278 826 quasi
1294 793 1366 816 non
1382 784 1436 815 ibi
1452 783 1534 826 plus
1550 783 1669 826 possit

145 829 303 861 audacia
322 829 350 861 C
368 829 422 870 52,
444 829 496 861 15.
538 840 585 862 ne
601 828 684 871 plus
702 829 798 871 apud
814 839 878 862 vos
893 829 1019 863 valeat
1035 829 1156 861 scelus
1171 845 1217 852 ——·
1234 837 1341 871 quam
1361 845 1398 851 ——
1419 828 1447 860 C
1464 827 1520 868 51,
1534 828 1566 861 7.
1607 838 1679 870 res,

144 873 226 916 plus
242 873 345 906 valet
363 884 471 917 quam
488 874 603 908 verba
619 875 655 906 H
671 875 708 906 H
723 873 778 914 96,
797 874 830 907 3.
871 885 990 917 neque
1013 874 1129 917 pluris
1151 874 1255 917 preci
1278 883 1404 906 cocum
1427 873 1548 906 habeo
1566 873 1591 906 J
1606 872 1662 915 85,

143 917 200 951 39.
231 918 347 961 pluris
364 919 491 952 facere
509 919 537 952 O
555 919 610 959 52,
629 918 662 952 5.
703 919 818 962 pluris
835 929 917 952 esse
934 920 958 952 J
974 918 1036 959 85,
1050 920 1084 951 2.
1105 919 1158 951 14.
1198 918 1320 961 plures
1343 918 1590 951 Adherbalem
1607 926 1664 951 se-

141 967 273 996 cuntur
294 964 319 997 J
344 963 402 1004 13,
424 965 453 996 1.
494 975 541 997 ne
564 965 758 1007 pauciores
784 974 867 996 cum
889 964 1054 1007 pluribus
1074 974 1220 997 manum
1243 966 1480 996 consererent
1494 957 1528 996 'J
1543 961 1610 1004 49,
1629 964 1662 996 2.

142 1010 253 1052 pauci
270 1010 308 1041 in
324 1009 487 1053 pluribus
504 1010 622 1042 minus
640 1010 807 1042 frustrati
823 1010 847 1042 J
863 1009 924 1050 58,
943 1009 975 1043 3.
1017 1009 1131 1042 denas
1150 1009 1235 1049 alii,
1261 1009 1326 1041 alii
1342 1009 1466 1051 plures
1482 1009 1624 1041 habent
1640 1009 1664 1041 J

141 1053 197 1095 80,
215 1053 249 1086 6.
291 1064 402 1086 unam
420 1058 530 1097 atque
549 1054 715 1095 alteram,
735 1055 821 1087 dein
837 1054 959 1098 plures
976 1054 1070 1097 legit
1088 1055 1113 1087 J
1128 1053 1184 1094 93,
1204 1054 1237 1086 2.
1278 1054 1402 1086 hostes
1417 1063 1568 1086 numero
1584 1053 1663 1096 plu-

141 1109 199 1131 res
217 1102 254 1131 et
270 1099 429 1141 undique
448 1100 659 1132 circumfusi
677 1103 785 1132 erant
798 1100 823 1132 J
838 1099 894 1140 97,
911 1099 947 1132 5.
986 1100 1108 1142 plures
1127 1109 1169 1132 eo
1186 1097 1345 1142 proelio,
1370 1109 1480 1141 quam
1496 1099 1664 1131 omnibus

140 1144 390 1186 superioribus
407 1145 651 1187 interemptiJ
659 1143 715 1185 99,
725 1144 758 1177 3.
783 1145 821 1177 in
837 1144 1015 1188 pluribus,
1034 1155 1107 1178 non
1123 1145 1162 1176 in
1174 1155 1246 1177 uno
1260 1144 1446 1186 praesidia
1463 1140 1662 1176 habebatis

139 1190 175 1221 H
190 1190 245 1222 111
262 1189 319 1227 61,
336 1190 391 1222 24.
433 1190 472 1221 in
489 1190 567 1222 dies
584 1190 692 1232 plura
710 1190 854 1232 agitare
873 1189 900 1222 C
917 1189 982 1229 24,
999 1190 1032 1222 2.
1073 1189 1185 1222 Plura
1203 1199 1283 1221 cum
1301 1189 1462 1222 scribere
1479 1188 1614 1221 vellem
1632 1188 1660 1220 C

139 1234 194 1275 35,
212 1234 245 1267 5.
272 1235 296 1267 J
312 1235 367 1275 24,
386 1234 408 1266 4
423 1237 511 1267 conl.
528 1233 583 1274 85,
602 1234 658 1267 50.
701 1245 769 1277 quo
786 1235 892 1277 plura
911 1252 949 1257 —
969 1235 1138 1272 fecisset,
1158 1245 1201 1267 8ο
1217 1235 1337 1266 minus
1354 1234 1378 1266 J
1394 1234 1456 1274 22,
1474 1232 1507 1266 3.
1539 1243 1661 1276 pauca

140 1297 182 1302 —
200 1281 316 1322 cepit,
343 1279 449 1323 plui-a
465 1298 508 1303 —
525 1280 603 1323 igni
628 1280 834 1322 conrumpit
853 1280 878 1312 J
893 1278 956 1319 92,
977 1278 1009 1312 3.
1050 1279 1163 1312 multo
1186 1279 1291 1322 plura
1315 1279 1413 1311 bona
1437 1278 1658 1321 accepisses,

139 1335 246 1367 quam
263 1324 364 1357 mala
379 1335 574 1368 perpessus
592 1335 631 1357 es
648 1325 673 1357 J
691 1325 766 1364 102,
785 1323 818 1357 8.
861 1335 942 1357 cum
958 1324 1065 1367 plura
1080 1324 1180 1357 mala
1198 1330 1431 1367 expectarem
1447 1325 1483 1356 H
1499 1324 1535 1356 11
1550 1323 1606 1363 41,
1624 1324 1657 1356 4.

138 1370 245 1412 plura
266 1370 311 1402 de
335 1370 442 1402 bonis
468 1369 566 1407 falsa
587 1370 626 1401 in
647 1370 806 1402 deterius
830 1370 1022 1412 conposuit
1041 1369 1077 1401 H
1093 1370 1106 1401 i
1122 1368 1178 1401 78.
1220 1369 1379 1401 ferarum
1397 1369 1503 1411 plura
1520 1377 1660 1411 genera

138 1415 174 1447 H
190 1415 228 1447 11
244 1414 298 1455 23,
309 1415 331 1446 4
345 1425 437 1457 susp.
463 1415 587 1458 plures
604 1414 773 1448 cohortes
786 1415 821 1446 H
832 1415 883 1447 IV
894 1415 950 1446 44.
967 1426 1014 1443 =
1027 1416 1210 1454 plurumas.
1232 1414 1436 1457 plurumum
1445 1414 1583 1454 facere,
1594 1413 1659 1446 mi-

137 1469 282 1492 numum
300 1460 345 1492 de
363 1470 402 1492 se
419 1460 498 1502 ipse
515 1459 618 1502 loqui
631 1460 656 1493 J
671 1459 705 1500 6,
718 1459 748 1492 l.
782 1460 860 1492 fore
875 1462 915 1492 ut
927 1458 984 1491 illi
997 1459 1200 1502 plurumum
1215 1459 1411 1492 deberetur
1426 1459 1450 1491 J
1471 1458 1544 1499 111,
1557 1458 1587 1490 1.
1620 1459 1660 1490 in

137 1505 235 1538 bello
258 1505 460 1547 plurumum
483 1505 670 1548 ingenium
693 1515 800 1547 posse
819 1505 846 1537 C
864 1505 902 1544 2,
922 1505 955 1536 2.
995 1505 1197 1548 plurumum
1221 1505 1364 1548 inperio
1386 1504 1506 1537 valuit
1527 1504 1564 1535 H
1587 1505 1606 1536 I
1621 1502 1655 1535 8.

137 1550 269 1592 quibus
285 1549 489 1592 plurumum
507 1549 683 1582 audaciae
702 1551 824 1582 inerat
840 1550 867 1583 C
888 1550 939 1590 17,
958 1549 992 1581 2.
1031 1550 1237 1593 plurumum
1252 1549 1392 1582 timoris
1408 1549 1497 1581 mihi
1515 1549 1658 1581 faciunt

136 1596 172 1627 H
187 1596 206 1627 I
220 1595 276 1636 41,
299 1595 327 1627 1.
361 1605 469 1637 quam
485 1595 690 1638 plurumum
706 1598 826 1637 potest
842 1595 971 1627 domiti
985 1596 1130 1638 pecoris
1147 1594 1170 1627 J
1188 1595 1242 1635 75,
1260 1595 1293 1627 4.
1329 1605 1437 1637 quam
1453 1594 1656 1637 plurumum

137 1640 255 1682 quisq.
274 1650 391 1682 aquae
409 1643 574 1682 portaret
588 1640 613 1672 J
629 1640 690 1679 75,
708 1640 741 1672 5.
781 1643 822 1672 ut
844 1640 900 1672 illi
917 1651 1026 1682 quam
1041 1641 1198 1683 plurumi
1215 1640 1395 1673 deberent
1409 1640 1434 1672 J
1448 1639 1510 1680 96,
1529 1640 1563 1671 2.
1604 1639 1656 1671 ibi

136 1685 216 1728 lug.
241 1695 322 1717 cum
344 1685 522 1727 plurumis
539 1688 619 1717 erat
635 1685 659 1717 J
679 1684 760 1725 101,
779 1684 801 1717 6
823 1688 910 1717 conl.
928 1686 965 1717 H
981 1685 1037 1717 111
1053 1684 1114 1725 67,
1138 1685 1188 1717 12.
1230 1685 1413 1728 plurumos
1437 1686 1577 1726 cuiusq.
1595 1695 1658 1727 ge·

135 1731 234 1763 neris
257 1730 422 1762 homines
446 1730 473 1762 C
498 1730 560 1770 24,
578 1729 610 1763 3.
653 1740 761 1772 quam
785 1730 968 1772 plurumos
984 1733 1122 1773 potest,
1147 1729 1323 1763 Numidas
1347 1729 1489 1772 equites
1505 1730 1530 1762 J
1546 1728 1602 1769 68,
1620 1729 1654 1760 2.

135 1775 272 1818 singuli
290 1775 475 1818 plurumas
490 1785 622 1807 uxores
638 1774 777 1807 habeut
791 1775 816 1808 J
831 1774 887 1816 80,
906 1774 940 1807 6.
981 1775 1084 1807 cuius
1107 1775 1276 1817 pluruma
1291 1774 1468 1807 benificia
1485 1777 1610 1807 essent
1628 1774 1655 1806 C

135 1819 197 1860 31,
216 1821 249 1851 7.
289 1820 438 1852 hostilia
460 1823 696 1852 monumenta
718 1819 884 1862 pluruma
906 1820 931 1852 J
956 1819 1016 1861 14,
1047 1815 1098 1852 17.
1139 1819 1293 1852 malifici
1319 1820 1465 1862 generis
1488 1819 1656 1862 pluruma

135 1865 311 1898 animalia
327 1866 351 1898 J
371 1865 429 1906 17,
448 1864 480 1897 6.
523 1875 615 1907 quae
639 1865 814 1908 plurumis
836 1865 1025 1897 laboribus
1049 1868 1158 1907 atque
1183 1865 1355 1907 periculis
1373 1865 1542 1907 quaesivi
1557 1864 1582 1897 J
1597 1863 1653 1905 85,

134 1910 189 1943 30.
223 1911 413 1953 plurumae
431 1910 562 1942 turbae
582 1927 619 1932 —
640 1913 721 1942 orta
737 1914 822 1942 sunt
844 1910 880 1942 H
895 1911 914 1942 1
934 1909 986 1942 10.
1026 1910 1192 1952 pluruma
1216 1913 1253 1942 et
1275 1909 1576 1952 flagitiosissuma
1598 1909 1654 1941 fa-

113 1956 260 1993 .cinora
277 1956 401 1988 fecere
417 1955 442 1988 J
457 1955 512 1996 32,
523 1955 556 1987 2.
573 1967 620 1984 =
633 1956 830 1995 plurumum.
862 1955 966 1987 cuius
983 1955 1186 1997 patrocinio
1205 1955 1339 1987 civitas
1356 1954 1562 1997 plurumum
1575 1958 1654 1986 ute-

134 2001 242 2033 batur
260 2001 287 2033 C
303 2001 358 2041 41,
377 2001 410 2033 4.
452 2011 558 2043 quem
581 2000 631 2043 pl.
656 2001 845 2032 metuebat
861 2000 885 2033 J
901 2000 961 2041 25,
984 1999 1036 2032 10.
1078 2000 1126 2042 pl.
1151 2000 1327 2043 inperitia
1349 2000 1508 2033 hostium
1525 1999 1655 2032 confir-

133 2049 254 2078 matus
270 2046 294 2079 J
310 2045 367 2086 99,
388 2046 416 2078 l.
458 2056 566 2088 quam
584 2045 707 2078 colere
724 2045 773 2088 pl.
793 2046 1010 2079 decreverat
1025 2046 1060 2078 H
1076 2046 1128 2078 IV
1144 2043 1202 2078 32.

177 2092 340 2123 Iuluoha
354 2091 378 2124 J
398 2090 449 2123 19.
475 2090 531 2123 92.

177 2137 327 2168 nul-viu·
342 2146 433 2178 pons
451 2135 478 2168 C
496 2136 552 2168 45.

175 2182 361 2213 munditiae
383 2181 597 2214 mulieribus
623 2181 847 2214 conveniunt
868 2180 893 2213 J
908 2179 969 2223 85,
988 2180 1046 2213 40.
1086 2191 1158 2214 non
1183 2181 1372 2213 munditiis
1394 2180 1547 2213 urbanis
1571 2191 1654 2214 sese

132 2227 296 2258 exercuit
309 2227 334 2258 J
350 2225 405 2267 63,
424 2225 457 2259 3.

175 2272 289 2303 munia
305 2271 381 2303 alia
398 2271 531 2313 exequi
546 2271 582 2303 H
597 2271 652 2304 III
667 2270 724 2310 67,
741 2271 774 2302 4.
808 2273 972 2304 extrema
988 2282 1034 2303 m.
1053 2272 1159 2314 sequi
1174 2271 1211 2303 H
1225 2271 1283 2304 ΙΙΙ
1299 2271 1355 2305 73.
1388 2271 1512 2304 munia
1529 2274 1655 2305 vostra

131 2316 372 2349 frumentaria
387 2316 470 2359 lege
487 2319 689 2359 pensantur
704 2317 739 2348 H
755 2317 809 2348 111
825 2315 887 2357 61,
909 2315 962 2348 19.

175 2362 390 2401 municipium
407 2361 435 2394 C
456 2361 507 2401 17,
526 2361 559 2392 4.
586 2361 641 2401 30,
661 2361 692 2392 7.
719 2361 775 2402 51,
792 2360 849 2394 43.
874 2361 929 2402 52,
948 2360 999 2394 14.
1025 2360 1083 2402 58,
1100 2361 1134 2395 9.

174 2406 413 2438 munificentia.
445 2405 586 2439 Caesar
608 2405 789 2439 benificiis
815 2409 926 2449 atque
950 2417 996 2439 m.
1015 2417 1170 2450 magnus
1186 2407 1395 2440 habebatur
1412 2407 1440 2439 G
1457 2407 1512 2447 54,
1531 2408 1565 2439 2.
1606 2417 1652 2438 m.

133 2451 277 2483 animiJ
287 2451 318 2491 7,
331 2451 362 2485 7.
393 2451 530 2483 Sullam
545 2451 590 2483 ob
607 2451 895 2484 munificentiam
913 2452 951 2484 in
968 2462 1050 2485 sese
1069 2453 1225 2485 amicum
1242 2453 1316 2484 rati
1332 2453 1355 2484 J
1377 2451 1451 2492 103,
1462 2452 1494 2483 5.
1528 2462 1654 2494 regem

130 2495 376 2528 munificentia
390 2496 491 2529 vinci
506 2495 529 2528 J
550 2495 624 2537 110,
641 2497 674 2529 5.

174 2541 350 2573 munificus
365 2551 472 2574 nemo
489 2541 694 2574 habebatur
710 2541 784 2574 nisi
799 2543 939 2586 pariter
954 2542 1083 2575 volens
1104 2543 1128 2576 J
1146 2541 1221 2582 103,
1240 2541 1272 2574 6.

174 2586 420 2618 munimentum.
450 2596 570 2629 neque
586 2586 661 2620 illis
679 2590 802 2620 castra
821 2598 900 2620 esse
917 2597 1037 2630 neque
1061 2589 1325 2619 munimentum
1341 2586 1471 2625 ullum,
1499 2596 1568 2628 quo
1593 2597 1652 2618 ce-

130 2631 260 2664 dentes
282 2631 478 2664 tenderent
499 2632 523 2664 J
545 2631 607 2673 51,
633 2633 666 2664 4.
710 2633 956 2675 frequentiam
979 2634 1122 2675 paratis
1146 2632 1255 2664 rebus
1278 2631 1501 2663 munimento
1525 2631 1604 2663 fore
1628 2631 1652 2663 J

129 2676 184 2717 47,
203 2676 236 2708 2.
278 2686 322 2708 ne
341 2676 740 2720 cedentibus-receptui
757 2688 802 2710 ac
819 2681 902 2720 post
918 2678 1138 2709 munimento
1157 2677 1253 2708 soret
1269 2676 1293 2708 J
1309 2675 1371 2715 50,
1391 2675 1413 2709 3
1435 2679 1523 2708 conl.
1537 2675 1600 2716 97,
1618 2676 1651 2708 3.

129 2720 350 2754 munimento
369 2724 569 2755 castrorum
586 2723 771 2765 inpeditus
787 2723 811 2755 J
828 2722 889 2762 58,
909 2721 941 2754 6.
984 2722 1116 2754 castris
1139 2721 1214 2753 levi
1237 2721 1461 2753 munimento
1481 2721 1612 2763 positis
1628 2721 1652 2753 J

127 2765 185 2807 91,
203 2766 236 2798 2.
269 2767 362 2799 Pars
378 2767 559 2799 occidisse
575 2768 740 2800 tribunos
756 2785 800 2791 —
817 2778 882 2810 pro
899 2767 1122 2799 munimento
1138 2766 1277 2798 habent
1293 2766 1316 2798 J
1333 2765 1388 2805 31,
1403 2765 1436 2798 3.
1471 2775 1516 2798 ex
1531 2765 1651 2798 latere

129 2821 225 2843 nova
248 2812 474 2844 munimenta
496 2813 533 2844 H
554 2813 610 2844 111
631 2811 687 2844 26.
735 2812 843 2845 collis
866 2821 986 2854 pauca
1009 2811 1236 2843 munimenta
1260 2810 1462 2852 quaerebat
1483 2811 1508 2844 J
1530 2810 1591 2850 98,
1617 2810 1649 2844 3.

131 2865 241 2897 super
256 2856 394 2888 vallum
411 2857 450 2888 in
466 2857 700 2889 munimentis
716 2857 840 2888 locare
856 2856 982 2898 θυεμ]
998 2855 1071 2894 100,
1082 2856 1114 2887 4.
1148 2855 1373 2888 munimenta
1390 2856 1494 2899 regni
1510 2856 1535 2888 J
1554 2855 1649 2896 14,1.

174 2900 295 2932 munio.
333 2903 457 2934 castra
480 2902 619 2934 munire
643 2901 667 2934 J
688 2901 749 2941 44,
769 2901 802 2933 5.
833 2899 913 2941 100,
931 2901 965 2932 4.
1003 2900 1103 2934 vallo
1122 2903 1197 2943 atq.
1214 2900 1315 2933 fossa
1331 2900 1356 2934 J
1371 2901 1434 2942 45,
1452 2901 1485 2934 2.
1527 2904 1652 2935 castra
