1812 3268
209 214 292 255 400
896 224 1030 252 mnnx

210 329 352 359 tantam
374 325 446 357 vim
463 324 508 354 ‘in
532 332 612 354 sese
636 322 772 354 habere
794 322 818 354 J
840 323 879 364 4,
898 322 930 356 6.
973 324 1047 356 vim
1071 327 1241 356 cunctam
1265 327 1301 356 et
1325 324 1469 367 inperia
1491 326 1530 357 in
1551 335 1616 358 vos
1640 335 1724 358 con-

209 374 353 404 vortere
377 370 411 400 H
435 368 487 399 111
510 366 572 407 61,
589 367 622 398 5.
669 367 761 399 nihil
791 368 910 400 minus
943 378 1050 410 quam
1079 370 1153 402 vim
1178 373 1241 401 aut
1263 369 1398 401 bellum
1423 374 1680 412 expectantem
1700 370 1725 410 ,1

212 416 270 455 14,
300 414 351 445 11.
391 423 437 444 116
461 412 535 445 vim
559 422 666 453 quam
689 412 976 445 misericordiam
1009 414 1088 447 eius
1117 415 1275 456 experiri
1302 415 1430 446 mallet
1458 415 1482 447 J
1503 414 1566 456 32,
1589 415 1610 447 5
1637 417 1746 448 conl.·

212 459 292 499 102,
311 458 343 490 9.
385 458 458 490 vim
480 457 635 489 hostium
659 458 916 490 sustentabant
936 458 960 490 J
982 457 1044 499 97,
1062 459 1094 492 5.
1140 470 1186 492 ne
1209 477 1255 482 —
1276 470 1342 502 per
1371 459 1444 492 vim
1469 460 1672 502 eripiantur
1695 459 1724 492 C

209 505 271 543 52,
293 503 333 534 14
351 504 435 534 conl.
453 502 477 534 J
493 502 532 542 7,
553 501 583 534 1.
609 501 671 543 23,
694 501 722 534 1.
747 501 809 542 31,
827 503 882 535 25.
923 503 1085 536 Catilina
1107 514 1242 546 magna
1264 504 1300 535 vi
1324 506 1360 536 et
1380 505 1495 536 animi
1511 508 1549 536 et
1565 505 1726 547 corporis

211 549 238 580 C
255 549 294 588 5,
315 548 344 579 1.
386 547 470 580 vine
496 548 658 588 eorporis
683 557 730 579 an
753 547 886 580 virtute
913 548 1024 580 animi
1046 559 1104 581 res
1127 549 1298 581 militaris
1322 550 1441 592 magis
1465 550 1680 591 procederet
1697 546 1725 581 C

212 593 241 634 1,
260 593 293 624 5.
326 602 465 624 summa
481 592 519 624 vi
540 608 575 614 —
595 592 722 623 nititur
737 592 761 624 J
777 592 831 632 25,
850 591 871 624 9
888 596 972 625 conl.
991 592 1045 634 92,
1056 593 1089 626 6.
1124 597 1261 636 quanta
1276 594 1313 627 vi
1330 595 1560 637 rogationem
1577 594 1726 627 iusserit

209 640 232 671 J
249 637 308 678 40,
329 636 361 670 3.
401 637 540 669 harena
564 647 699 678 magna
722 638 759 670 vi
786 638 931 679 agitata
947 639 970 670 J
987 637 1047 679 79,
1066 638 1098 671 6.
1140 639 1277 671 adflicti
1298 639 1476 671 undarum
1492 640 1529 672 vi
1546 640 1582 671 H
1597 640 1651 672 ΙΙΙ
1667 639 1724 671 24.

209 693 344 725 magna
360 682 398 715 vi
415 692 553 714 murum
571 682 784 724 adgreditur
800 683 823 714 J
840 681 894 723 60,
913 681 944 715 6.
979 694 1095 725 eumq.
1112 684 1150 716 vi
1168 684 1427 725 adgrederetur
1445 684 1471 716 C
1489 683 1544 725 43,
1559 685 1592 716 2.
1625 683 1726 716 urbis

209 728 342 770 partim
357 727 395 760 vi
413 727 504 758 alias
523 727 709 759 voluntate
727 728 867 769 inperio
885 738 949 759 suo
969 728 1135 770 adiungit
1150 729 1174 760 J
1194 728 1250 768 13,
1270 729 1302 761 2.
1341 745 1388 752 —-
1406 746 1444 751 —
1464 746 1506 751 -—-
1529 729 1605 760 alia
1627 731 1727 761 metu

208 791 254 796 —-
277 775 444 805 avortere
468 772 491 804 J
508 771 571 812 89,
593 772 622 803 1.
665 782 726 804 eos
750 783 918 804 maxuma
941 774 978 805 vi
1002 774 1157 805 caedere
1174 773 1197 805 J
1214 773 1274 814 58,
1294 773 1325 806 3.
1366 784 1536 806 maxuma
1552 774 1590 806 vi
1607 776 1725 806 certa·

210 822 268 850 tur
286 817 313 850 O
330 816 394 858 60,
412 816 433 850 3
457 820 543 850 conl.
560 817 584 848 J
599 816 663 857 60,
683 817 713 849 1.
738 816 796 856 94,
816 818 848 849 5.
882 820 1023 860 ‘magna
1046 819 1085 850 vi
1106 818 1251 860 utrimq.
1280 819 1568 850 contendebatur
1583 819 1619 850 H
1635 819 1654 850 I
1668 818 1723 850 40.

209 873 328 905 neque
346 862 431 894 inde
449 872 617 894 maxuma
633 863 671 894 vi
688 862 823 904 depelli
842 863 991 904 quivere
1007 863 1031 894 J
1047 862 1108 902 58,
1128 862 1159 895 3.
1200 863 1295 895 1111(16
1317 863 1356 896 vi
1378 863 1590 905 Iugurtham
1614 873 1724 906 expu-

209 909 296 940 lerit
310 908 335 940 J
354 907 428 947 102,
451 906 518 940 13(
542 907 606 938 ubi
623 907 660 939 vi
677 918 766 949 opus
785 911 864 939 erat
879 908 903 940 J
919 908 976 948 55,
994 908 1026 939 7.
1068 907 1159 939 nihil
1181 908 1219 940 vi
1236 919 1317 950 neq.
1337 908 1544 940 secessione
1562 918 1652 950 opus
1669 910 1726 940 est

208 954 232 986 J
249 953 304 994 31,
323 952 355 985 6.
397 953 434 985 vi
457 962 584 994 regere
607 953 765 994 patriam
781 953 804 984 J
821 952 859 993 3,
878 953 910 984 2.
951 952 1076 995 populi
1099 953 1135 984 vi
1159 953 1303 984 subacti
1327 953 1354 985 O
1382 952 1440 992 10,
1461 952 1491 984 l.
1533 963 1665 995 magna
1688 952 1726 986 vi

210 999 360 1030 tendere
379 997 405 1029 C
424 995 522 1038 60,5.
555 997 692 1029 maiore
710 997 747 1029 vi
763 997 887 1029 hostes
903 1001 1060 1040 urguent
1076 997 1099 1029 J
1111 996 1166 1036 56,
1176 996 1207 1029 6.
1241 998 1509 1039 vindicandum,
1528 1008 1601 1029 non
1617 1007 1727 1029 manu

154 1058 166 1063 ν
209 1054 291 1086 neq.
309 1044 346 1076 vi
364 1043 387 1074 J
405 1042 459 1080 31,
480 1041 531 1074 18.
574 1042 652 1074 sine
670 1042 708 1074 vi
724 1042 880 1074 hostium
897 1043 1043 1085 regredi
1059 1046 1212 1074 conatus
1229 1043 1264 1074 H
1279 1043 1329 1074 IV
1345 1041 1400 1082 61,
1421 1042 1472 1075 14.
1490 1055 1536 1070 =
1553 1043 1599 1074 ad
1611 1042 1726 1074 omnis

209 1090 261 1120 vis
280 1088 611 1120 controvorsiarum
627 1087 663 1118 H
678 1087 732 1118 HI
748 1086 803 1118 62.
821 1100 866 1115 -τ
887 1088 950 1119 ubi
973 1098 1038 1130 per
1054 1088 1259 1119 socordiam
1275 1088 1366 1119 vires
1383 1090 1524 1130 tempus
1541 1088 1726 1129 ingenium

210 1134 400 1166 diffluxere
416 1133 440 1165 J
459 1132 488 1173 1,
506 1132 539 1163 4.
573 1135 768 1164 senescunt
784 1133 880 1164 vires
897 1133 933 1164 H
949 1134 1003 1164 III
1020 1131 1074 1172 61,
1095 1132 1145 1164 19.
1179 1133 1315 1164 rectius
1332 1133 1458 1175 ingeni
1475 1143 1581 1174 quam
1604 1133 1727 1164 virium

210 1179 340 1221 opibus
358 1178 513 1221 gloriam
530 1187 706 1219 quaerere
726 1176 752 1208 C
775 1177 808 1218 1,
829 1176 860 1210 3.
901 1178 1031 1220 ingens
1055 1178 1135 1220 ipse
1158 1178 1289 1210 virium
1313 1181 1386 1219 atq.
1415 1178 1529 1209 animi
1544 1178 1580 1210 H
1595 1177 1652 1209 ΙΙΙ
1671 1175 1726 1209 13.

209 1224 350 1267 pollens
367 1223 496 1255 viribus
512 1223 535 1255 J
552 1222 591 1263 6,
613 1222 641 1254 1.
682 1224 721 1253 ut
739 1233 841 1254 omne
859 1223 915 1254 ius
932 1223 970 1254 in
986 1222 1123 1255 viribus
1142 1226 1239 1255 esset
1254 1223 1290 1254 H
1305 1223 1322 1254 I
1339 1222 1394 1255 33.
1457 1255 1459 1259 f

254 1270 336 1301 viso.
367 1267 536 1300 Metellus
552 1283 596 1289 —-
613 1277 748 1309 magna
766 1267 883 1309 gloria
899 1267 1088 1300 visebatur
1103 1268 1138 1299 H
1154 1268 1191 1299 ΙΙ
1207 1267 1261 1308 23,
1276 1267 1305 1299 1.
1338 1278 1471 1310 operae
1488 1267 1652 1309 precium
1670 1269 1727 1299 est

209 1333 253 1337 —
269 1315 388 1347 visere
406 1312 543 1355 templa
567 1313 715 1344 deorum
733 1311 759 1343 O
782 1312 832 1353 12,
853 1312 886 1345 3.
922 1313 1000 1354 pati
1022 1313 1198 1345 Numidas
1221 1312 1398 1355 proelium
1419 1313 1540 1345 visere
1564 1312 1587 1344 J
1610 1311 1671 1352 60,
1690 1311 1723 1343 5.

209 1364 394 1402 tamquam
418 1368 484 1389 sua
507 1358 631 1390 visens
655 1358 796 1389 domum
820 1361 882 1389 eat
903 1358 927 1389 J
953 1357 1010 1398 12,
1030 1357 1061 1390 3.
1102 1357 1230 1400 procul
1254 1358 1459 1390 visentibus
1482 1357 1518 1388 H
1541 1357 1595 1389 111
1610 1355 1672 1398 67,
1691 1356 1724 1389 5.

209 1405 260 1436 IV
276 1404 330 1436 21.
371 1404 415 1435 de
440 1403 574 1434 castris
596 1402 741 1434 visundi
765 1406 828 1433 aut
851 1402 1034 1444 spoliandi
1052 1413 1182 1434 caussa
1205 1406 1463 1444 processerant
1480 1401 1507 1434 C
1524 1401 1580 1443 61,
1598 1400 1630 1434 8.
1664 1411 1725 1434 cu—

207 1449 293 1492 pido
310 1449 441 1490 ignara
457 1447 603 1479 visundi
619 1447 654 1478 H
671 1448 684 1478 i
700 1446 754 1479 94.

254 1494 356 1526 visus.
389 1503 459 1535 qua
476 1493 574 1525 visus
593 1494 672 1524 erat
689 1492 713 1523 J
733 1491 806 1533 101,
830 1491 882 1524 11.

253 1540 327 1571 vita
344 1541 380 1570 et
397 1548 492 1570 mors
509 1538 589 1569 iura
606 1539 760 1569 naturae
778 1540 861 1569 sunt
878 1538 913 1568 H
929 1537 964 1569 II
980 1536 1034 1577 41,
1047 1536 1078 1568 5.
1116 1537 1245 1579 quibus
1259 1537 1357 1579 prius
1371 1536 1505 1568 iniuria
1523 1546 1630 1578 quam
1645 1535 1724 1568 vita

210 1587 312 1616 certa
330 1586 426 1615 esset
442 1584 477 1614 H
492 1583 511 1614 Ι
526 1582 580 1623 41,
600 1580 632 1614 6.
673 1583 752 1614 vita
775 1582 855 1624 ipsa
881 1592 951 1622 qua
979 1582 1131 1613 fruimur
1148 1582 1269 1614 brevis
1288 1585 1344 1613 est
1362 1581 1388 1612 C
1411 1581 1440 1620 1,
1458 1580 1490 1613 3.
1547 1584 1672 1612 cetera
1687 1591 1722 1613 v.

211 1640 333 1661 eorum
357 1628 441 1659 huic
467 1627 598 1659 sceleri
622 1627 745 1659 obstat
770 1627 796 1658 C
815 1627 876 1665 52,
894 1626 948 1658 32.
989 1626 1044 1657 1111
1061 1626 1176 1668 turpis
1193 1627 1272 1658 vita
1295 1626 1437 1668 integra
1454 1626 1552 1656 fama
1566 1625 1687 1667 potior
1701 1625 1726 1657 J

209 1674 270 1713 67,
289 1673 320 1706 3.
361 1675 495 1714 quanto
518 1673 597 1704 vita
620 1672 762 1703 illorum
786 1671 1014 1713 praeclarior
1037 1672 1059 1703 J
1076 1670 1137 1710 85,
1156 1671 1210 1702 22.
1226 1690 1234 1696 ·
1253 1670 1350 1702 falsa
1373 1670 1451 1703 vita
1475 1680 1628 1711 moresq.
1653 1670 1725 1701 mci

210 1722 386 1761 superant
401 1719 423 1750 J
440 1716 503 1755 85,
521 1717 575 1748 27.
619 1717 805 1748 etiamtum
829 1717 907 1749 vita
930 1716 1111 1748 hominum
1135 1716 1214 1747 sine
1241 1715 1440 1758 cupiditate
1466 1715 1679 1757 agitabatur
1696 1713 1723 1745 C

209 1766 242 1804 2,
261 1764 293 1795 Δ1.
337 1763 438 1794 cuius
455 1762 547 1794 vitae
570 1762 707 1803 necisq.
725 1765 888 1803 potestas
906 1762 929 1793 J
950 1761 1007 1801 14,
1027 1760 1081 1793 23.
1121 1761 1223 1792 necis
1250 1761 1382 1792 civium
1401 1763 1437 1791 et
1453 1761 1554 1792 vitae
1572 1759 1725 1792 licentia

209 1810 245 1841 H
260 1810 278 1840 I
294 1808 349 1848 41,
368 1807 400 1840 3.
443 1807 594 1839 exitium
610 1807 710 1839 vitae
728 1807 869 1839 invenit
887 1805 914 1837 C
932 1806 994 1847 55,
1013 1805 1044 1838 6.
1079 1806 1199 1848 inperi
1220 1806 1356 1847 vitaeq.
1382 1805 1460 1837 eius
1484 1804 1566 1837 finis
1590 1805 1686 1836 idem
1701 1804 1726 1836 J

209 1854 248 1895 5,
266 1854 287 1886 5
304 1855 389 1886 conl.
407 1851 444 1893 9,
464 1853 496 1884 4.
526 1851 581 1891 10,
603 1851 634 1884 3.
661 1852 696 1883 H
712 1852 747 1883 II
764 1851 825 1891 41,
845 1851 876 1883 9.
921 1861 1014 1893 quae
1040 1851 1199 1883 conditio
1222 1851 1323 1883 vitae
1349 1850 1472 1882 futura
1496 1850 1546 1881 sit
1563 1849 1590 1881 C
1609 1848 1671 1889 20,
1690 1847 1722 1880 6.

210 1899 424 1942 integritate
449 1898 549 1930 vitae
568 1897 594 1929 C
612 1897 667 1936 54,
686 1897 718 1928 2.
760 1897 831 1928 dux
855 1900 927 1938 atq.
954 1897 1139 1938 inperator
1161 1896 1261 1928 vitae
1287 1895 1492 1927 mortalium
1511 1895 1651 1926 animus
1670 1897 1725 1926 est

208 1945 232 1976 J
251 1945 280 1984 l,
299 1944 331 1977 3.
373 1942 583 1974 inconditae
602 1942 688 1974 olim
711 1942 811 1974 vitae
837 1951 913 1974 mos
931 1942 965 1973 H
982 1942 999 1973 1
1016 1940 1070 1974 33.
1111 1941 1274 1972 incertae
1302 1951 1346 1972 ac
1369 1942 1452 1982 post
1474 1939 1583 1981 paulo
1599 1939 1723 1973 morbo

210 1990 426 2021 interiturae
450 1988 542 2019 vitae
566 1990 737 2029 parceret
758 1987 782 2018 J
802 1985 883 2027 106,
902 1985 933 2019 3.
976 1986 1068 2018 dolis
1091 1987 1191 2018 vitae
1216 1995 1305 2017 suae
1331 1985 1543 2017 insidiatum
1566 1984 1590 2016 J
1612 1984 1673 2025 22,
1691 1984 1724 2016 4.

210 2034 378 2066 diffidens
396 2033 496 2065 vitae
516 2032 542 2064 C
560 2032 616 2073 45,
634 2032 666 2064 4.
709 2042 831 2064 eorum
858 2042 926 2074 ego
949 2032 1054 2063 vitam
1079 2034 1264 2072 mortemq.
1287 2031 1389 2062 iuxta
1407 2027 1569 2062 ae‘stumo
1587 2029 1614 2061 O
1632 2029 1672 2069 2,
1689 2027 1722 2061 8.

209 2080 322 2111 vitam
338 2078 494 2110 transire
514 2077 540 2108 C
563 2077 591 2117 l,
615 2076 642 2108 l.
670 2077 700 2118 2,
720 2076 753 2109 8.
798 2094 834 2098 -—
857 2077 1005 2118 exigere
1021 2077 1045 2108 J
1065 2075 1115 2117 14,
1139 2075 1189 2108 15.
1212 2074 1270 2115 85,
1289 2074 1344 2107 49.
1385 2075 1424 2106 in
1441 2075 1594 2106 obscuro
1610 2074 1725 2106 vitam

208 2125 347 2156 habent
365 2123 391 2155 O
409 2122 464 2163 51,
488 2122 537 2153 12.
578 2122 692 2154 vitam
710 2123 764 2154 ita
781 2122 984 2154 instituisse
1003 2121 1030 2153 C
1048 2120 1089 2153 31
1102 2145 1110 2161 ,
1131 2121 1163 2152 7.
1204 2121 1319 2153 vitam
1343 2120 1514 2152 miseram
1531 2122 1605 2161 atq.
1622 2118 1724 2150 inho-

210 2172 351 2201 nestam
369 2178 433 2209 per
450 2167 607 2198 dedecus
626 2167 793 2198 amittere
812 2167 838 2198 C
857 2166 911 2207 20,
922 2165 954 2198 9.
990 2166 1095 2198 fratri
1111 2166 1225 2199 vitam
1244 2165 1377 2207 eripuit
1392 2166 1415 2197 J
1436 2164 1487 2204 14,
1509 2163 1550 2196 15
1566 2167 1651 2196 conl.
1669 2163 1723 2196 22.

209 2217 249 2245 ut
265 2216 349 2256 post
367 2222 428 2244 eos
447 2212 588 2244 occisos
605 2212 720 2243 vitam
737 2212 899 2243 refutent
916 2213 950 2243 H
966 2212 983 2243 Ι
1000 2210 1055 2244 73.
1097 2221 1245 2253 quorum
1268 2221 1373 2242 nemo
1398 2219 1470 2242 non
1486 2209 1617 2241 diurna
1633 2218 1724 2240 mer—

211 2260 300 2291 cede
324 2259 438 2290 vitam
463 2256 660 2288 mutaverit
677 2256 711 2286 H
728 2257 745 2287 I
760 2256 820 2295 48,
841 2257 872 2288 7.
913 2257 1153 2289 vitam⁴suam
1176 2256 1231 2287 rei
1254 2266 1288 2298 p.
1309 2255 1561 2287 condonavere
1577 2254 1601 2285 J
1617 2252 1672 2294 79,
1691 2253 1722 2284 7.

209 2308 352 2336 tantum
376 2303 421 2334 ab
447 2313 488 2334 eo
513 2303 626 2333 vitam
650 2301 861 2342 paciscatur
876 2302 899 2333 J
916 2301 976 2342 26,
999 2301 1028 2332 1.
1071 2302 1154 2343 quia
1172 2304 1281 2343 pacto
1297 2301 1412 2332 vitam
1430 2299 1607 2331 dederant
1623 2299 1659 2330 H
1674 2298 1725 2330 IV

209 2348 263 2390 61,
284 2349 315 2380 7.
358 2348 431 2390 ipsi
448 2347 608 2387 liberisq.
627 2346 740 2378 vitam
757 2349 926 2387 peterent
941 2347 965 2378 J
981 2345 1043 2386 46,
1063 2346 1097 2378 2.
1136 2348 1286 2388 praeter
1302 2355 1403 2377 suam
1420 2344 1650 2385 liberorumq.
1668 2343 1723 2376 vi—

210 2398 284 2427 tam
302 2393 422 2425 omnia
439 2391 588 2424 Metello
606 2390 739 2423 dedere
756 2391 780 2423 J
796 2391 851 2430 47,
871 2390 902 2422 3.
945 2391 988 2422 de
1010 2393 1086 2423 vita
1105 2394 1141 2423 et
1158 2394 1272 2422 morte
1289 2390 1464 2422 disseruit
1481 2389 1508 2420 C
1525 2389 1586 2429 52,
1605 2387 1638 2420 3.
1678 2387 1722 2419 de

209 2441 285 2472 vita
304 2441 375 2480 atq.
395 2441 498 2480 tergo
516 2436 616 2478 regio
634 2446 732 2467 more
752 2435 939 2467 consulere
957 2436 992 2466 H
1009 2436 1025 2467 I
1042 2435 1074 2467 9.
1116 2446 1180 2478 pro
1198 2436 1340 2478 patria,
1369 2445 1432 2477 pro
1449 2434 1641 2473 libertate,
1658 2443 1723 2475 pro

207 2485 285 2518 vita
304 2486 484 2515 certamus
502 2481 528 2513 C
546 2480 600 2519 58,
620 2480 671 2513 11.

252 2529 405 2561 vitiosus.
436 2527 579 2560 vitiosis
598 2526 677 2568 agri
693 2525 871 2558 tractibus
888 2525 923 2556 H
940 2525 995 2556 III
1015 2524 1030 2555 1
1047 2524 1104 2565 (al.
1123 2523 1427 2568 magistratibus).

253 2574 343 2605 vitis.
374 2573 511 2606 vitibus
528 2571 745 2604 vinciebant
763 2571 799 2602 H
814 2570 864 2603 IV
880 2569 912 2602 8.

253 2619 381 2650 vitium.
413 2617 576 2657 ambitio,
597 2616 690 2658 quod
708 2619 831 2648 tamen
847 2615 975 2648 vitium
991 2614 1138 2656 propius
1155 2615 1326 2647 virtutem
1347 2616 1426 2645 erat
1444 2612 1471 2644 C
1489 2611 1540 2652 11,
1555 2611 1583 2643 1.
1617 2611 1722 2642 nobis

209 2664 455 2697 dissensiones
478 2662 569 2694 vitio
593 2661 741 2693 humani
763 2661 889 2703 ingeni
907 2670 1060 2692 evenere
1085 2660 1119 2690 H
1136 2660 1152 2690 I
1170 2660 1201 2691 7.
1242 2658 1425 2691 secundae
1451 2667 1509 2688 res
1526 2656 1616 2687 mire
1639 2658 1724 2687 sunt

210 2710 309 2742 vitiis
335 2708 500 2741 obtentui
524 2708 558 2738 H
574 2707 591 2738 I
608 2706 667 2747 41,
688 2707 742 2737 24.
783 2716 841 2737 res
865 2716 898 2747 p.
928 2704 1175 2746 magnitudine
1199 2713 1266 2734 sua
1288 2703 1535 2744 inperatorum
1554 2704 1627 2742 atq.
1646 2710 1721 2732 ma-

210 2755 423 2795 gistratuum
447 2753 541 2785 vitia
563 2751 748 2783 tolerabat
773 2750 799 2782 O
824 2750 886 2791 53,
905 2750 937 2782 5.
984 2749 1076 2782 vitia
1100 2759 1166 2780 sua
1191 2747 1326 2780 callide
1349 2747 1539 2779 occultans
1562 2746 1585 2778 J
1612 2745 1669 2785 15,
1687 2744 1721 2776 4.

211 2800 306 2831 inter
328 2802 433 2830 tanta
456 2798 549 2830 vitia
574 2799 676 2828 aetas
701 2796 898 2827 ambitione
926 2797 1099 2836 conrupta
1122 2793 1318 2825 tenebatur
1343 2792 1369 2824 C
1395 2791 1426 2832 3,
1446 2791 1479 2823 2.
1523 2791 1721 2822 exercitum

209 2844 341 2876 nostris
358 2844 460 2876 vitiis
479 2842 596 2874 adhuc
614 2841 829 2873 incolumem
846 2840 881 2871 H
897 2840 946 2872 IV
963 2839 1016 2879 61,
1040 2838 1094 2870 21.

254 2890 334 2920 vito.
365 2888 605 2930 proditionem
624 2886 813 2919 celeritate
832 2885 949 2918 vitare
966 2885 989 2917 J
1007 2883 1067 2924 76,
1088 2883 1103 2915 '1
1129 2884 1215 2915 conl.
1233 2883 1268 2914 H
1285 2882 1302 2914 I
1318 2880 1361 2913 65
1380 2878 1595 2923 (proelium).
1636 2889 1720 2911 con-

1550 2972 1569 2982 μ
