1838 3288
803 232 935 261 1Nnnx
1550 217 1628 257 147

104 335 278 379 piundum
296 334 372 368 alia
390 334 534 367 abunde
551 334 674 367 omnia
693 336 800 366 erant
816 333 839 365 J
857 332 911 374 63,
931 334 963 365 2.
1007 333 1053 365 ad
1070 333 1243 366 virtutem
1263 332 1356 365 nihil
1373 333 1590 375 profuerant
1606 333 1630 364 J

102 381 166 422 85,
187 380 241 414 32.
285 380 331 413 ad
348 380 555 412 simulanda
572 379 725 422 negotia
743 377 900 411 altitudo
918 379 1045 420 ingeni
1062 378 1292 411 incredibilis
1310 379 1334 410 J
1350 377 1413 419 95,
1433 377 1466 410 3.
1507 379 1630 420 gentis

104 427 151 459 ad
168 426 267 458 furta
283 426 506 468 peridoneae
523 425 559 457 H
574 425 592 456 1
607 423 663 456 86.
688 424 872 456 modestus
891 423 938 456 ad
955 425 1078 455 omnia
1095 424 1172 456 alia
1189 424 1261 456 nisi
1280 424 1326 455 ad
1342 422 1629 455 dominationem

102 472 138 503 H
155 472 190 503 11
206 470 261 503 86.
302 469 496 504 firmiorem
523 469 570 502 ad
593 469 839 502 resistundum
863 469 898 500 H
922 469 971 501 IV
988 469 1048 509 61,
1071 468 1123 501 16.
1167 469 1359 501 adsuetum
1377 469 1423 501 ad
1441 470 1557 506 omnis
1573 471 1630 501 vis

105 517 436 549 controvorsiarum
453 516 489 547 Η
505 515 559 547 ΠΙ
575 513 632 546 62.
673 515 720 546 ad
738 514 1030 556 cognoscendum
1049 515 1172 546 omnia
1190 514 1363 546 inlustria
1380 515 1405 546 J
1421 514 1452 555 5,
1472 514 1505 547 3.
1539 517 1630 546 tem—

103 572 172 605 pus
189 562 236 594 ad
252 564 442 603 utramque
461 571 537 593 rem
554 559 765 592 decernitur
781 560 805 591 J
825 559 876 599 12,
895 559 929 591 2.
968 560 1015 591 ad
1033 562 1160 591 cetera
1177 570 1303 602 parem
1322 560 1481 592 animum
1499 563 1632 602 gerant

103 607 127 639 J
143 607 198 647 54,
220 607 250 638 1.
292 606 339 638 ad
355 606 551 648 pernitiem
569 605 689 637 dolum
715 615 894 646 quaerere
911 605 935 636 J
952 604 1014 645 70,
1036 604 1065 636 1.
1107 605 1242 637 tradite
1269 605 1472 648 exemplum
1497 605 1544 637 ad
1567 616 1630 648 po-

103 652 227 695 pulum
244 650 606 684 circumveniundum
623 651 658 682 H
674 650 692 682 Ι
707 649 764 690 41,
783 650 837 682 25.
872 650 1014 682 animus
1029 650 1075 681 ad
1093 650 1329 682 defendunda
1347 661 1392 682 ea
1408 651 1444 682 H
1461 651 1514 682 111
1530 649 1585 690 61,
1598 651 1629 682 7.

104 697 151 729 ad
169 696 359 729 faciliores
378 697 473 728 ictus
490 695 590 728 locos
616 705 794 738 quaerere
819 695 854 726 H
879 696 891 727 i
915 694 969 727 56.
995 708 1044 724 z
1067 695 1114 727 ad
1138 696 1449 728 necessitudinem
1467 697 1522 728 rei
1539 697 1631 728 satis

103 743 242 774 dictum
259 742 283 774 J
302 741 354 782 19,
374 740 407 773 8.
449 741 495 772 ad
511 740 666 782 vigilum
684 741 846 783 speciem
864 740 1007 783 erigere
1025 741 1060 772 H
1077 741 1129 772 111
1145 739 1201 779 67,
1219 741 1252 772 5.
1293 742 1442 773 nomina
1461 741 1508 773 ad
1525 742 1630 784 igna-

102 788 201 820 viam
217 789 402 820 mutantes
419 787 454 818 H
471 786 524 818 111
541 785 600 826 61,
623 785 675 818 13.
699 798 747 813 z
767 785 861 817 nihil
880 786 927 817 ad
943 796 1008 818 vos
1026 786 1050 818 J
1066 785 1129 826 24,
1143 784 1176 817 6.
1197 799 1244 815 z
1269 786 1315 818 ad
1339 787 1630 819 internecionem

101 833 331 866 vastavimus
347 832 383 863 H
398 832 436 863 II
451 829 514 870 96,
532 830 565 863 9.
608 831 655 863 ad
680 831 831 862 exitium
848 840 963 873 usque
980 831 1121 863 tribuni
1138 831 1345 864 dominatus
1364 835 1419 864 est
1445 833 1480 864 H
1503 833 1557 864 III
1572 831 1626 873 61,

106 877 158 910 10.
175 889 223 907 =
238 877 460 920 respondere
480 876 527 908 ad
545 875 572 908 C
590 875 652 917 34,
675 875 705 908 1.
740 876 764 908 J
784 875 841 917 11,
864 876 894 907 1.
921 876 981 916 72,
1004 876 1036 908 1.
1075 877 1191 909 verba
1210 878 1304 909 facit
1321 877 1345 909 J
1361 876 1422 918 83,
1442 878 1476 909 2.
1517 876 1631 910 disse-

103 923 176 955 ruit
193 923 217 955 J
237 922 319 962 101,
340 922 370 954 l.
394 933 440 949 -—-
464 921 512 953 ad
534 921 661 953 urbem
682 921 913 963 inperatores
937 921 964 953 O
990 920 1050 961 30,
1070 921 1102 955 3.
1146 922 1192 954 ad
1217 922 1488 954 Catabathmon
1513 923 1632 965 prima

104 968 248 1001 Curene
267 971 324 1001 est
339 967 364 1000 J
383 965 441 1007 19,
461 966 493 999 3.
537 966 584 998 ad
599 966 752 1008 vigilias
769 966 902 999 multus
920 967 1050 999 adesse
1067 967 1091 998 J
1107 966 1170 1008 96,
1190 967 1222 999 3.
1265 967 1311 1000 ad
1334 968 1433 1000 Iovis
1457 968 1492 1000 H
1517 969 1530 999 i
1555 967 1631 1000 106.

148 1014 306 1054 adaequo.
340 1022 446 1054 quam
464 1011 580 1044 virtus
598 1022 722 1044 eorum
740 1011 876 1044 famam
896 1015 1005 1054 atque
1023 1012 1179 1055 gloriam
1198 1013 1466 1055 adaequaverit
1482 1014 1506 1045 J
1522 1014 1557 1054 4,
1575 1012 1608 1045 6.

148 1059 283 1090 edendo.
313 1058 462 1101 propius
481 1056 508 1089 C
525 1057 588 1097 44,
608 1056 641 1089 6.
667 1057 690 1089 J
707 1056 769 1097 58,
787 1056 820 1089 3.
863 1057 911 1089 ad
934 1057 1060 1089 urbem
1083 1057 1110 1089 O
1135 1056 1196 1097 48,
1223 1059 1255 1090 4.
1299 1059 1345 1090 ad
1362 1059 1590 1100 provinciam
1608 1059 1632 1090 J

102 1103 167 1144 25,
185 1102 217 1135 5.
259 1112 487 1145 quocumque
505 1102 730 1134 adcederent
747 1102 934 1144 equitatus
957 1103 1117 1135 hostium
1134 1103 1158 1134 J
1174 1102 1234 1143 46,
1255 1104 1286 1135 7.
1329 1104 1457 1136 eodem
1474 1104 1633 1136 Numida

104 1148 253 1181 adcedit
269 1149 293 1180 J
313 1147 388 1188 113,
406 1146 439 1179 6.
482 1157 552 1189 quo
569 1147 776 1189 inprovisus
794 1148 942 1190 gravior
958 1147 1158 1180 adcederet
1173 1149 1197 1180 J
1213 1147 1268 1189 88,
1288 1148 1310 1180 6
1327 1149 1466 1189 (rectius
1485 1148 1631 1181 accide-

102 1192 187 1235 ret).
229 1204 299 1235 quo
317 1191 496 1225 adcedam
513 1192 537 1224 J
558 1191 615 1231 14,
638 1191 689 1224 15.
715 1191 764 1224 17.
806 1193 926 1224 Medis
944 1193 1138 1225 adcessere
1156 1193 1296 1226 Libues
1313 1193 1337 1225 J
1358 1193 1416 1234 18,
1435 1193 1467 1225 9.
1510 1194 1630 1236 plera-

104 1249 173 1281 que
190 1238 275 1271 loca
290 1237 476 1270 hostiliter
491 1237 516 1269 J
532 1236 594 1276 20,
613 1236 646 1270 3.
687 1237 900 1279 Iugurtham
918 1238 1067 1270 anxium
1084 1238 1107 1270 J
1121 1237 1182 1277 62,
1206 1238 1236 1270 1¹
1277 1239 1451 1281 placandi
1469 1240 1592 1281 gratia
1608 1240 1632 1271 J

90 1284 158 1324 ,71,
176 1283 211 1315 5.
246 1294 327 1316 811111
344 1293 478 1326 magna
496 1282 731 1314 multitudine
749 1283 773 1314 J
790 1281 845 1322 97,
865 1282 897 1314 3.
933 1283 1136 1325 inperatori
1150 1283 1231 1325 plus
1246 1284 1509 1324 sollicitudinis
1524 1294 1632 1326 quam

104 1328 220 1361 auxili
237 1332 301 1361 aut
317 1329 398 1371 spei
416 1328 533 1360 bonae
551 1327 760 1359 adcedebat
775 1328 799 1359 J
814 1328 869 1368 44,
881 1329 913 1360 2.
955 1329 986 1360 is
1004 1338 1120 1368 novus
1136 1328 1252 1361 hostis
1271 1329 1485 1361 adcesserat
1501 1329 1589 1369 J82,
1602 1329 1630 1360 1.

104 1374 167 1416 qui
183 1378 313 1417 postea
331 1373 562 1406 adcesserint
577 1372 602 1405 J
620 1372 679 1414 17,
700 1373 733 1405 7.
774 1373 857 1406 Huc
876 1373 1084 1406 adcedebat
1101 1374 1356 1406 munificentia
1373 1375 1397 1406 J
1415 1374 1451 1415 7,
1472 1374 1503 1406 7.
1547 1374 1631 1406 Huc

104 1419 313 1452 adcedebat
330 1418 425 1461 quod
442 1417 469 1449 C
491 1417 542 1458 11,
562 1417 593 1449 5.

149 1465 306 1496 adeundo.
338 1464 428 1496 mihi
455 1463 493 1495 111
517 1463 596 1495 dies
622 1463 765 1495 animus
788 1464 907 1506 magis
925 1463 1143 1496 adcenditur
1161 1464 1189 1496 C
1207 1463 1269 1506 20,
1289 1464 1322 1497 6.
1365 1475 1409 1497 ea
1427 1475 1632 1497 conmemo-

104 1509 218 1542 rando
244 1509 400 1541 militum
425 1509 565 1541 animos
591 1508 670 1540 adc.
691 1508 719 1540 C
737 1508 797 1548 59,
825 1508 856 1543 6.
904 1509 1104 1551 Iugurthae
1128 1520 1200 1542 non
1226 1510 1448 1543 mediocrem
1473 1511 1632 1542 animum

103 1554 348 1597 pollicitando
365 1555 389 1587 J
402 1553 436 1595 8,
455 1553 483 1585 1.
526 1554 686 1585 animum
700 1554 748 1586 ad
761 1554 934 1587 virtutem
952 1555 976 1586 J
989 1555 1021 1593 4,
1037 1554 1069 1586 5.
1113 1555 1159 1587 ad
1177 1555 1463 1588 dominationem
1482 1556 1633 1588 adeensi

104 1600 128 1632 J
143 1599 201 1640 31,
213 1599 268 1632 16.
299 1599 422 1632 studia
440 1599 487 1631 ad
505 1598 733 1631 consulatum
750 1599 992 1631 mandandum
1009 1600 1036 1632 O
1050 1600 1151 1641 23,5.
1184 1600 1303 1643 plebis
1316 1602 1474 1633 animum
1493 1602 1517 1633 J
1531 1600 1586 1641 30,
1599 1600 1630 1632 3.

104 1645 244 1677 Bocchi
261 1645 421 1677 animum
439 1644 605 1677 oratione
622 1644 646 1676 J
661 1643 716 1684 81,
738 1644 768 1676 1.
812 1655 893 1677 eum
910 1647 1028 1677 oratio
1047 1646 1229 1678 adcendet
1246 1646 1273 1678 C
1291 1646 1352 1687 51,
1375 1645 1425 1678 10.
1468 1646 1631 1679 lubidine

105 1693 160 1722 sle
178 1690 338 1723 adcensa
356 1690 383 1722 C
401 1689 455 1730 25,
474 1689 507 1722 3.
540 1689 871 1731 pollicitationibus
889 1690 1034 1722 illorum
1050 1691 1074 1723 J
1091 1690 1147 1731 20,
1166 1690 1194 1723 1.
1229 1691 1422 1723 multitudo
1436 1692 1631 1724 vehemen-

106 1738 164 1767 ter
180 1734 342 1767 adcensa
357 1735 381 1767 J
397 1733 454 1775 34,
476 1733 507 1766 1.
547 1734 676 1776 plebes
693 1735 747 1766 sic
765 1735 927 1767 adcensa
943 1736 967 1768 J
984 1735 1044 1776 73,
1058 1734 1091 1767 6.
1128 1737 1297 1778 cupidum
1315 1738 1419 1778 pacis
1436 1737 1631 1769 vehemen—

105 1781 179 1812 tius
197 1780 445 1812 adcenderent
460 1780 484 1812 J
504 1778 578 1819 102,
598 1778 630 1811 3.
673 1779 871 1812 adcensum
888 1781 1133 1822 praemiorum
1151 1792 1215 1824 spe
1233 1782 1268 1814 H
1284 1782 1337 1813 III
1353 1781 1387 1813 8.
1428 1782 1562 1814 bonum
1579 1782 1632 1813 in-

104 1825 255 1867 genium
279 1824 502 1857 contumelia
531 1825 730 1856 adcensum
752 1825 777 1857 J
793 1824 854 1865 82,
880 1825 913 1858 3.
956 1826 1077 1858 studia
1101 1827 1340 1858 Numidarum
1364 1828 1403 1858 in
1419 1827 1632 1869 Iugurtham

106 1870 268 1903 adcensa
283 1871 308 1903 J
324 1869 363 1910 6,
383 1869 415 1902 3.
457 1869 615 1901 Marium
631 1880 696 1912 pro
714 1870 850 1903 honore
875 1889 918 1892 —
942 1874 1070 1903 contra
1094 1871 1284 1904 Metellum
1308 1871 1546 1904 vehementer
1571 1872 1632 1904 ad-

108 1915 285 1948 cenderat
300 1916 324 1948 J
340 1914 402 1955 64,
421 1915 455 1946 4.
495 1915 552 1947 vis
570 1919 780 1957 serpentum
805 1916 868 1947 siti
891 1915 971 1948 ade.
988 1917 1012 1948 J
1028 1915 1088 1956 89,
1108 1916 1141 1948 5.
1177 1927 1223 1949 ne
1241 1917 1383 1959 polluta
1400 1917 1554 1949 licentia
1579 1917 1633 1948 in-

105 1961 245 1994 vidiam
261 1960 485 1993 adcenderet
499 1960 524 1993 J
545 1959 654 1999 15115.
697 1971 741 1992 ex
759 1971 828 2003 quo
846 1971 972 1994 omnes
990 1961 1198 1995 discordiae
1216 1962 1400 1995 adcensae
1418 1963 1454 1994 H
1470 1964 1487 1995 Ι
1504 1962 1560 2004 48,
1579 1962 1632 1994 14.

105 2006 284 2048 proelium
302 2005 507 2038 adcendere
525 2005 562 2037 H
578 2006 613 2037 H
631 2004 684 2037 17.

151 2052 275 2084 adeieo.
307 2062 351 2083 ex
368 2051 478 2083 Latio
503 2051 748 2083 fortissumum
773 2061 951 2094 quemque
979 2052 1102 2085 adcire
1119 2053 1143 2085 J
1167 2051 1231 2093 84,
1251 2053 1283 2085 2.
1326 2063 1545 2095 quamquam
1571 2053 1633 2085 ad-

107 2096 174 2129 citi
189 2097 296 2128 ibant
310 2097 334 2128 J
355 2095 430 2136 102,
448 2095 481 2128 3.
515 2096 655 2129 Sullam
673 2096 834 2129 adcitum
851 2097 875 2129 J
895 2097 971 2138 108,
993 2097 1023 2130 1.

151 2142 312 2174 adcumbo
328 2141 363 2173 H
380 2141 416 2174 II
433 2140 489 2182 23,
507 2141 540 2173 4.
1413 2172 1415 2174 ,

151 2188 344 2265 agguratus.
381 2186 671 2219 adcuratissume
689 2187 830 2230 recepit
845 2188 870 2221 J
890 2186 942 2228 16,
961 2187 993 2221 3.
1030 2189 1205 2222 adcurate
1224 2200 1268 2222 ac
1285 2189 1491 2222 liberaliter
1506 2189 1653 2222 habuit-

105 2233 129 2266 J
150 2232 164 2264 1
216 2256 224 2272 ,
242 2232 274 2264 5.

152 2278 303 2310 adcurro.
336 2276 382 2310 ad
400 2276 538 2310 Sullum
552 2277 714 2310 adcurrit
729 2278 754 2310 J
774 2277 848 2319 106,
868 2279 900 2310 2.
944 2279 1079 2312 auxilio
1099 2281 1175 2312 suis
1191 2281 1215 2313 J
1235 2279 1311 2321 101,
1332 2280 1385 2312 10.

152 2323 247 2355 addo.
280 2323 326 2355 ad
343 2322 411 2355 hoc
428 2322 626 2355 maledicta
644 2322 719 2355 alia
737 2333 818 2356 cum
837 2324 989 2356 adderet
1007 2323 1034 2356 C
1053 2323 1114 2365 31,
1132 2324 1165 2357 8.
1207 2326 1244 2357 in
1268 2326 1454 2358 sententia
1477 2336 1550 2358 non
1574 2325 1636 2357 ad-

107 2368 250 2401 didistis
266 2368 321 2399 uti
338 2367 366 2399 C
385 2368 425 2400 51
438 2391 447 2408 ,
464 2368 497 2399 2.
538 2368 732 2410 praesidiis
752 2368 886 2401 additis
904 2369 932 2402 O
950 2369 1011 2411 50,
1031 2370 1063 2402 4.
1107 2370 1241 2403 additis
1267 2371 1403 2404 auxilio
1428 2372 1594 2414 perfugis
1612 2371 1635 2402 J

107 2412 168 2454 56,
188 2413 221 2445 2.
261 2412 411 2445 multum
429 2413 484 2445 rei
500 2412 672 2455 publicae
691 2414 908 2446 addiderant
923 2415 947 2447 J
964 2415 1020 2455 42,
1042 2415 1071 2447 1.
1109 2415 1259 2448 multum
1284 2417 1415 2449 animis
1434 2427 1554 2448 eorum
1575 2416 1635 2447 ad-

62 2461 67 2464 '
108 2458 200 2491 didit
215 2459 239 2491 J
255 2458 311 2499 75,
321 2457 354 2490 9.
388 2458 475 2490 huic
493 2458 672 2491 severitas
690 2458 908 2502 dignitatem
926 2460 1119 2493 addiderat
1137 2460 1164 2493 C
1183 2462 1238 2501 54,
1250 2462 1282 2494 2.
1317 2473 1449 2494 nomen
1466 2461 1635 2504 gloriam-

109 2514 177 2546 que
195 2503 266 2536 sibi
284 2503 456 2536 addidere
484 2504 508 2536 J
535 2502 593 2543 18,
616 2503 667 2536 12.
709 2504 824 2537 verba
846 2505 1018 2538 virtutem
1035 2516 1107 2538 non
1127 2506 1260 2539 addere
1280 2507 1306 2539 C
1325 2506 1382 2546 58,
1403 2506 1432 2538 1.
1464 2507 1487 2538 J
1504 2506 1558 2545 85,
1579 2505 1635 2536 50.

109 2549 242 2581 ceteris
261 2548 454 2581 audaciam
471 2548 495 2580 J
512 2548 567 2588 94,
585 2549 618 2581 2.
660 2550 740 2592 regi
757 2550 988 2583 formidinem
1004 2552 1028 2584 J
1045 2550 1099 2591 37,
1110 2552 1142 2583 4.
1184 2552 1264 2594 plus
1282 2552 1352 2583 sibi
1370 2551 1510 2584 timoris
1529 2561 1635 2592 quam

107 2595 298 2637 potentiae
314 2594 338 2626 J
354 2594 408 2634 42,
428 2593 460 2625 4.
497 2593 607 2626 alteri
624 2595 771 2636 generis
787 2595 975 2628 humilitas
993 2597 1156 2629 favorem
1175 2607 1208 2628 a.
1227 2597 1251 2628 J
1269 2597 1324 2636 75,
1342 2596 1375 2628 9.

154 2639 291 2671 adduco.
331 2639 377 2671 ad
394 2641 562 2671 senatum
579 2639 607 2671 C
623 2639 686 2681 48,
705 2639 738 2673 3.
781 2640 1013 2673 multitudine
1032 2649 1139 2683 quam
1156 2642 1235 2683 ipse
1256 2642 1457 2673 adduxerat
1475 2640 1502 2671 C
1521 2639 1582 2680 56,
1605 2638 1634 2670 1.

108 2684 147 2716 111
162 2684 368 2717 Numidiam
387 2684 513 2727 copias
529 2685 553 2717 J
569 2683 626 2726 97,
649 2684 677 2717 1.
708 2695 797 2727 quos
813 2686 932 2718 Volux
949 2687 1152 2718 adduxerat
1168 2688 1192 2719 J
1212 2685 1285 2726 101,
1297 2686 1329 2717 2.
1364 2686 1540 2727 perfugas
1558 2685 1636 2717 vin-

109 2731 187 2762 ctos
205 2729 336 2762 adduci
358 2729 383 2762 J
405 2728 467 2770 62,
494 2728 526 2761 6.
553 2729 584 2761 7.
633 2730 847 2772 Iugurtham
871 2731 1035 2764 vinctum
1058 2732 1210 2763 Romam
1229 2731 1360 2762 adduci
1377 2731 1401 2763 J
1422 2730 1494 2770 114,
1515 2729 1547 2762 3.
1590 2729 1636 2761 ad

107 2774 185 2807 tale
201 2774 390 2806 consilium
409 2774 436 2806 C
454 2773 510 2816 40,
524 2773 553 2807 l.
593 2775 632 2806 in
649 2786 751 2818 spem
769 2775 796 2808 C
814 2775 869 2816 40,
888 2777 920 2807 4.
946 2777 971 2808 J
986 2775 1041 2816 29,
1061 2775 1094 2807 3.
1120 2775 1174 2815 37,
1194 2775 1226 2807 3.
1253 2774 1308 2816 48,
1327 2775 1360 2807 2.

153 2820 238 2859 adzo
254 2820 330 2852 adv.
363 2820 540 2852 invidiam
559 2820 811 2853 conflaverant
827 2830 941 2862 usque
961 2821 1051 2852 adeo
1069 2823 1109 2851 ut
1127 2819 1154 2851 O
1172 2819 1228 2859 49,
1238 2820 1272 2852 4.
1306 2820 1482 2862 proelium
1501 2820 1635 2852 adcen-

109 2863 195 2897 dere
214 2864 306 2896 adeo
323 2868 363 2896 nt
379 2865 415 2896 H
430 2865 467 2896 11
487 2864 538 2896 17.
580 2874 729 2906 quorum
748 2866 840 2897 adeo
856 2865 993 2897 Sullam
1010 2875 1036 2898 n
1058 2875 1081 2896 n
1098 2865 1265 2907 paenitet
1282 2865 1316 2896 H
1333 2866 1349 2897 I
1368 2865 1423 2905 41,
1448 2865 1499 2897 19.
1543 2866 1634 2897 adeo

111 2908 280 2942 iuventus
298 2912 477 2951 conrupta
495 2913 552 2942 est
568 2910 604 2940 H
618 2910 636 2942 1
651 2910 704 2942 12.
731 2910 763 2943 V
783 2910 811 2942 1.
845 2909 882 2941 id
900 2909 994 2942 adeo
1087 2934 1095 2950 ,
1107 2910 1139 2942 2.
1152 2909 1204 2942 11.
1223 2909 1310 2950 J65,
1322 2909 1354 2943 3.
1376 2910 1497 2952 110,4.
1517 2910 1635 2951 111,1.

1279 2966 1362 3006 10*
