1812 3268
792 214 927 241 mnnx
1537 199 1620 241 369

95 316 325 346 conmeatum
350 313 572 357 stipendium
596 313 708 356 aliaq.
736 331 778 336 —
802 314 841 345 in
862 313 1028 346 Africam
1050 316 1198 356 portare
1220 313 1245 346 J
1269 311 1330 353 36,
1353 311 1370 344 1
1394 315 1482 346 conl.
1506 311 1569 354 86,
1590 313 1620 345 1.

92 358 148 399 90,
168 359 190 390 2
207 358 285 400 (ubi
302 377 343 382 —-
362 359 580 400 locaverat).
610 358 685 400 104,
703 358 736 392 3.
777 358 1000 401 stipendium
1016 358 1154 391 milites
1173 376 1214 381 —
1231 361 1387 401 poscunt
1403 359 1439 390 H
1454 359 1492 391 ΙΙ
1506 358 1569 397 41,
1586 357 1620 391 6.

93 404 296 436 exercitum
314 404 499 447 stipendio
518 405 738 446 frumentoq.
758 403 850 436 aluit
866 405 901 435 H
918 405 953 436 II
965 403 1026 443 96,
1045 403 1078 436 9.
1122 404 1322 437 exercitum
1340 404 1419 436 sine
1438 404 1621 436 frumento

95 452 132 480 et
148 449 332 491 stipendio
349 449 486 482 habere
505 450 540 482 H
556 450 594 482 11
609 448 673 489 96,
691 447 725 482 3.
764 449 948 482 hominem
964 449 1101 482 nullius
1118 449 1280 492 stipendi
1295 449 1319 482 J
1335 448 1393 490 85,
1413 448 1466 482 10.
1507 449 1622 482 homi-

92 504 159 526 nes
177 495 340 527 emeritis
358 495 593 537 stipendiisJ
608 493 663 534 84,
682 495 715 527 2.
755 494 949 537 stipendiis
968 494 1154 526 faciundis
1170 494 1194 527 J
1210 492 1265 534 63,
1284 493 1317 527 3.
1518 496 1522 497 ⁷

138 540 251 579 stirps.
283 540 409 582 stirpis
432 543 519 572 tuae
544 540 728 572 extinctor
745 540 769 572 J
788 539 847 580 14,
865 539 898 572 9.
941 540 1112 582 quoniam
1137 550 1182 572 ex
1198 540 1314 582 stirpe
1330 540 1555 572 Masinissae
1573 540 1622 572 sit

50 608 53 609 γ
91 585 116 616 J
133 583 188 623 35,
207 584 239 616 2.
282 585 356 616 iam
380 585 427 617 ab
451 585 564 627 stirpe
583 585 723 617 socium
742 588 815 627 atq.
836 585 993 617 amicum
1014 585 1140 628 populi
1157 585 1223 617 Ro.
1242 585 1266 617 J
1287 584 1338 630 14,
1357 585 1390 617 2.
1433 585 1621 628 Carthago

94 630 140 661 ab
158 630 271 672 stirpe
289 630 431 662 interiit
447 629 475 662 C
496 629 548 670 10,
570 629 598 662 l.

137 676 200 706 sto.
232 674 302 707 alis
320 675 411 708 alibi
427 678 569 709 stantes
587 675 614 708 C
633 674 688 715 61,
706 674 738 708 3.
776 678 816 707 ut
832 686 933 708 arma
951 686 1018 708 sua
1035 675 1187 718 quisque
1205 677 1348 720 stantes
1365 675 1621 708 incumberent

93 720 127 751 H
145 720 198 751 III
215 719 270 752 72.
1464 751 1484 758 x

138 765 293 796 stolidus.
330 776 416 808 pars
441 765 575 798 stolida
601 776 645 798 ac
666 765 761 797 levis
784 766 820 797 H
843 767 900 798 III
922 765 984 806 67,
1006 766 1057 798 12.
1105 767 1352 808 perincertum
1381 766 1550 799 stolidior
1573 777 1621 799 an

93 811 226 843 vanior
243 811 277 842 H
293 811 343 843 IV
360 810 414 843 35.
455 810 588 843 stolide
607 814 731 843 castra
747 821 964 854 suggressus
980 812 1015 843 H
1032 812 1082 843 IV
1098 812 1154 843 67.

139 857 308 887 strenuus.
344 866 426 888 cum
449 859 598 888 strenuo
621 857 756 889 virtute
781 857 952 897 certabat
977 856 1004 888 C
1025 857 1081 896 54,
1099 857 1133 889 5.
1173 867 1292 900 neque
1310 868 1358 889 ex
1374 857 1510 900 ignavo
1529 860 1620 890 stre-

93 911 204 933 nuum
220 911 339 943 neque
358 901 489 933 fortem
507 912 552 934 ex
568 901 696 933 timido
715 902 916 934 exercitum
933 901 1013 934 fieri
1031 901 1058 934 C
1076 901 1138 942 58,
1161 902 1190 934 1.
1231 902 1319 935 boni
1335 902 1459 945 maliq.
1479 903 1622 935 strenui

95 950 133 979 et
150 945 308 978 inbelles
324 946 349 978 J
364 945 420 987 67,
439 947 470 979 2.
512 947 651 979 timidis
668 964 711 970 —
729 947 888 979 strenuis
905 947 928 979 J
945 946 1006 987 85,
1025 946 1082 979 50.
1123 948 1264 980 strenui
1283 948 1370 980 boni
1388 947 1415 979 C
1433 947 1541 991 20‚,7.
1582 949 1620 980 in

94 1002 157 1024 ore
179 991 283 1023 ducis
307 1001 391 1024 sese
416 992 568 1034 quisque
593 992 727 1024 bonum
752 995 788 1024 et
818 997 1006 1025 strenuum
1028 996 1260 1025 ostentantes
1284 993 1320 1024 H
1341 993 1355 1025 i
1377 992 1434 1026 63.
1482 993 1623 1026 strenui

95 1036 224 1069 militis
250 1039 286 1068 et
309 1036 398 1069 boni
420 1037 644 1079 inperatoris
667 1036 792 1069 officia
815 1037 924 1070 simul
951 1038 1202 1080 exequebatur
1219 1037 1246 1070 C
1264 1037 1324 1078 60,
1343 1038 1376 1070 4.
1420 1042 1457 1070 et
1480 1039 1621 1081 proelio

94 1086 262 1114 strenuus
281 1085 362 1114 erat
379 1085 416 1114 et
432 1082 548 1114 bonus
566 1082 721 1115 consilio
736 1083 761 1115 J
774 1083 806 1123 7,
816 1083 848 1115 5.
884 1084 1066 1115 exercitus
1083 1083 1201 1126 magis
1219 1086 1388 1116 strenuus
1406 1094 1512 1126 quam
1530 1084 1622 1116 felix

92 1128 116 1160 J
141 1126 205 1167 85,
222 1127 277 1159 45.
320 1137 432 1170 saepe
457 1128 587 1170 paucis
610 1128 770 1160 strenuis
794 1128 986 1160 advorsum
1008 1128 1279 1160 multitudinem
1301 1128 1395 1161 bene
1419 1133 1622 1172 pugnatum

92 1173 117 1205 J
137 1171 211 1212 107,
233 1171 261 1204 1.
303 1177 481 1205 maxumis
499 1173 652 1205 ducibus
671 1173 826 1205 fortibus
844 1174 1039 1215 strenuisq.
1057 1174 1233 1205 ministris
1251 1174 1287 1206 H
1303 1174 1317 1205 i
1332 1173 1408 1206 102.
1442 1174 1619 1215 Silanum,

92 1218 210 1251 virum
227 1217 361 1250 fortem
387 1220 460 1260 atq.
480 1221 667 1250 strenuum
686 1218 713 1250 C
731 1218 793 1258 51,
814 1217 866 1250 16.
889 1230 936 1247 =
960 1219 1224 1251 strenuissumus
1242 1219 1356 1261 quisq.
1374 1220 1566 1252 occiderat
1583 1220 1623 1252 in

93 1262 234 1306 proelio
253 1262 280 1294 C
300 1261 355 1303 61,
375 1263 407 1295 7.
432 1275 479 1290 Ξ
503 1273 573 1306 quo
591 1263 698 1306 plura
714 1264 809 1295 bene
829 1266 901 1305 atq.
919 1266 1058 1296 strenuo
1076 1264 1231 1296 fecisset
1245 1264 1269 1296 J
1287 1264 1341 1304 22,
1360 1264 1393 1297 3.

138 1308 302 1347 strepitus
321 1318 502 1340 armorum
520 1308 566 1340 ad
584 1308 728 1341 caelum
745 1309 835 1340 ferri
850 1309 874 1340 J
890 1307 951 1349 60,
971 1309 1004 1341 2.
1046 1309 1220 1351 strepitus
1240 1309 1454 1342 tumultuosi
1471 1320 1622 1342 sonores

93 1353 129 1385 H
146 1353 202 1385 ΙΙΙ
218 1351 273 1394 67,
293 1353 325 1385 7.
366 1357 516 1386 cunctos
533 1354 689 1396 strepitu
706 1353 865 1386 clamore
884 1354 1039 1386 formido
1058 1357 1211 1396 ceperat
1227 1354 1251 1386 J
1267 1353 1323 1395 99,
1343 1354 1374 1387 3.
1412 1356 1511 1387 omni
1528 1358 1621 1387 stre-

92 1399 173 1441 pitu
190 1408 393 1440 pavescere
409 1399 434 1431 J
451 1398 511 1439 72,
530 1399 562 1430 2.
604 1399 763 1441 strepitu
785 1417 831 1421 —
855 1399 962 1431 alteri
987 1399 1084 1441 apud
1109 1399 1245 1432 alteros
1262 1399 1496 1432 formidinem
1514 1400 1622 1432 simul

94 1448 131 1476 et
154 1442 348 1479 tumultum
371 1444 498 1476 facere
520 1444 544 1476 J
560 1443 623 1483 53,
643 1444 675 1476 7.
717 1444 873 1487 strepitu
895 1448 933 1476 et
956 1444 1111 1477 tumultu
1135 1445 1258 1477 omnia
1281 1446 1484 1478 miscere‘J
1510 1445 1569 1487 12,
1589 1446 1621 1479 5.

93 1499 175 1521 cum
192 1488 403 1521 machinato
420 1489 576 1531 strepitu
593 1490 795 1521 tonitruum
812 1490 847 1521 H
863 1490 899 1521 II
916 1489 972 1530 23,
991 1489 1023 1523 3.

138 1536 261 1574 strupo.
293 1544 396 1566 arma
414 1537 450 1566 et
468 1538 574 1566 scuta
592 1553 634 1558 —
651 1535 808 1567 obfensa
826 1545 893 1577 quo
911 1535 1029 1569 levius
1046 1538 1253 1578 streperent
1268 1535 1292 1568 J
1307 1534 1371 1577 94,
1392 1535 1422 1569 1.
1456 1539 1622 1579 strepere

92 1580 244 1612 vocibus
260 1578 285 1610 J
301 1578 355 1619 98,
374 1578 407 1611 6.
1437 1583 1440 1585 ’

138 1625 267 1656 studeo.
299 1634 382 1666 neq.
401 1624 547 1656 studere
564 1635 647 1667 neq.
666 1625 787 1658 odisse
799 1650 807 1665 ,
827 1628 884 1657 set
900 1625 1058 1658 minume
1076 1626 1189 1658 irasci
1208 1626 1317 1658 decet
1335 1625 1362 1658 C
1380 1626 1443 1667 51,
1466 1626 1517 1660 13.
1558 1637 1621 1659 no-

92 1670 149 1702 vis
168 1669 278 1702 rebus·
292 1669 437 1701 studere
454 1669 478 1701 J
495 1670 556 1710 77,
580 1669 608 1703 1.
641 1670 777 1712 pabulo
794 1671 938 1713 pecoris
956 1672 1072 1713 magis
1091 1681 1198 1713 quam
1216 1681 1304 1704 arvo
1321 1672 1507 1704 studentJ
1522 1671 1579 1711 90,
1594 1672 1621 1704 1.

94 1715 155 1757 qui
178 1715 327 1747 student
351 1724 433 1746 sese
459 1718 651 1757 praestare
675 1716 811 1747 ceteris
837 1715 1059 1748 animalibus
1078 1715 1104 1748 C
1128 1716 1162 1756 l,
1184 1715 1213 1748 1.
1254 1717 1389 1748 mutari
1406 1717 1530 1749 omnia
1547 1721 1622 1749 stu-

92 1761 181 1792 dent
199 1759 226 1791 C
244 1759 299 1800 37,
319 1758 351 1792 3.

138 1805 294 1837 studium.
324 1805 379 1836 uti
397 1805 539 1847 cuiusq.
558 1807 602 1837 st.
623 1815 667 1836 ex
685 1807 812 1837 aetate
830 1805 1013 1848 flagrabat
1031 1805 1058 1837 O
1079 1805 1131 1846 14,
1151 1804 1183 1838 6.
1224 1806 1263 1838 in
1281 1806 1400 1838 altera
1417 1809 1523 1848 parte
1542 1809 1623 1838 erat

92 1868 136 1874 —-
154 1854 198 1883 st.
217 1850 305 1882 belli
323 1850 350 1882 C
368 1849 424 1891 41,
443 1851 476 1881 2.
511 1850 643 1882 Catoni
662 1853 741 1881 erat
758 1854 803 1882 st.
823 1851 1038 1891 modestiae,
1058 1851 1216 1892 decoris,
1235 1852 1448 1884 severitatis
1468 1851 1495 1883 C
1513 1852 1569 1892 54,
1587 1852 1620 1884 5.

93 1895 252 1927 studium
270 1895 325 1927 rei
341 1906 375 1937 p.
395 1895 519 1928 omnia
535 1898 688 1938 superat
702 1896 726 1927 J
743 1894 803 1936 31,
827 1895 842 1926 1
867 1899 954 1928 conl.
980 1895 1145 1928 Silanum
1169 1906 1262 1938 quae
1280 1897 1414 1929 dixerit
1431 1897 1550 1930 studio
1568 1897 1623 1929 rei

93 1952 129 1983 p.
149 1941 286 1973 dixisse
306 1940 397 1980 051,
412 1939 462 1973 16.
497 1951 566 1983 quo
585 1940 742 1972 studium
760 1951 863 1973 suum
880 1941 919 1972 in
935 1951 1011 1972 rem
1027 1952 1062 1983 p.
1083 1941 1220 1973 clarius
1235 1945 1334 1974 esset
1352 1941 1379 1974 C
1397 1941 1453 1982 49,
1464 1942 1498 1974 4.
1533 1952 1622 1984 quos

92 1996 271 2018 novarum
295 1996 413 2018 rerum
438 1986 597 2018 studium
623 1986 670 2017 ad
687 1985 823 2018 bellum
846 1986 1030 2018 inlexerat
1046 1986 1074 2018 C
1091 1986 1151 2026 57,
1175 1985 1190 2017 l
1208 1989 1294 2019 conl.
1313 1986 1368 2024 37,
1389 1987 1435 2019 1.·
1459 1988 1623 2020 ‘avaritia

92 2031 276 2074 pecuniae
301 2031 461 2063 studium
483 2031 597 2063 habet
621 2030 648 2062 C
677 2030 734 2070 ll,
760 2030 792 2063 3.
834 2034 874 2063 ut
897 2034 943 2063 st.
969 2031 1234 2064 coniurationis
1258 2032 1496 2064 vehementer
1512 2032 1642 2065 simu-v

93 2076 171 2108 lent
189 2076 215 2108 C
233 2076 295 2116 41,
315 2076 347 2108 5.
374 2087 420 2108 ne
439 2076 518 2119 quis
543 2076 738 2108 existumet
761 2080 895 2108 memet
918 2077 1076 2108 studium
1100 2087 1219 2109 meum
1235 2077 1420 2110 laudando
1445 2078 1622 2110 extollere

92 2122 116 2154 J
141 2122 181 2161 4,
200 2122 234 2153 2.
283 2132 364 2154 cum
389 2125 530 2161 cetera,
562 2125 639 2153 tum
669 2131 836 2153 maxume
868 2122 1139 2164 benignitatem
1169 2125 1208 2154 et
1236 2123 1395 2154 studium
1419 2123 1544 2155 Sullae
1568 2123 1622 2155 lu-

93 2167 185 2198 bens
210 2167 357 2209 accepit
380 2167 404 2199 J
424 2165 506 2207 104,
526 2165 557 2199 3.
598 2166 736 2198 Bocchi
753 2177 945 2208 proxumos
963 2167 1010 2199 ad
1026 2167 1185 2199 studium
1209 2168 1265 2199 sui
1282 2168 1454 2210 perducit
1468 2168 1493 2201 J
1508 2166 1569 2208 80,
1589 2168 1622 2201 3.

95 2211 394 2244 adulescentulus
416 2230 462 2234 —
484 2211 603 2243 studio
628 2211 675 2243 ad
698 2222 774 2243 rem
797 2222 830 2253 p.
854 2211 952 2244 latus
976 2222 1055 2244 sum
1079 2212 1106 2245 C
1131 2211 1170 2252 3,
1186 2211 1219 2245 3.
1261 2212 1456 2255 Saguntini
1481 2215 1622 2246 maiore

93 2257 214 2289 studio
233 2267 340 2299 quam
358 2256 489 2299 opibus
506 2257 541 2288 H
558 2257 596 2288 11
613 2255 668 2287 21.
702 2267 759 2289 me
784 2257 830 2288 ad
852 2257 923 2289 hoc
946 2257 1083 2289 bellum
1107 2258 1245 2290 maiore
1270 2259 1391 2290 studio
1410 2269 1518 2301 quam
1538 2270 1622 2292 con-

94 2301 176 2334 silio
199 2302 405 2344 profectum
430 2302 465 2333 H
487 2302 523 2333 11
545 2300 607 2341 96,
627 2302 659 2334 4.
700 2302 819 2334 studio
842 2302 992 2345 legundi
1015 2302 1195 2345 paulatim
1220 2303 1267 2335 ad
1291 2313 1467 2336 summum
1491 2305 1623 2337 montis

95 2357 266 2389 egressus
285 2351 341 2379 est
357 2347 380 2379 J
397 2346 453 2384 93,
471 2347 504 2379 2.
546 2346 674 2389 plebes
698 2357 872 2379 novarum
895 2358 1014 2380 rerum
1031 2348 1152 2381 studio
1171 2348 1356 2381 Catilinae
1373 2349 1526 2392 incepta
1542 2361 1623 2393 pro-

94 2392 210 2423 babat
227 2391 254 2423 C
273 2391 328 2432 37,
351 2391 381 2423 1.
422 2391 496 2423 illis
514 2392 634 2424 studio
657 2402 802 2424 suorum
827 2393 1014 2425 adstrictis
1030 2393 1054 2426 J
1069 2392 1125 2433 60,
1145 2392 1177 2426 6.
1218 2394 1338 2426 studio
1356 2394 1487 2426 tal1um
1504 2405 1623 2427 rerum

94 2437 243 2468 incitati
259 2437 284 2468 J
299 2435 355 2477 66,
374 2437 407 2468 4.
448 2437 660 2469 dominandi
678 2437 796 2470 studio
813 2439 979 2480 permota
996 2438 1023 2470 C
1041 2437 1095 2478 33,
1116 2438 1148 2471 3.
1185 2438 1216 2470 si
1232 2438 1440 2470 hominibus
1458 2457 1500 2461 —-
1518 2443 1624 2471 tanta

96 2492 185 2513 cura
204 2484 319 2522 esset,
347 2485 484 2524 quanto
508 2482 630 2514 studio
649 2482 772 2515 aliena
789 2501 831 2506 —-
848 2487 980 2526 petunt
994 2484 1017 2515 J
1038 2483 1070 2523 l,
1091 2484 1122 2515 5.
1165 2483 1211 2514 ad
1236 2493 1281 2514 ea
1304 2484 1488 2525 patranda
1509 2484 1624 2516 omnis

94 2527 228 2560 civitas
246 2537 383 2559 summo
401 2527 522 2559 studio
540 2527 778 2560 adnitebatur
791 2529 816 2560 J
824 2529 879 2569 43,
888 2529 920 2561 4.
955 2529 1050 2570 quod
1070 2545 1106 2550 -—
1128 2527 1298 2559 idoneum
1315 2528 1523 2568 videbatur,
1543 2539 1625 2560 cum

94 2582 234 2604 summo
252 2572 373 2604 studio
391 2572 488 2605 domi
505 2572 780 2614 exequebantur
797 2573 824 2606 C
842 2573 904 2614 51,
924 2573 979 2606 38.
1022 2583 1044 2605 a
1070 2583 1139 2615 quo
1164 2573 1313 2614 incepto
1331 2573 1487 2614 studioq.
1506 2584 1564 2605 me
1581 2591 1623 2596 —-

95 2617 250 2649 ambitio
280 2617 493 2650 detinuerat
518 2617 545 2650 C
569 2618 608 2658 4,
627 2618 659 2650 2.
707 2629 766 2651 res
797 2622 952 2651 cunctae
982 2619 1140 2659 omniaq.
1166 2617 1288 2648 studia
1311 2620 1438 2649 nostra
1461 2619 1624 2660 corporis

95 2662 182 2700 alia,
202 2661 278 2694 alia
297 2663 411 2694 animi
427 2666 597 2695 naturam
614 2666 790 2695 secuntur
804 2664 828 2696 J
844 2664 883 2702 2,
907 2663 935 2695 1.
978 2663 1015 2694 in
1040 2666 1157 2704 utroq.
1177 2663 1296 2704 magis
1314 2662 1436 2694 studia
1452 2664 1622 2705 partium,

95 2717 204 2748 quam
221 2707 318 2739 bona
337 2710 401 2739 aut
417 2707 516 2740 mala
533 2718 600 2740 sua
617 2708 808 2741 moderata
825 2709 848 2741 J
866 2708 927 2748 73,
946 2708 967 2738 4
992 2710 1077 2739 conl.
1094 2707 1118 2738 J
1135 2707 1191 2746 42,
1209 2707 1242 2739 5.
1283 2707 1338 2738 uti
1355 2707 1487 2740 studiis
1505 2708 1624 2740 civili-

95 2752 163 2783 bus
188 2751 326 2783 bellum
350 2756 424 2794 atq.
449 2753 607 2785 vastitas
632 2753 765 2785 Italiae
791 2753 899 2785 finem
923 2752 1067 2784 faceret
1088 2752 1112 2783 J
1132 2751 1173 2791 5,
1192 2752 1226 2783 2.
1266 2752 1408 2784 Marius
1432 2753 1626 2785 videbatur

96 2796 217 2828 studia
234 2796 334 2839 volgi
352 2799 551 2830 amissurus
567 2799 591 2830 J
607 2797 663 2838 84,
682 2797 715 2830 3.
758 2808 802 2830 ea
822 2808 882 2830 res
899 2797 1021 2829 studia
1038 2797 1222 2829 hominum
1241 2797 1413 2829 adcendit
1432 2798 1478 2829 ad
1496 2808 1624 2830 consu-

96 2841 211 2918 hlium
235 2841 481 2918 mzngagdum
507 2860 544 2865 —
566 2843 738 2875 Ciceroni
757 2842 784 2874 C
801 2841 863 2882 23,
883 2842 915 2874 5.
958 2842 1079 2874 studia
1096 2842 1332 2874 Numidarum
1356 2842 1394 2874 in
1410 2843 1626 2886 Iugurtham

98 2897 121 2919 a
147 2896 260 2918 censa
341 2911 349 2927 ,
393 2910 402 2918 .
438 2913 441 2915 .

195 2953 376 2988 SALLus'r.
402 2964 461 2986 nn.
486 2955 668 2987 Dmrscn.
717 2955 765 2986 II.
1300 2944 1354 2983 24
