1838 3288
332 237 633 266 msromARvu
665 223 837 265 incnn‘r.
868 237 1043 265 LIBROR.
1067 237 1212 270 ano.
1245 230 1427 268 27—32.
1557 224 1634 266 129

227 334 280 375 27
309 335 389 388 [Kr.
410 339 453 375 111
474 342 529 376 73.
561 339 600 376 G.
622 340 635 376 1
661 337 736 390 76].
795 337 869 383 Qui
898 338 1007 378 nullo
1038 342 1146 378 certo
1172 337 1286 378 exilio
1315 336 1568 388 vagabantur.

225 413 326 447 Serv.
347 415 393 447 ad
409 415 519 458 Verg.
540 415 583 448 A.
600 417 620 449 1
636 415 669 448 2.
694 416 751 448 De
779 417 853 456 eis,
880 417 942 459 qui
966 417 1089 459 patria
1115 417 1225 449 eiecti
1251 419 1389 450 certum
1412 416 1633 450 (101111011111111

110 468 183 490 11011
212 457 420 499 habebant,
458 461 532 493 dici
563 461 861 504 apertissumum3
899 461 986 494 talis
1017 472 1056 494 se
1089 473 1169 494 cum
1201 462 1369 505 fugitivis
1401 462 1632 496 coniunxisse

109 503 337 544 incredibile,
366 505 413 537 ad
436 505 635 538 Sertorium
661 506 862 538 accessisse
888 507 966 538 veri
990 507 1126 546 simile3
1154 511 1193 539 at
1217 507 1329 539 etiam
1345 508 1547 550 piratarum
1573 518 1632 540 co-

109 548 194 590 piae
225 559 292 591 per
321 549 410 581 talis
443 553 576 582 auctae
607 554 691 583 sunt
722 549 867 591 (Drum.
893 551 944 583 IV
969 563 1003 593 p.
1030 551 1128 592 395).
1190 552 1271 592 Qua
1297 562 1335 584 re
1365 552 1456 584 haut
1484 563 1632 595 prorsus

109 593 238 636 inepta
262 594 407 627 videtur
430 595 599 638 suspitio,
623 595 692 627 hoc
718 595 763 627 fr.
790 606 870 627 cum
895 596 932 628 II
957 595 1002 628 94
1029 597 1323 639 coniungendum
1349 607 1443 630 esse.

222 671 274 711 28
306 671 387 725 [Kr.
403 675 447 711 IV
465 678 520 711 25.
554 676 593 712 G.
611 676 625 712 Ι
640 673 717 726 68].
741 730 744 734 .
764 674 1053 714 Festinantibus
1070 676 1107 714 in
1127 687 1278 714 summa
1294 676 1422 727 inopia
1440 676 1629 727 patribus.

219 751 353 783 Donat.
382 752 429 784 ad
453 753 537 784 Ter.
563 753 656 784 Eun.
683 753 739 784 ΙΙΙ
763 753 796 792 4,
822 752 861 784 8:
889 752 976 792 Quid
994 751 1185 795 festinas?]
1210 754 1399 795 Properas,
1424 755 1574 788 turbaris
1597 760 1631 787 et

105 796 286 837 trepidas?
310 795 509 829 Sallustius:
523 797 608 830 fest.
622 815 668 820 —
680 798 858 840 patribus.
893 798 1056 830 Kritzius
1068 798 1162 830 haec
1176 799 1293 831 verba
1309 799 1355 830 ad
1370 810 1451 831 eam
1469 801 1629 843 inopiam

104 840 258 880 rettulit,
283 841 323 873 in
347 851 418 883 qua
442 845 594 874 senatus
619 842 690 874 fuit
707 853 787 875 curn
805 842 973 875 consules
991 843 1096 875 ambo
1116 843 1162 875 ab
1180 843 1360 885 Spartaco
1383 845 1474 877 victi
1493 849 1628 886 essent,

104 887 145 916 ut
168 885 347 928 inperium
372 886 464 919 belli
486 887 713 920 necessitate
739 882 794 930 (ἐξ
818 881 992 930 οἷνοῖγκης
1016 887 1112 919 Plut.
1140 891 1255 930 comp.
1282 889 1362 921 Nic.
1390 893 1427 921 et
1445 889 1568 923 Crass.
1593 889 1628 932 3)

105 934 256 962 coactus
282 931 329 963 ad
351 931 400 966 M.
427 931 599 964 Crassum
623 932 796 965 deferret.
852 933 915 965 Set
948 935 1046 964 certe
1077 943 1151 965 non
1181 934 1297 965 minor
1327 938 1470 976 patrum
1502 935 1630 978 inopia

104 974 195 1015 fuit,
219 975 283 1007 ubi
308 976 502 1010 advorsum
525 977 574 1009 M.
600 977 794 1010 Aemilium
818 978 997 1020 Lepidum
1022 977 1091 1010 Gn.
1116 978 1292 1020 Pompeio
1318 989 1398 1010 cum
1424 980 1467 1019 Q.
1495 980 1628 1012 Catulo

102 1019 284 1062 inperium
309 1021 441 1054 dedere
468 1021 606 1063 (Drum.
631 1023 682 1055 IV
705 1034 740 1065 p.
767 1021 867 1064 343),
896 1023 942 1055 ad
967 1033 1075 1065 quam
1099 1033 1174 1054 rem
1201 1023 1419 1056 Gerlachius
1444 1025 1627 1067 fragmen-

101 1067 178 1096 tum
202 1066 362 1105 rettulit,
395 1077 464 1099 nec
488 1067 621 1107 minor,
655 1078 737 1099 cum
762 1067 917 1100 eundem
941 1067 1154 1110 Pompeium
1185 1068 1224 1099 in
1249 1068 1467 1111 Hispaniam
1500 1074 1628 1102 contra

101 1108 300 1143 Sertorium
323 1111 455 1144 misere
481 1111 622 1154 (Drum.
647 1112 672 1145 l.
700 1123 731 1144 c.
756 1124 792 1156 p.
818 1111 910 1155 361).

210 1176 268 1230 v29
300 1189 388 1243 [Kr.
404 1192 448 1228 IV
463 1195 520 1229 45.
550 1193 589 1230 G.
610 1194 679 1232 inc.
698 1191 773 1244 10].
822 1185 926 1231 Haut
945 1192 1098 1242 inpigre
1119 1203 1308 1241 puqnans
1330 1204 1459 1244 neque
1481 1193 1627 1233 inultus

101 1256 303 1296 occiditur.

210 1335 346 1368 Donat.
374 1336 421 1368 ad
444 1337 529 1369 Ter.
555 1337 666 1375 Andr.
691 1337 709 1368 Ι
733 1335 770 1374 3.
796 1335 859 1369 34:
893 1339 990 1370 Duae
1018 1340 1216 1379 negationes
1242 1339 1378 1379 faciunt
1400 1350 1498 1371 unam
1522 1341 1626 1381 adfir-

99 1381 271 1412 mativam:
293 1385 367 1413 tres
391 1386 567 1423 negativae
590 1393 655 1425 pro
672 1393 739 1414 una
755 1383 912 1425 neyutiva
927 1383 1160 1424 accipiuntur:
1183 1384 1290 1416 ut=hic
1306 1386 1424 1427 ‘neque
1439 1385 1519 1416 haut
1535 1387 1624 1417 non'.

99 1423 298 1458 Sallustius.-
323 1425 413 1458 haut
436 1427 591 1470 impigre
615 1438 735 1469 neque
759 1427 895 1460 inultus
919 1427 1111 1460 occiditur.
1161 1428 1252 1460 Cum
1282 1429 1383 1461 nullo
1414 1430 1520 1462 modo
1543 1441 1625 1472 pro—

98 1469 180 1502 bari
204 1471 321 1512 possit
344 1471 478 1503 Kritzii
502 1474 706 1505 sententia:
733 1473 813 1504 haut
836 1474 970 1517 inpigre
989 1474 1158 1506 ocm‘ditur
1182 1483 1281 1506 esse:
1309 1473 1411 1506 ‘haut
1435 1475 1540 1507 facili
1563 1485 1626 1507 ne-

98 1514 197 1557 gotio
215 1516 417 1556 occiditur',
444 1517 503 1556 cui
520 1518 613 1550 adeo
632 1518 807 1550 adiuncta
832 1518 946 1550 verba
962 1529 1069 1561 neque
1086 1519 1209 1551 inultus
1226 1518 1387 1559 obstant,
1404 1529 1478 1552 non
1494 1530 1626 1552 vereor

97 1569 143 1591 ne
167 1560 207 1592 in
229 1561 452 1594 temeritatis
478 1562 616 1595 crimen
640 1563 840 1600 incurram,
868 1573 949 1595 cum
972 1563 1057 1595 huic
1081 1563 1164 1596 loeo
1190 1564 1343 1596 eandem
1368 1574 1478 1607 quam
1501 1564 1625 1597 multis

99 1603 183 1637 aliis
207 1605 388 1638 medelam
414 1607 660 1640 adhibendam
685 1618 870 1640 censeam.
918 1609 976 1640 De
1002 1607 1173 1650 Spartaci
1198 1612 1313 1641 morte
1338 1609 1433 1642 haec
1456 1610 1518 1642 vix
1537 1613 1624 1652 apte

97 1649 172 1681 diei
183 1650 380 1691 videntur,
416 1652 549 1694 quippe
583 1653 644 1695 qui
676 1656 776 1685 certe
801 1653 840 1685 in
864 1656 979 1686 morte
1005 1653 1154 1685 easdem
1177 1654 1307 1686 laudes
1334 1655 1508 1687 meruerit
1533 1665 1623 1697 quas

97 1693 186 1726 Sall.
214 1694 399 1728 Catilinae
430 1697 572 1729 tribuit.
620 1698 698 1730 Nec
729 1698 926 1740 quidquam
951 1698 1093 1739 obstat,
1125 1709 1194 1741 quo
1226 1699 1345 1731 minus
1376 1699 1471 1732 haec
1505 1699 1549 1732 de
1574 1700 1620 1731 D.

96 1738 205 1772 Laeli
228 1740 380 1773 interitu
403 1740 463 1782 (fr.
488 1742 527 1774 II
552 1741 607 1782 16)
633 1743 733 1775 dicta
757 1743 948 1786 opinemur
970 1743 1099 1775 fuisse.

210 1817 264 1858 30
296 1819 376 1872 [Kr.
401 1822 428 1858 V
450 1825 482 1858 3.
512 1823 551 1858 G.
574 1823 642 1860 inc.
668 1821 745 1874 79].
804 1821 994 1861 Prohibet
1023 1834 1168 1862 nocere
1200 1835 1393 1862 venenum
1420 1824 1527 1875 quod
1553 1823 1623 1863 tihi

37 1880 41 1882 ”
96 1885 224 1925 datur.

207 1963 506 1999 Conmemoravit
527 1966 623 2000 haec
649 1967 763 2000 verba
781 1967 941 2000 Gramm.
960 1969 1034 2001 1110.
1054 1968 1098 2001 de
1124 1969 1322 2011 generibus
1338 1969 1523 2001 nominum
1540 1972 1622 2011 post

94 2008 204 2042 Ovidi
234 2010 399 2043 Halieut.
433 2011 490 2044 ed.
522 2013 660 2055 Haupt.
693 2024 729 2056 p.
759 2012 834 2045 104.
868 2014 925 2045 ed.
953 2013 1040 2046 Otto
1064 2025 1100 2056 p.
1128 2012 1183 2046 58.
1226 2013 1373 2046 Ottonis
1397 2014 1620 2046 sententiam

93 2054 209 2087 verba
232 2055 346 2088 fuisse
372 2066 417 2088 ex
442 2057 601 2099 epistula
626 2057 784 2100 quadam
807 2058 1032 2091 Mithridatis
1056 2058 1122 2090 lib.
1139 2059 1176 2090 H
1196 2057 1306 2100 (conl.
1330 2058 1446 2092 schol.
1466 2059 1512 2091 ad
1529 2060 1619 2091 Luc.

93 2099 222 2133 Phars.
247 2101 266 2132 1
290 2099 371 2142 337)
396 2103 490 2134 satis
515 2102 673 2145 explosit
696 2102 872 2135 Kritzius.
922 2103 1000 2136 Nec
1024 2106 1148 2136 tamen
1172 2104 1291 2146 magis
1321 2103 1448 2146 placet
1472 2104 1566 2146 quod
1589 2104 1621 2136 is

91 2143 172 2186 ipse
198 2146 352 2186 censuit,
379 2147 492 2179 verba
516 2157 597 2180 esse
622 2147 757 2180 medici
781 2148 945 2189 Scythici
967 2148 1177 2181 Mithridati
1200 2149 1403 2188 suadentis,
1427 2152 1469 2180 ut
1492 2149 1622 2182 volnus

92 2199 196 2222 suum
213 2194 421 2233 serpentum
438 2202 580 2224 veneno
598 2193 720 2225 curari
742 2196 933 2235 pateretur
957 2192 1063 2236 (App.
1082 2193 1117 2226 b.
1134 2194 1183 2225 M.
1201 2192 1246 2225 88
1262 2205 1297 2236 p.
1315 2193 1460 2235 395,·5).
1502 2193 1620 2227 Credo
1636 2233 1638 2235 Ι

91 2235 215 2278 potius
238 2235 454 2268 Sallustium
477 2237 718 2280 descripsisse
741 2237 895 2270 herbam
919 2238 1034 2278 illam,
1062 2249 1170 2281 quam
1188 2249 1253 2281 pro
1271 2238 1437 2271 antidoto
1454 2239 1621 2271 habitam

91 2279 281 2322 ipsamque
306 2281 573 2314 Mithridatiam
596 2286 768 2315 vocatam
793 2283 946 2326 scripsit
969 2283 1065 2316 Plin.
1091 2284 1139 2315 H.
1165 2284 1208 2316 N.
1235 2284 1337 2316 XXV
1360 2283 1394 2324 6,
1419 2282 1464 2316 26
1488 2282 1573 2327 (62).

206 2359 256 2399 31
291 2358 381 2412 [Kr.
407 2362 435 2397 V
455 2365 488 2398 5.
518 2363 558 2399 G.
584 2363 654 2401 inc.
676 2360 730 2414 4].
788 2361 838 2401 Et
864 2363 904 2401 in
929 2361 1089 2413 proeliis
1117 2366 1208 2402 actu
1239 2367 1460 2414 promptus.

203 2437 342 2471 Donat.
375 2438 423 2470 ad
452 2439 536 2471 Ter.
562 2439 656 2472 Eun.
683 2439 735 2471 IV
759 2440 798 2481 7,
827 2439 886 2473 13:
918 2440 1054 2473 Irm'det
1085 2442 1215 2484 quidem
1242 2444 1363 2483 poeta,
1396 2446 1618 2474 verumtamen

91 2483 240 2516 ostendit
262 2483 408 2524 officium
432 2484 650 2525 imperatoris
674 2485 736 2518 hoc
760 2496 851 2523 esse,
882 2496 924 2518 ne
955 2489 989 2518 in
1008 2488 1167 2528 pericula
1189 2497 1227 2518 se
1249 2488 1410 2528 proiciat.
1461 2486 1520 2518 Sic
1544 2485 1620 2518 Sal-

91 2528 209 2560 tumim
233 2530 271 2560 et
293 2527 332 2560 in
356 2546 399 2550 —
423 2532 624 2572 promptus.
670 2530 806 2562 Parum
830 2531 909 2563 veri
933 2531 1064 2563 similis
1089 2534 1146 2563 est
1169 2531 1417 2563 Lindemanni
1443 2531 1490 2562 ad
1513 2531 1618 2563 Arus.

92 2581 128 2614 p.
153 2571 220 2605 243
243 2573 400 2616 suspitio
415 2572 511 2606 baec
528 2574 643 2607 verba
661 2575 910 2608 continuanda
928 2585 1010 2608 esse
1028 2585 1110 2608 cum
1128 2576 1172 2608 fr.
1191 2576 1224 2607 V
1240 2575 1273 2616 3,
1293 2586 1373 2607 cum
1391 2576 1454 2617 qui
1471 2578 1619 2618 septua-

92 2618 264 2660 genarius
288 2621 450 2651 armatus
474 2629 607 2661 equum
630 2619 817 2652 insiluisse
835 2620 954 2653 dictus
972 2621 1031 2661 sit,
1059 2631 1139 2653 eum
1167 2624 1253 2653 actu
1275 2624 1479 2663 promptum
1505 2619 1618 2651 fuisse

92 2662 183 2695 satis
207 2662 398 2706 adpareat.
445 2663 495 2696 Et
516 2663 649 2698 multos
673 2665 839 2707 profecto
863 2665 975 2698 duces
1000 2665 1197 2698 Sallustius
1222 2666 1261 2697 in
1284 2665 1448 2696 historiis
1474 2674 1616 2696 conme-

92 2707 259 2748 moravit,
285 2707 330 2740 de
356 2708 486 2751 quibus
510 2709 576 2742 illa
601 2710 814 2743 rectissume
841 2710 1060 2743 dicerentur.

207 2763 260 2826 35
292 2786 372 2839 [Kr.
394 2789 422 2824 V
448 2792 500 2825 15.
531 2790 570 2826 G.
591 2790 636 2826 IV
653 2788 731 2841 36].
792 2789 1129 2840 Cupientissumus
1158 2787 1266 2837 legis.

205 2864 373 2897 Diomed.
398 2876 434 2907 p.
460 2865 523 2898 311
550 2866 645 2898 haec
669 2867 784 2899 verba
808 2866 959 2908 protulit
976 2865 1179 2907 exemplum
1202 2865 1375 2907 participi
1401 2875 1480 2896 cum
1506 2875 1616 2908 gene-

95 2907 169 2940 tivo
193 2908 320 2941 iuncti.
370 2909 461 2942 Cum
486 2921 530 2943 ex
554 2911 745 2943 Diomedis
769 2911 851 2943 loco
875 2910 988 2943 statui
1013 2921 1084 2942 non
1099 2909 1240 2949 Jiceat,
1268 2909 1480 2942 adiunctum
1504 2910 1616 2943 fuisse

185 2975 366 3010 Ssuusr.
391 2987 451 3009 sn.
475 2978 658 3010 Dm‘rscu.
707 2978 755 3010 II.
1318 2967 1343 3007 9
