1838 3288
242 243 319 284 122
381 256 678 284 msromARVM
701 256 784 281 LlB.
812 256 835 282 v
865 249 919 285 16.
957 256 1130 283 monsr-
1152 257 1326 286 menon.
1345 259 1488 292 RELIQ.
1512 255 1543 288 1.
1559 254 1593 290 2.

238 357 409 389 ctoritate
435 356 609 388 advorsus
638 354 810 397 populum
841 356 1003 396 steterit,
1037 356 1283 399 conruptionis
1308 359 1527 392 mentionem
1551 359 1752 402 iniecisset,

239 412 317 432 cum
343 400 539 433 verendum
566 404 674 438 esset,
701 410 746 431 ne
771 400 923 442 populus
947 400 1030 433 illos
1054 401 1171 444 ipsos,
1198 402 1258 444 qui
1282 405 1522 445 optumatium
1546 408 1672 447 partes
1696 416 1752 438 se-

238 448 445 487 querentur,
471 447 545 476 tam
570 445 694 487 pravis
719 444 922 477 rationibus
945 446 999 478 uti
1025 446 1201 478 clamaret
1226 446 1312 488 (vid.
1340 448 1383 479 fr.
1401 447 1451 489 9).
1499 449 1649 482 Rectius
1666 450 1753 482 mihi

238 490 380 531 quidem
405 489 470 521 illa
493 490 608 522 verba
632 490 801 522 videntur
823 490 952 527 haberi
975 490 1016 530 A.
1040 491 1186 532 Gabini,
1215 492 1444 526 adversarios
1468 503 1552 526 suos
1577 493 1637 536 (L.
1664 495 1751 528 Tre-

235 534 383 566 bellium
408 534 583 577 intellege
610 537 646 567 et
670 536 712 567 L.
738 535 911 567 Roscium
935 535 1131 578 Othonem)
1157 537 1448 580 perstringentis.

352 614 401 653 16
434 613 513 666 [Kr.
536 618 593 652 20.
623 616 661 652 G.
683 613 736 683 7'].
786 613 884 653 Nam
905 615 937 654 si
966 615 1005 654 in
1025 613 1211 666 Pompeio
1239 616 1331 668 quid
1362 616 1522 657 humani
1553 619 1752 664 evenisset.

346 691 449 724 Arus.
475 703 510 734 p.
536 691 622 724 ⁶228:
649 694 756 725 evenit
781 697 813 724 in
838 694 905 725 illo.
949 693 1038 726 Cum
1056 693 1224 726 Catulum
1243 698 1386 727 constet
1405 686 1517 728 talem
1534 697 1754 736 sententiam

234 737 271 768 in
297 738 485 777 contione,
520 748 590 779 qua
616 738 659 770 de
687 738 754 770 Gn.
782 738 933 780 Pompei
963 739 1105 781 inperio
1132 742 1253 771 actum
1279 743 1352 780 est,
1379 741 1513 773 dixisse
1539 741 1677 783 (Drum.
1703 742 1755 775 IV

233 793 266 825 p.
293 782 370 814 404.
398 783 561 815 Momms.
588 783 640 815 111
664 794 698 827 p.
729 782 818 825 103),
847 793 914 826 quo
940 784 1136 817 referunda
1160 784 1241 818 sint·
1257 785 1371 819 verba
1395 786 1541 819 dubium
1564 797 1637 820 non
1662 789 1730 820 est.
1787 787 1790 790 ’

625 1080 1010 1127 Incertorum
1048 1079 1365 1128 librorum.

352 1191 364 1230 1
412 1191 580 1245 [Kr.15.
622 1195 660 1230 G.
687 1195 700 1230 Ι
725 1191 777 1245 4].
846 1192 924 1231 Nos
961 1193 999 1232 in
1039 1196 1143 1232 tanta
1184 1193 1511 1232 doctissumorum
1550 1192 1752 1233 hominum

233 1272 355 1311 cop1a.

346 1338 446 1371 Serv.
475 1338 521 1370 ad
545 1338 654 1380 Verg.
674 1338 714 1370 A.
734 1339 769 1370 11
786 1337 830 1370 89
855 1349 928 1371 sec.
956 1339 1059 1371 Lion.
1086 1339 1132 1370 Et
1158 1350 1238 1375 nos,-
1261 1341 1404 1381 pluralis
1429 1349 1581 1371 numerus
1600 1349 1668 1380 pro
1684 1339 1753 1370 sin-

229 1386 344 1426 yulart
366 1385 414 1416 ad
435 1384 623 1415 evitandam
649 1385 858 1421 iactantiam,
892 1388 926 1415 ut
951 1382 1151 1416 Sallustius:
1177 1395 1242 1416 nos
1270 1384 1308 1415 in
1333 1386 1439 1416 tanta
1464 1383 1753 1416 doctissimorum

234 1430 352 1472 copia,
379 1439 452 1460 sec.
480 1428 559 1460 cod.
587 1428 689 1460 Cass.
719 1428 855 1471 (Bergk
873 1432 966 1471 part.
986 1430 1023 1461 11
1043 1441 1076 1472 p.
1104 1428 1161 1470 31)
1188 1430 1280 1466 N0s;
1303 1431 1467 1470 pluralem
1489 1439 1555 1470 pro
1578 1430 1753 1471 singulari,

232 1480 268 1506 uc
292 1475 492 1507 Sallustius:
517 1484 582 1506 nos
607 1474 645 1505 in
670 1476 775 1506 tanta
800 1474 1089 1506 doctissimorum
1115 1475 1233 1516 copia.
1283 1474 1335 1505 ld.
1364 1474 1410 1506 ad
1433 1475 1475 1506 A.
1501 1474 1551 1506 IV
1574 1473 1658 1506 213:
1685 1474 1754 1506 No-

231 1524 326 1558 st7·a‚·
356 1530 422 1561 pro
453 1529 545 1556 mecm
576 1523 627 1550 est
658 1523 766 1551 autem
795 1519 950 1551 nobilium
980 1520 1032 1552 hio
1062 1530 1183 1551 sermo.
1238 1519 1296 1551 Sic
1319 1536 1364 1542 —
1388 1519 1587 1552 Sallustius:
1616 1519 1691 1552 Nos
1715 1519 1754 1551 in

232 1567 337 1597 tanta
362 1564 650 1596 doctissimorum
676 1563 860 1596 hominum
886 1565 1004 1606 copia.
1056 1564 1191 1596 Omnes
1217 1564 1373 1596 editores
1398 1563 1611 1596 Cari-ionem
1635 1564 1753 1596 secuti

231 1611 326 1642 haec
351 1609 466 1641 verba
489 1610 527 1640 in
552 1609 738 1651 prooemio
763 1609 826 1641 lib.
853 1610 870 1641 Ι
897 1610 1011 1641 fuisse
1039 1610 1208 1641 arbitrati
1233 1612 1333 1648 sunt,
1358 1609 1422 1640 ubi
1447 1609 1534 1642 Sall.
1559 1609 1753 1641 recensitis

231 1655 413 1698 prioribus
444 1665 563 1686 rerum
593 1654 831 1697 scriptoribus
863 1654 927 1694 (fr.
954 1655 972 1686 I
996 1654 1118 1695 2—4)
1152 1654 1198 1686 ad
1230 1664 1275 1686 ea
1307 1654 1521 1696 exponenda
1551 1653 1751 1695 transierit,

234 1711 326 1742 quae
358 1700 438 1742 ipse
469 1699 507 1731 in
539 1699 646 1731 rebus
678 1699 885 1731 scribundis
917 1703 1064 1731 secutus
1089 1700 1148 1731 sit.
1206 1699 1269 1740 Set
1294 1699 1389 1731 unde
1421 1699 1568 1731 tandein
1594 1702 1750 1740 constat,

233 1745 442 1777 Sallustium
474 1744 603 1787 populo
635 1755 784 1776 romano
809 1755 1014 1776 maxumam
1039 1745 1182 1787 copiam
1213 1744 1512 1777 doctissumorum
1536 1744 1753 1786 scriptorum

233 1790 465 1830 adtribuisse,
495 1790 554 1832 qui
580 1789 661 1821 Cat.
687 1789 727 1829 8,
753 1789 774 1821 5
804 1789 858 1821 illi
889 1800 1084 1831 numquam
1114 1800 1195 1822 eam
1220 1790 1363 1832 copiam
1387 1789 1500 1821 fuisse
1526 1789 1752 1822 ostenderit?

231 1836 280 1867 Et
305 1846 423 1868 nonne
449 1835 542 1867 haec
567 1835 681 1867 verba
707 1837 793 1877 apte
818 1834 892 1866 dici
916 1838 1080 1877 potuere,
1105 1835 1169 1867 ubi
1194 1835 1238 1867 de
1264 1845 1303 1866 re
1331 1845 1374 1866 ex
1392 1834 1515 1877 prisca
1532 1834 1752 1876 antiquitate

234 1880 406 1923 repetita,
433 1880 627 1912 recensitis
654 1880 804 1912 aliorum
829 1880 1100 1912 narrationibus
1127 1883 1190 1912 aut
1214 1890 1253 1912 se
1278 1879 1451 1912 iudicium
1476 1880 1665 1912 continere
1691 1881 1753 1912 aut

232 1926 318 1968 quid
341 1926 581 1969 potissumum
605 1925 827 1967 sequendum
852 1927 1035 1967 putasset,
1062 1925 1227 1957 diceret?

346 2005 369 2043 2
399 2005 478 2058 [ΚΓ.
505 2007 518 2043 l
544 2009 595 2042 16.
626 2006 664 2042 G.
687 2007 700 2042 1
726 2003 802 2055 24].
861 2004 986 2055 Atque
1016 2004 1141 2042 omnis
1170 2003 1276 2042 Italia
1307 2003 1445 2042 animis
1475 2003 1649 2043 discedit.

345 2083 464 2116 Schol.
493 2083 539 2115 ad
564 2083 652 2114 Luc.
680 2083 807 2115 Phars.
833 2083 887 2114 111
911 2081 977 2114 632
1010 2091 1089 2113 cum
1113 2081 1207 2114 haec
1231 2081 1345 2114 verba
1370 2081 1424 2113 ita
1447 2084 1488 2113 ut
1512 2082 1662 2124 scripsi,
1696 2084 1753 2114 set

233 2130 279 2162 ad
303 2130 354 2161 VI
377 2127 444 2161 348
468 2129 624 2160 discessit
647 2129 764 2159 animis
789 2126 980 2166 rettulerit,
1005 2130 1124 2158 utram
1149 2126 1302 2159 formam
1325 2127 1506 2159 veriorem
1522 2127 1663 2159 iudices
1687 2137 1751 2170 pa-

231 2185 308 2207 rum
335 2174 380 2206 ad
404 2183 479 2205 rem
504 2173 642 2204 referre
669 2172 834 2214 adparet.
885 2171 1112 2211 Gerlachius,
1140 2172 1200 2214 qui
1225 2174 1336 2203 antea
1352 2182 1479 2214 parum
1497 2171 1681 2204 commode
1707 2182 1753 2204 ea

231 2219 345 2252 verba
372 2218 418 2250 ad
441 2217 669 2259 Lepidanum
693 2216 883 2249 tumultum
907 2216 1120 2256 rettulerat,
1146 2227 1242 2249 nunc
1266 2217 1304 2248 in
1330 2217 1385 2249 ed.
1412 2217 1545 2249 noviss.
1572 2217 1617 2249 de
1641 2215 1750 2257 bello,

233 2264 327 2307 quod
341 2266 422 2306 post
437 2262 559 2294 Sullae
578 2262 732 2294 reditum
749 2262 787 2293 in
803 2261 914 2294 Italia
933 2262 1080 2302 exarsit,
1097 2262 1196 2294 dicta
1213 2262 1357 2294 videtur
1373 2262 1556 2294 arbitrari.
1590 2261 1654 2294 Set
1671 2272 1751 2294 cum

232 2309 321 2342 nihil
347 2308 444 2341 aliud
468 2307 583 2339 verba
607 2306 816 2349 significare
841 2307 998 2349 possint,
1031 2307 1118 2338 nisi:
1151 2317 1217 2349 per
1240 2317 1383 2339 omnem
1406 2306 1553 2339 Italiam
1577 2316 1752 2339 summam

232 2353 494 2386 dissensionem
519 2355 635 2384 ortam
661 2362 754 2392 esse,
780 2352 898 2384 minus
916 2354 1016 2384 recte
1035 2352 1079 2383 de
1097 2351 1205 2391 bello,
1231 2352 1269 2383 in
1287 2352 1380 2393 quod
1404 2351 1583 2384 dissensio
1602 2352 1750 2392 exarsit,

232 2400 306 2432 dici
331 2399 498 2431 videntur
522 2397 695 2439 potuisse.
744 2396 792 2428 At
816 2397 1014 2439 aptissume
1031 2397 1239 2429 referentur
1264 2407 1344 2428 cum
1360 2396 1469 2428 Link.
1497 2397 1541 2428 de
1559 2396 1646 2429 Sall.
1663 2395 1750 2429 hist.

231 2455 390 2488 prooem.
410 2454 444 2485 p.
463 2441 507 2474 58
533 2444 568 2474 et
585 2442 724 2474 Kritzio
744 2442 790 2474 ad
807 2441 1071 2474 dissensionem
1095 2442 1207 2482 illam,
1235 2452 1328 2483 quae
1355 2444 1465 2474 antea
1484 2442 1558 2474 iam
1575 2441 1748 2484 gliscens,

231 2501 297 2533 per
321 2488 548 2531 rogationem
572 2486 741 2519 Fulviam
760 2497 793 2519 a.
822 2486 885 2518 125
912 2490 1021 2519 aucta
1047 2487 1141 2527 (Val.
1160 2487 1259 2519 Max.
1277 2487 1331 2519 IX
1348 2486 1380 2526 5,
1401 2486 1431 2519 l.
1455 2487 1549 2529 App.
1567 2486 1603 2519 b.
1623 2497 1654 2519 c.
1673 2487 1691 2520 Ι
1707 2486 1750 2519 21

231 2547 265 2578 p.
285 2533 376 2576 458),
402 2532 560 2566 omnium
577 2542 648 2564 non
673 2531 788 2564 solum
811 2530 1054 2563 Romanorum
1078 2535 1136 2564 set
1161 2532 1273 2563 etiam
1290 2531 1501 2564 Italicorum
1527 2531 1666 2564 animos
1691 2542 1751 2564 οι,

234 2580 408 2623 agitavit,
441 2577 523 2609 dum
555 2577 737 2609 funestum
768 2575 856 2608 illud
888 2576 1022 2608 bellum
1054 2576 1191 2608 sociale
1217 2576 1294 2608 sive
1319 2576 1516 2608 Marsicum
1540 2579 1656 2609 ortum
1681 2579 1749 2618 cst,

232 2624 448 2668 praesertim
477 2633 555 2655 cum
579 2622 616 2654 in
640 2622 718 2664 ipso
745 2632 787 2653 eo
804 2620 903 2653 bello
924 2621 1014 2653 haut
1030 2631 1167 2663 paucos
1185 2621 1362 2653 sociorum
1378 2621 1516 2653 Romae
1534 2620 1641 2654 fidem
1657 2631 1751 2654 sum-

232 2681 327 2702 mam
352 2668 584 2712 praestitisse
610 2669 754 2699 constet
778 2665 954 2708 (Momms.
981 2665 1018 2697 II
1049 2677 1084 2708 p.
1110 2665 1202 2706 218).
1252 2666 1316 2698 Set
1340 2666 1463 2707 utique
1488 2666 1525 2698 id
1548 2666 1587 2697 in
1609 2666 1751 2699 incerto

232 2714 519 2757 relinquendum,
546 2723 626 2744 oum
652 2721 869 2753 quamquam
894 2721 1044 2743 caussas
1063 2710 1151 2742 belli
1168 2709 1315 2742 socialis
1334 2710 1379 2742 ab
1398 2710 1572 2743 Sallustio
1589 2711 1752 2744 breviter

234 2760 420 2802 expositas
445 2758 559 2790 fuisse
585 2757 714 2799 negari
738 2766 810 2788 non
833 2758 965 2798 potest,
991 2758 1115 2787 tamen
1138 2765 1207 2787 nec
1233 2765 1304 2797 qua
1320 2755 1463 2787 ratione
1479 2755 1526 2787 ·in
1543 2765 1588 2787 ea
1606 2766 1645 2788 re
1669 2766 1767 2796 νοῒ-ν

233 2809 332 2837 satus
358 2804 416 2844 sit,
442 2814 510 2835 nec
535 2813 603 2844 quo
628 2812 723 2834 nexu
746 2801 812 2833 illa
835 2801 917 2843 ipsa
940 2800 1059 2833 verba·
1079 2800 1216 2832 fuerint
1239 2799 1408 2831 sciamus.
1457 2799 1552 2839 Quid
1577 2800 1674 2832 enim
1696 2801 1749 2832 in-

233 2850 350 2892 pedit,
387 2859 455 2891 quo
480 2848 597 2880 minus
622 2846 870 2889 praecessisse
894 2845 975 2878 urbs
997 2846 1104 2878 Roma
1136 2847 1172 2877 et
1202 2844 1246 2876 de
1279 2844 1481 2886 agitatione
1512 2845 1626 2878 verba
1650 2845 1751 2878 diota

233 2895 346 2926 fuisse
373 2897 586 2932 statuamus,
614 2902 707 2934 quae
726 2891 886 2924 Gabinia
910 2890 1099 2932 rogatione
1119 2890 1280 2923 excitata
1298 2890 1377 2922 est?
1402 2899 1510 2931 quam
1527 2900 1592 2932 per
1609 2900 1751 2923 omnem

233 2939 381 2971 Italiam
407 2939 546 2971 animos
571 2936 796 2970 conmovisse
822 2935 998 2968 credibile
1025 2938 1090 2967 est.
1522 2944 1526 2946 ·
