1826 3282
242 251 296 296 36
661 261 960 292 msromAnvM
988 263 1071 291 Lm.
1100 261 1134 292 11
1166 256 1343 295 16-18,

241 367 380 409 primae
413 365 567 397 insidiae
599 374 671 396 non
697 374 718 396 a
751 364 869 396 fronte
894 365 1083 397 venientes
1109 365 1296 407 excipere,
1331 367 1388 397 set
1417 365 1454 396 in
1483 362 1679 407 dissipatos
1710 363 1764 396 in-
1821 381 1826 386 ·

241 421 406 452 rumpere
432 410 629 441 debebant.
679 408 819 451 Scripsi
844 421 864 441 a
884 410 1002 450 fronte
1027 411 1198 452 quoniam
1218 411 1337 451 fronte
1360 411 1474 441 venire
1497 411 1551 441 ita
1569 410 1708 441 dictum
1723 411 1766 441 ut

243 455 466 487 adiectivum
490 458 585 485 reeta
610 453 668 486 vel
694 454 812 486 simile
840 454 1023 486 adiectum
1048 455 1097 486 sit
1118 454 1204 496 legi,
1232 455 1312 486 sine
1339 454 1407 486 tali
1433 454 1621 487 adiectivo
1645 462 1764 495 neque

242 500 384 538 inveni,
419 509 537 540 neque
570 499 714 530 ratione
748 500 917 530 excusari
947 509 1054 541 posse
1086 503 1185 541 puto.
1242 499 1338 539 Quid
1363 499 1575 530 iamP‘num
1605 499 1765 530 fortasse

237 546 331 584 sorte
356 546 543 581 venientes,
578 543 674 584 quod
707 553 764 585 ap.
792 543 957 576 Servium
985 547 1104 584 extat,
1137 555 1263 576 verum
1290 544 1370 575 est?
1418 543 1523 584 Quod
1548 544 1580 575 si
1606 543 1687 585 quis
1711 543 1766 574 ita

243 588 500 630 explicandum
525 591 639 629 putet,
667 590 706 619 ut
731 587 902 620 dicantur
927 589 1002 630 ‘qui
1027 589 1120 620 forte
1147 589 1372 628 inciderent,
1400 588 1546 620 obviam
1571 588 1764 627 venirent',

240 633 370 665 videat
393 643 439 664 ne
466 633 706 664 obscuritatis
731 634 869 664 crimen
894 633 1070 665 Sallustio
1103 633 1278 675 adfingat.
1328 633 1392 665 Set
1423 642 1616 675 prorsusne
1649 633 1767 664 incre-

242 677 356 709 dibile
381 677 537 717 videtur,
564 678 601 709 in
627 677 731 709 Servi
757 678 964 717 codicibus,
993 678 1054 719 qui
1078 678 1201 710 multis
1226 678 1341 710 modis
1367 678 1535 719 conrupti
1561 679 1661 717 sunt,
1698 675 1765 708 ali-

243 722 330 763 quid
356 722 562 754 excidisse?
609 722 690 754 Hoc
716 723 747 754 si
775 723 1021 762 concesseris,
1053 723 1146 762 forte
1173 725 1205 753 2⁰71
1230 733 1344 754 munus·
1368 724 1530 754 venientis
1555 722 1789 760 restitutum.

241 770 282 798 ut
314 767 497 808 scriptura
527 767 702 798 librorum
734 766 949 809 diligentius
981 768 1194 799 observetur
1219 768 1358 799 efficiet
1390 766 1497 799 simul
1530 770 1566 798 et
1599 769 1640 797 ut
1671 766 1768 797 inter

243 811 457 844 Sallustium
483 815 520 843 et
543 812 690 844 Livium
717 812 926 844 conveniat.

359 892 446 929 *16
479 890 558 942 [Kr.
581 894 635 927 23.
667 892 705 927 G.
729 893 741 928 1
767 889 862 942 132]
925 890 1107 941 Receptis
1146 890 1342 941 plerisque
1376 890 1496 939 signis
1527 870 1768 928 'militaribus

245 970 335 997 cum
362 956 467 996 Laeli
497 969 677 1008 corpore.

360 1029 479 1062 Schol.
506 1030 598 1062 Bob.
626 1030 671 1061 ad
698 1029 776 1061 Cic.
803 1040 855 1071 pr.
883 1029 1009 1061 Flacc.
1035 1029 1073 1070 6,
1101 1030 1122 1061 2
1146 1041 1180 1072 p.
1206 1029 1273 1062 235
1299 1029 1359 1061 Or.
1393 1029 1466 1061 Sed
1488 1032 1571 1061 enim
1597 1029 1688 1071 quod
1706 1038 1770 1069 pa-

244 1080 374 1107 ternum
399 1075 535 1107 amicum
563 1075 626 1111 Cn„
643 1075 800 1116 ‚Pompeii
815 1075 966 1106 Laelium
992 1076 1082 1112 dicit,
1108 1076 1231 1116 opinor
1255 1075 1302 1106 ad
1323 1079 1450 1116 tempus
1475 1074 1553 1106 belli
1575 1072 1771 1105 Sertort'cme'

245 1131 319 1152 esse
344 1121 569 1160 referendum,
596 1121 687 1161 quod
709 1119 829 1151 ibidem
847 1119 945 1160 (Cori.
965 1130 1033 1160 quo
1053 1120 1202 1160 ibidem)
1221 1120 1360 1151 Laelius
1379 1123 1484 1160 pater
1507 1120 1601 1150 huius
1626 1118 1667 1149 ab
1685 1118 1769 1149 Hir-

245 1166 401 1197 tuleicmz's
425 1165 623 1206 interfectus
648 1168 708 1201 est,
735 1168 769 1195 ut
795 1167 842 1195 ait
866 1163 1045 1202 Sallustius
1070 1165 1231 1206 receptis
1255 1182 1298 1186 —
1324 1174 1486 1206 corpore.
1535 1163 1582 1195 D.
1601 1161 1769 1194 Laelium

246 1211 284 1241 in
310 1210 450 1252 proelio
477 1210 522 1241 ad
547 1210 754 1240 Lauronem
780 1209 980 1249 conmisso,
1009 1219 1089 1240 cum
1115 1208 1261 1251 legione
1288 1210 1326 1240 in
1350 1208 1575 1250 praesidium
1599 1207 1769 1239 laboran-

245 1255 336 1285 tium
361 1254 617 1296 pabulatorum
643 1254 872 1293 submissum,
900 1253 1134 1285 interfectum
1161 1263 1258 1294 esse,
1287 1256 1500 1295 conpertum
1522 1252 1701 1284 habemus
1727 1261 1771 1283 ex

246 1300 371 1331 Front.
399 1302 551 1340 strateg.
578 1298 601 1329 l.
631 1309 680 1330 c.:
713 1301 762 1329 εἰς
788 1300 873 1339 Iegyio
900 1299 1029 1340 quoqne
1053 1300 1144 1330 inter·
1169 1301 1253 1330 duas
1278 1302 1368 1330 acies
1392 1299 1531 1329 hostium
1563 1307 1634 1329 cum
1658 1299 1769 1338 leyato

245 1354 305 1375 sno
332 1346 415 1375 elisa
439 1348 500 1381 est,
528 1343 594 1375 cfr.
621 1343 711 1384 App.
732 1343 765 1374 b.
788 1353 818 1374 c.
845 1343 862 1374 I
892 1342 954 1374 101.)
978 1354 1012 1385 p.
1032 1342 1098 1374 526
1116 1343 1232 1374 Bckk.
1259 1338 1363 1380 τέλος
1388 1335 1477 1374 ὅλον
1500 1360 1544 1364 -
1569 1337 1768 1383 συνέκοψε.

247 1389 372 1419 Drum.
399 1388 422 1419 l.
452 1399 482 1420 c.
516 1389 746 1420 Rectissume
778 1388 893 1429 igitur
924 1387 970 1419 ab
1002 1388 1144 1419 Kritzio
1175 1387 1244 1419 hoc
1275 1388 1405 1429 fragm.
1440 1397 1521 1419 cum
1551 1395 1770 1429 praegresso

246 1433 342 1465 libro
367 1433 404 1464 11
429 1433 663 1474 adsignatum
690 1435 756 1464 est.
799 1433 863 1464 Set
888 1433 926 1463 in
944 1432 1064 1464 Sehol.
1088 1432 1211 1464 verbis
1235 1443 1345 1464 unum
1362 1431 1452 1464 illud
1470 1431 1650 1472 obfendit,
1676 1429 1771 1472 quod

249 1478 296 1509 ab
314 1478 562 1509 Hirtuleianis
579 1477 748 1509 Laelium
767 1477 1003 1508 interfectum
1021 1487 1101 1508 esse
1120 1477 1222 1517 dixit,
1244 1477 1415 1518 quoniam
1433 1487 1490 1519 ap.
1510 1477 1638 1508 Front.
1657 1475 1786 1507 Octa-‘

247 1523 330 1554 vius
356 1523 561 1554 Graecinus
588 1525 624 1553 et
648 1522 861 1563 Tarquitius
886 1522 1034 1553 Priscus
1061 1522 1266 1553 Sertoriani
1291 1522 1403 1553 duces
1427 1521 1672 1560 nominantur,
1697 1529 1771 1552 non

247 1567 471 1606 Hirtuleius;
505 1570 561 1598 set
587 1577 667 1598 cum
692 1567 771 1598 fieri
796 1566 973 1608 potuerit,
1009 1569 1049 1599 ut
1073 1566 1278 1598 Hirtuleius
1309 1567 1389 1608 ipse
1416 1566 1565 1598 adesset
1588 1564 1771 1597 omnibus·
1796 1599 1804 1603 Α

250 1622 318 1653 que
337 1612 483 1644 insidiis
508 1612 721 1653 praefectus
747 1614 856 1650 esset,
885 1612 919 1642 ei
945 1611 1168 1643 dubitationi
1194 1622 1266 1643 non
1290 1613 1433 1642 tantum
1459 1610 1691 1642 tribuendum
1714 1609 1768 1641 vi-

250 1657 366 1688 detur.
415 1657 492 1688 Nee
508 1661 631 1688 tamen
649 1656 714 1687 illa
733 1656 902 1697 qua‘estio
919 1656 1109 1687 reiciunda
1128 1659 1193 1696 est,
1221 1666 1305 1687 num
1329 1656 1443 1688 verba
1467 1657 1615 1696 receptis
1633 1671 1676 1676 —-
1692 1664 1768 1686 cor-

247 1712 334 1743 pore
359 1701 438 1733 sola
462 1711 526 1742 pro
552 1700 787 1732 Sallustianis
813 1701 982 1731 habenda
1008 1701 1098 1740 sint,
1135 1711 1182 1732 an
1214 1701 1327 1732 etiam
1361 1710 1454 1742 quae
1480 1699 1766 1742 praecesserint,

252 1746 298 1778 ab
326 1756 368 1778 eo
399 1746 520 1788 petita
552 1745 749 1777 censenda.
807 1745 895 1776 Cum
928 1745 1043 1786 igitur
1075 1746 1112 1776 in
1146 1746 1316 1777 extremis
1346 1744 1470 1776 verbis
1501 1743 1609 1776 Laeli
1638 1753 1770 1775 nomen

249 1791 408 1833 positum
433 1791 493 1831 sit,
520 1801 583 1832 pro
610 1801 679 1832 quo
704 1791 830 1832 utique
857 1793 1074 1831 expectatur
1097 1800 1312 1831 pronomen,
1346 1791 1378 1821 si
1408 1789 1474 1821 illa
1506 1799 1586 1821 eum
1617 1798 1770 1831 praece·

251 1835 424 1867 dentibus
450 1836 668 1867 continuata
694 1835 842 1874 fuerint,
868 1835 947 1867 veri
973 1834 1205 1866 simillumum
1221 1835 1366 1866 videtur
1383 1834 1625 1866 Scholiastem
1641 1832 1769 1864 ultima

250 1884 392 1912 tantum
419 1891 462 1912 ex
489 1880 664 1911 Sallustio
691 1879 887 1919 adtulisse,
924 1889 992 1920 quo
1017 1880 1229 1921 Pompeium
1254 1880 1291 1910 in
1316 1879 1496 1911 servando
1522 1878 1637 1910 occisi
1661 1877 1770 1909 Laeli

252 1936 401 1967 corpore
427 1925 577 1956 multum
603 1935 736 1967 operae
762 1925 928 1965 posuisse
954 1924 1176 1956 ostenderet.
1226 1924 1397 1956 Ceterum
1419 1924 1492 1956 vid.
1520 1923 1567 1955 ad
1591 1923 1634 1955 fr.
1661 1921 1694 1954 6.

370 2005 416 2042 17
447 2003 515 2055 [Kr
537 2008 591 2040 21.
630 2005 667 2040 G.
690 2002 768 2054 (38].
827 2002 1048 2041 Oceurrvre
1089 2002 1208 2041 duces
1239 2006 1276 2041 et
1313 2001 1506 2052 proelium
1535 2000 1768 2045 adcendere,

246 2059 348 2110 'adeo
379 2072 434 2109 uti
463 2069 617 2109 Metello
648 2071 687 2108 in
718 2082 865 2119 sagum,
898 2068 1088 2107 Hirtuleio
1115 2069 1152 2107 in
1179 2069 1385 2108 brachium
1414 2068 1488 2107 tela
1521 2059 1707 2107 venirent.

364 2143 455 2174 Non.
482 2153 516 2183 p.
544 2141 610 2173 368
635 2152 661 2173 s.
688 2152 722 2174 v.
747 2151 878 2182 safflcm,
912 2151 1060 2173 numero
1093 2141 1178 2172 libri
1210 2141 1385 2173 indicato.
1441 2141 1547 2183 Apud
1580 2151 1661 2173 eum
1683 2140 1771 2181 libri

251 2188 340 2218 duci.
380 2187 428 2218 At
447 2197 527 2218 cum
544 2187 743 2218 membrum
761 2186 1036 2218 consecutivum
1053 2185 1135 2218 luce
1155 2186 1290 2218 clarius
1309 2186 1490 2226 ostendat,
1511 2186 1622 2218 duces
1638 2187 1771 2218 utrius-

252 2242 321 2273 que
348 2232 530 2262 exercitus
562 2241 650 2262 suae
680 2232 781 2262 vitae
814 2231 851 2261 in
882 2230 1022 2272 proelio
1055 2241 1127 2262 non
1151 2232 1380 2273 pepercisse,
1417 2234 1474 2262 set
1505 2231 1603 2272 ipsos
1633 2230 1769 2272 ubique

250 2280 458 2317 pugnantes
485 2275 701 2307 adcendisse
728 2279 764 2307 et
790 2275 1042 2315 confirmasse,
1078 2279 1215 2307 certum
1246 2276 1390 2307 videtur
1422 2286 1516 2317 quae
1534 2275 1771 2317 praecedunt

251 2321 296 2352 (le
322 2324 474 2362 utroque
501 2320 602 2352 dicta
627 2320 752 2360 fuisse,
779 2330 851 2351 non
869 2320 912 2351 de
930 2330 1000 2351 uno
1019 2323 1082 2351 aut
1106 2320 1282 2361 pluribus,
1310 2321 1371 2362 qui
1396 2321 1481 2352 duci
1500 2320 1619 2356 ‚alicui
1644 2329 1770 2352 occur-

251 2366 396 2396 rissent.
446 2365 531 2404 Qua.
544 2375 582 2396 re
601 2365 768 2396 inmerito
795 2364 1025 2404 Gerlachius,
1054 2365 1146 2406 quod
1165 2366 1376 2397 coniecerat
1393 2366 1504 2402 duces,
1529 2368 1659 2407 postea
1677 2364 1770 2396 reie-

253 2410 316 2441 cit.
366 2410 454 2441 Cum
485 2420 571 2441 vero
605 2419 673 2451 quo
705 2419 801 2441 nexu
838 2409 930 2440 hacc
969 2419 1049 2440 cum
1084 2410 1396 2451 praecedentibus
1429 2412 1604 2442 contenta
1634 2409 1772 2441 fuerint

251 2455 450 2494 nesciatur,
478 2454 568 2485 illud
593 2454 710 2485 minus
736 2455 927 2493 incertum,
954 2457 1072 2484 utrum
1097 2465 1278 2486 occurrere
1295 2454 1571 2496 relinquendum
1594 2455 1644 2486 sit
1669 2464 1716 2486 an
1733 2454 1771 2485 in
1819 2467 1825 2470 >

251 2509 445 2536 ccc-currere,
472 2499 566 2540 quod
590 2499 783 2540 sequentia
808 2498 920 2530 verba
945 2498 1101 2530 suadent
1129 2517 1161 2520 ⁷-
1194 2500 1330 2531 etenim
1356 2500 1417 2540 qui
1441 2499 1618 2541 proelium
1636 2499 1769 2531 adcen-

253 2544 318 2583 dit,
345 2544 377 2575 is
404 2543 564 2575 accurrit
582 2543 627 2574 ad
645 2543 850 2574 titubantes
876 2546 912 2574 et
929 2543 1124 2575 haerentes
1141 2561 1184 2565 —
1202 2544 1493 2575 conmutandum.
1535 2543 1590 2575 Ad
1612 2553 1771 2585 pugnam

254 2588 351 2630 apud
374 2588 545 2619 Italicam
570 2589 788 2619 conmissam
812 2587 906 2619 haec
931 2587 1045 2619 verba
1070 2589 1312 2629 spectavisse,
1339 2592 1440 2620 recte
1466 2589 1538 2620 iam
1556 2587 1621 2620 alii
1647 2587 1771 2620 obser-

252 2635 433 2666 vaverunt
459 2632 538 2673 (cfr.
566 2633 670 2664 Oros.
696 2632 726 2663 V
751 2631 805 2663 23.
833 2631 912 2663 Liv.
934 2642 989 2674 ep.
1009 2632 1124 2672 XCI);
1151 2633 1189 2663 in
1214 2643 1284 2674 qua
1308 2643 1432 2674 pugna
1458 2643 1632 2665 summam
1656 2632 1772 2664 fuisse

255 2681 354 2709 certe
379 2676 524 2709 Metelli
549 2687 695 2719 operam
721 2679 879 2708 testatur
903 2677 1068 2708 Frontin.
1096 2680 1201 2709 strat.
1227 2678 1264 2709 ΙΙ
1291 2677 1326 2718 l,
1353 2678 1374 2708 2
1400 2680 1436 2709 et
1461 2677 1492 2717 3,
1519 2677 1550 2709 5.
1601 2677 1665 2709 Set
1690 2687 1771 2710 cum

254 2733 298 2754 ea
323 2732 446 2764 pugna
470 2725 553 2763 post
576 2721 754 2763 proelium
779 2721 826 2752 ad
848 2722 1055 2753 Lauronem
1081 2722 1299 2754 conmissum
1332 2722 1435 2754 facta
1465 2723 1514 2754 sit
1549 2722 1693 2762 (Drum.
1719 2721 1772 2753 IV

253 2777 287 2808 p.
315 2765 408 2808 36⁴5),
434 2776 502 2808 quo
528 2767 606 2798 iure
630 2766 700 2798 hoc
725 2766 768 2798 fr.
794 2768 877 2808 post
903 2762 944 2797 14
962 2769 998 2798 et
1017 2765 1057 2797 15
1084 2766 1354 2798 conlocaverim
1380 2766 1493 2798 facile
1519 2766 1769 2808 intellegetur.

365 2845 449 2885 θ·’“’18
480 2844 559 2896 [Kr.
584 2851 639 2884 24.
679 2846 717 2882 G.
738 2843 815 2896 44].
860 2843 975 2883 Inter
1010 2843 1116 2883 laeva
1148 2845 1301 2883 moenia
1338 2849 1376 2883 et
1411 2844 1592 2883 dextrum
1621 2843 1768 2883 flumen

251 2910 424 2955 Turiam,
451 2911 556 2962 quod
586 2911 801 2950 Valentiam
832 2923 951 2962 parvo
977 2910 1178 2965 intervallo
1207 2910 1462 2962 praeterfluit.
1545 2938 1561 2949 .
