<?xml version="1.0" encoding="UTF-8"?>
<!DOCTYPE html PUBLIC "-//W3C//DTD XHTML 1.0 Transitional//EN"
    "http://www.w3.org/TR/xhtml1/DTD/xhtml1-transitional.dtd">
<html xmlns="http://www.w3.org/1999/xhtml" xml:lang="en" lang="en">
 <head>
  <title>
</title>
<meta http-equiv="Content-Type" content="text/html;charset=utf-8" />
  <meta name='ocr-system' content='tesseract 3.04.00' />
  <meta name='ocr-capabilities' content='ocr_page ocr_carea ocr_par ocr_line ocrx_word'/>
</head>
<body>
  <div class='ocr_page' id='page_1' title='image "./quaesupersunt02salluoft_0050.png"; bbox 0 0 1826 3282; ppageno 0'>
   <div class='ocr_carea' id='block_1_1' title="bbox 216 211 1319 280">
    <p class='ocr_par' dir='ltr' id='par_1_1' title="bbox 216 211 1319 280">
     <span class='ocr_line' id='line_1_1' title="bbox 216 211 1319 280; baseline 0.004 -7"><span class='ocrx_word' id='word_1_1' title='bbox 216 232 270 274; x_wconf 80' lang='lat'>42</span> <span class='ocrx_word' id='word_1_2' title='bbox 649 248 951 276; x_wconf 73' lang='lat' dir='ltr'>111s&#39;r0R1ARVM</span> <span class='ocrx_word' id='word_1_3' title='bbox 984 211 1067 276; x_wconf 66' lang='lat' dir='ltr'>Lm.</span> <span class='ocrx_word' id='word_1_4' title='bbox 1104 249 1153 275; x_wconf 87' lang='lat'>11&#39;</span> <span class='ocrx_word' id='word_1_5' title='bbox 1174 243 1232 280; x_wconf 87' lang='grc'>36.</span> <span class='ocrx_word' id='word_1_6' title='bbox 1263 243 1319 280; x_wconf 85' lang='grc'>37.</span> 
     </span>
    </p>
   </div>
   <div class='ocr_carea' id='block_1_2' title="bbox 219 347 1734 467">
    <p class='ocr_par' dir='ltr' id='par_1_2' title="bbox 219 347 1734 467">
     <span class='ocr_line' id='line_1_2' title="bbox 330 347 1734 403; baseline 0.001 -14"><span class='ocrx_word' id='word_1_7' title='bbox 330 349 415 389; x_wconf 64' lang='lat'>’³³36</span> <span class='ocrx_word' id='word_1_8' title='bbox 441 348 658 401; x_wconf 71' lang='lat' dir='ltr'>[Kr.1118:.3</span> <span class='ocrx_word' id='word_1_9' title='bbox 689 351 727 387; x_wconf 88' lang='lat' dir='ltr'>G</span> <span class='ocrx_word' id='word_1_10' title='bbox 750 351 793 387; x_wconf 84' lang='grc'>111</span> <span class='ocrx_word' id='word_1_11' title='bbox 819 347 866 401; x_wconf 84' lang='lat' dir='ltr'>l].</span> <span class='ocrx_word' id='word_1_12' title='bbox 928 349 1216 403; x_wconf 86' lang='lat' dir='ltr'>Conlegamque</span> <span class='ocrx_word' id='word_1_13' title='bbox 1256 350 1339 390; x_wconf 87' lang='lat' dir='ltr'>eius</span> <span class='ocrx_word' id='word_1_14' title='bbox 1370 349 1571 390; x_wconf 82' lang='lat' dir='ltr'>Octavium</span> <span class='ocrx_word' id='word_1_15' title='bbox 1601 350 1734 390; x_wconf 85' lang='lat' dir='ltr'>mitem</span> 
     </span>
     <span class='ocr_line' id='line_1_3' title="bbox 219 415 644 467; baseline -0.005 -11"><span class='ocrx_word' id='word_1_16' title='bbox 219 422 255 456; x_wconf 82' lang='lat' dir='ltr'>et</span> <span class='ocrx_word' id='word_1_17' title='bbox 286 422 438 467; x_wconf 74' lang='lat' dir='ltr'>captum</span> <span class='ocrx_word' id='word_1_18' title='bbox 466 415 644 466; x_wconf 76' lang='lat' dir='ltr'>pedihus,</span> 
     </span>
    </p>
   </div>
   <div class='ocr_carea' id='block_1_3' title="bbox 213 492 1779 1077">
    <p class='ocr_par' dir='ltr' id='par_1_3' title="bbox 213 492 1779 1077">
     <span class='ocr_line' id='line_1_4' title="bbox 329 492 1734 538; baseline 0.001 -12"><span class='ocrx_word' id='word_1_19' title='bbox 329 492 602 526; x_wconf 76' lang='grc' dir='ltr'>Α1115..243;</span> <span class='ocrx_word' id='word_1_20' title='bbox 628 494 763 536; x_wconf 83' lang='lat' dir='ltr'>Kaptus</span> <span class='ocrx_word' id='word_1_21' title='bbox 787 494 850 527; x_wconf 78' lang='lat' dir='ltr'>hac</span> <span class='ocrx_word' id='word_1_22' title='bbox 873 503 923 528; x_wconf 91' lang='lat' dir='ltr'>re.</span> <span class='ocrx_word' id='word_1_23' title='bbox 951 514 988 517; x_wconf 97' lang='lat'><strong>—</strong></span> <span class='ocrx_word' id='word_1_24' title='bbox 1017 495 1088 529; x_wconf 84' lang='lat' dir='ltr'>Sal.</span> <span class='ocrx_word' id='word_1_25' title='bbox 1108 497 1201 529; x_wconf 79' lang='lat' dir='ltr'>Hist.</span> <span class='ocrx_word' id='word_1_26' title='bbox 1227 497 1302 529; x_wconf 83' lang='lat'>111:</span> <span class='ocrx_word' id='word_1_27' title='bbox 1330 496 1580 538; x_wconf 83' lang='lat' dir='ltr'>collegamque</span> <span class='ocrx_word' id='word_1_28' title='bbox 1604 513 1649 518; x_wconf 97' lang='lat'><strong>—</strong></span> <span class='ocrx_word' id='word_1_29' title='bbox 1673 506 1734 538; x_wconf 88' lang='lat' dir='ltr'>pe-</span> 
     </span>
     <span class='ocr_line' id='line_1_5' title="bbox 217 505 1735 583; baseline 0.002 -14"><span class='ocrx_word' id='word_1_30' title='bbox 217 540 332 570; x_wconf 85' lang='lat' dir='ltr'>dibus.</span> <span class='ocrx_word' id='word_1_31' title='bbox 382 505 527 570; x_wconf 77' lang='lat' dir='ltr'>Nullpum</span> <span class='ocrx_word' id='word_1_32' title='bbox 552 538 625 570; x_wconf 89' lang='lat' dir='ltr'>illis</span> <span class='ocrx_word' id='word_1_33' title='bbox 650 540 891 582; x_wconf 78' lang='lat' dir='ltr'><strong>temporibus,</strong></span> <span class='ocrx_word' id='word_1_34' title='bbox 924 540 969 578; x_wconf 82' lang='lat' dir='ltr'>de</span> <span class='ocrx_word' id='word_1_35' title='bbox 995 530 1124 583; x_wconf 84' lang='lat' dir='ltr'><strong>qulbus</strong></span> <span class='ocrx_word' id='word_1_36' title='bbox 1151 541 1238 574; x_wconf 84' lang='lat' dir='ltr'>Sall.</span> <span class='ocrx_word' id='word_1_37' title='bbox 1265 542 1325 574; x_wconf 82' lang='lat' dir='ltr'>his</span> <span class='ocrx_word' id='word_1_38' title='bbox 1346 541 1448 573; x_wconf 89' lang='lat' dir='ltr'>libris</span> <span class='ocrx_word' id='word_1_39' title='bbox 1473 541 1639 583; x_wconf 82' lang='lat' dir='ltr'><strong>scripsit,</strong></span> <span class='ocrx_word' id='word_1_40' title='bbox 1672 550 1735 572; x_wconf 88' lang='lat' dir='ltr'>no-</span> 
     </span>
     <span class='ocr_line' id='line_1_6' title="bbox 216 583 1734 628; baseline 0.001 -12"><span class='ocrx_word' id='word_1_41' title='bbox 216 584 443 623; x_wconf 84' lang='grc' dir='ltr'>ν1111115,11151</span> <span class='ocrx_word' id='word_1_42' title='bbox 469 584 536 616; x_wconf 89' lang='lat' dir='ltr'>Gn.</span> <span class='ocrx_word' id='word_1_43' title='bbox 564 583 768 625; x_wconf 85' lang='lat' dir='ltr'>Octavium,</span> <span class='ocrx_word' id='word_1_44' title='bbox 797 585 839 616; x_wconf 92' lang='lat' dir='ltr'>G.</span> <span class='ocrx_word' id='word_1_45' title='bbox 867 585 1033 617; x_wconf 84' lang='lat' dir='ltr'>Scriboni</span> <span class='ocrx_word' id='word_1_46' title='bbox 1059 586 1226 619; x_wconf 89' lang='lat' dir='ltr'>Curionis</span> <span class='ocrx_word' id='word_1_47' title='bbox 1251 587 1289 618; x_wconf 90' lang='lat' dir='ltr'>in</span> <span class='ocrx_word' id='word_1_48' title='bbox 1315 586 1506 618; x_wconf 78' lang='lat' dir='ltr'><strong>consulatu</strong></span> <span class='ocrx_word' id='word_1_49' title='bbox 1531 585 1734 628; x_wconf 83' lang='lat' dir='ltr'>conlegam,</span> 
     </span>
     <span class='ocr_line' id='line_1_7' title="bbox 216 628 1734 674; baseline 0.001 -15"><span class='ocrx_word' id='word_1_50' title='bbox 216 639 320 669; x_wconf 88' lang='lat' dir='ltr'>quem</span> <span class='ocrx_word' id='word_1_51' title='bbox 348 629 505 660; x_wconf 82' lang='lat' dir='ltr'>sciamus</span> <span class='ocrx_word' id='word_1_52' title='bbox 531 628 667 661; x_wconf 80' lang='lat' dir='ltr'>Sicinio</span> <span class='ocrx_word' id='word_1_53' title='bbox 695 640 821 661; x_wconf 86' lang='lat' dir='ltr'>ansam</span> <span class='ocrx_word' id='word_1_54' title='bbox 847 629 991 662; x_wconf 84' lang='lat' dir='ltr'>dedisse</span> <span class='ocrx_word' id='word_1_55' title='bbox 1017 632 1288 674; x_wconf 87' lang='lat' dir='ltr'>perstringendi</span> <span class='ocrx_word' id='word_1_56' title='bbox 1315 631 1483 663; x_wconf 89' lang='lat' dir='ltr'>Curionis</span> <span class='ocrx_word' id='word_1_57' title='bbox 1509 630 1607 672; x_wconf 89' lang='lat' dir='ltr'>(Cic.</span> <span class='ocrx_word' id='word_1_58' title='bbox 1632 630 1734 662; x_wconf 89' lang='lat' dir='ltr'>Brut.</span> 
     </span>
     <span class='ocr_line' id='line_1_8' title="bbox 215 672 1736 718; baseline 0.001 -14"><span class='ocrx_word' id='word_1_59' title='bbox 215 672 275 709; x_wconf 83' lang='lat'>60,</span> <span class='ocrx_word' id='word_1_60' title='bbox 302 672 378 704; x_wconf 87' lang='grc'>217.</span> <span class='ocrx_word' id='word_1_61' title='bbox 413 673 535 712; x_wconf 79' lang='lat' dir='ltr'>Quint.</span> <span class='ocrx_word' id='word_1_62' title='bbox 562 674 613 705; x_wconf 93' lang='lat' dir='ltr'>XI</span> <span class='ocrx_word' id='word_1_63' title='bbox 638 673 795 715; x_wconf 79' lang='lat'>3,129).</span> <span class='ocrx_word' id='word_1_64' title='bbox 852 674 942 707; x_wconf 91' lang='lat' dir='ltr'>Cum</span> <span class='ocrx_word' id='word_1_65' title='bbox 972 676 1087 717; x_wconf 88' lang='lat' dir='ltr'>igitur</span> <span class='ocrx_word' id='word_1_66' title='bbox 1118 677 1205 718; x_wconf 91' lang='lat' dir='ltr'>quin</span> <span class='ocrx_word' id='word_1_67' title='bbox 1237 676 1282 708; x_wconf 90' lang='lat' dir='ltr'>ad</span> <span class='ocrx_word' id='word_1_68' title='bbox 1310 676 1405 708; x_wconf 88' lang='lat' dir='ltr'>hanc</span> <span class='ocrx_word' id='word_1_69' title='bbox 1431 686 1507 707; x_wconf 90' lang='lat' dir='ltr'>rem</span> <span class='ocrx_word' id='word_1_70' title='bbox 1532 675 1598 707; x_wconf 85' lang='lat' dir='ltr'>illa</span> <span class='ocrx_word' id='word_1_71' title='bbox 1621 675 1736 708; x_wconf 83' lang='lat' dir='ltr'>verba</span> 
     </span>
     <span class='ocr_line' id='line_1_9' title="bbox 214 718 1735 762; baseline 0.002 -14"><span class='ocrx_word' id='word_1_72' title='bbox 214 718 457 760; x_wconf 76' lang='lat' dir='ltr'>pertinuerint</span> <span class='ocrx_word' id='word_1_73' title='bbox 481 718 641 750; x_wconf 86' lang='lat' dir='ltr'>dubitari</span> <span class='ocrx_word' id='word_1_74' title='bbox 665 719 724 751; x_wconf 83' lang='lat' dir='ltr'>vix</span> <span class='ocrx_word' id='word_1_75' title='bbox 749 729 856 761; x_wconf 90' lang='lat' dir='ltr'>posse</span> <span class='ocrx_word' id='word_1_76' title='bbox 882 720 1061 761; x_wconf 85' lang='lat' dir='ltr'>videatur,</span> <span class='ocrx_word' id='word_1_77' title='bbox 1088 724 1207 752; x_wconf 82' lang='lat' dir='ltr'>utrum</span> <span class='ocrx_word' id='word_1_78' title='bbox 1223 721 1302 753; x_wconf 88' lang='lat' dir='ltr'>veri</span> <span class='ocrx_word' id='word_1_79' title='bbox 1319 721 1484 760; x_wconf 85' lang='lat' dir='ltr'>similius,</span> <span class='ocrx_word' id='word_1_80' title='bbox 1512 731 1569 762; x_wconf 85' lang='lat' dir='ltr'>ap.</span> <span class='ocrx_word' id='word_1_81' title='bbox 1587 720 1735 751; x_wconf 84' lang='lat' dir='ltr'>Arusia—</span> 
     </span>
     <span class='ocr_line' id='line_1_10' title="bbox 215 763 1737 807; baseline 0.002 -14"><span class='ocrx_word' id='word_1_82' title='bbox 215 773 298 793; x_wconf 88' lang='lat' dir='ltr'>num</span> <span class='ocrx_word' id='word_1_83' title='bbox 325 763 362 794; x_wconf 89' lang='lat' dir='ltr'>in</span> <span class='ocrx_word' id='word_1_84' title='bbox 387 763 472 794; x_wconf 80' lang='lat' dir='ltr'>libri</span> <span class='ocrx_word' id='word_1_85' title='bbox 499 773 646 795; x_wconf 89' lang='lat' dir='ltr'>numero</span> <span class='ocrx_word' id='word_1_86' title='bbox 674 767 832 795; x_wconf 89' lang='lat' dir='ltr'>erratum</span> <span class='ocrx_word' id='word_1_87' title='bbox 858 774 958 805; x_wconf 88' lang='lat' dir='ltr'>esse,</span> <span class='ocrx_word' id='word_1_88' title='bbox 986 775 1050 805; x_wconf 88' lang='lat' dir='ltr'>an,</span> <span class='ocrx_word' id='word_1_89' title='bbox 1076 765 1114 796; x_wconf 91' lang='lat' dir='ltr'>id</span> <span class='ocrx_word' id='word_1_90' title='bbox 1139 766 1233 807; x_wconf 91' lang='lat' dir='ltr'>quod</span> <span class='ocrx_word' id='word_1_91' title='bbox 1257 766 1419 797; x_wconf 85' lang='lat' dir='ltr'>Kritzius</span> <span class='ocrx_word' id='word_1_92' title='bbox 1445 765 1592 804; x_wconf 77' lang='lat' dir='ltr'>statuit,</span> <span class='ocrx_word' id='word_1_93' title='bbox 1620 763 1737 796; x_wconf 85' lang='lat' dir='ltr'>Sallu-</span> 
     </span>
     <span class='ocr_line' id='line_1_11' title="bbox 215 807 1736 852; baseline 0.001 -13"><span class='ocrx_word' id='word_1_94' title='bbox 215 808 322 839; x_wconf 82' lang='lat' dir='ltr'><strong>stium</strong></span> <span class='ocrx_word' id='word_1_95' title='bbox 347 807 559 840; x_wconf 77' lang='lat' dir='ltr'>dicacitatis</span> <span class='ocrx_word' id='word_1_96' title='bbox 584 808 699 840; x_wconf 82' lang='lat' dir='ltr'>Sicini</span> <span class='ocrx_word' id='word_1_97' title='bbox 730 809 933 852; x_wconf 87' lang='lat' dir='ltr'>exemplum</span> <span class='ocrx_word' id='word_1_98' title='bbox 965 821 1008 842; x_wconf 84' lang='lat' dir='ltr'>ex</span> <span class='ocrx_word' id='word_1_99' title='bbox 1033 811 1220 852; x_wconf 83' lang='lat' dir='ltr'>superiore</span> <span class='ocrx_word' id='word_1_100' title='bbox 1252 821 1346 842; x_wconf 82' lang='lat' dir='ltr'>anno</span> <span class='ocrx_word' id='word_1_101' title='bbox 1371 810 1409 841; x_wconf 90' lang='lat' dir='ltr'>in</span> <span class='ocrx_word' id='word_1_102' title='bbox 1433 810 1526 842; x_wconf 87' lang='lat' dir='ltr'>libro</span> <span class='ocrx_word' id='word_1_103' title='bbox 1551 810 1608 841; x_wconf 93' lang='lat'>111</span> <span class='ocrx_word' id='word_1_104' title='bbox 1633 819 1736 851; x_wconf 88' lang='lat' dir='ltr'>repe-</span> 
     </span>
     <span class='ocr_line' id='line_1_12' title="bbox 214 852 1779 897; baseline 0.001 -14"><span class='ocrx_word' id='word_1_105' title='bbox 214 852 367 884; x_wconf 82' lang='lat' dir='ltr'>tivisse?</span> <span class='ocrx_word' id='word_1_106' title='bbox 415 852 587 885; x_wconf 88' lang='lat' dir='ltr'>Ceterum</span> <span class='ocrx_word' id='word_1_107' title='bbox 621 863 837 895; x_wconf 86' lang='lat' dir='ltr'>quamquam</span> <span class='ocrx_word' id='word_1_108' title='bbox 869 854 930 886; x_wconf 81' lang='lat' dir='ltr'>diu</span> <span class='ocrx_word' id='word_1_109' title='bbox 961 854 1184 897; x_wconf 81' lang='lat' dir='ltr'>multumque</span> <span class='ocrx_word' id='word_1_110' title='bbox 1209 855 1247 886; x_wconf 92' lang='lat' dir='ltr'>in</span> <span class='ocrx_word' id='word_1_111' title='bbox 1271 854 1451 889; x_wconf 81' lang='lat' dir='ltr'>vocabulo</span> <span class='ocrx_word' id='word_1_112' title='bbox 1482 856 1589 886; x_wconf 83' lang='lat' dir='ltr'>mitem</span> <span class='ocrx_word' id='word_1_113' title='bbox 1615 853 1736 886; x_wconf 84' lang='lat' dir='ltr'>haesi·</span> <span class='ocrx_word' id='word_1_114' title='bbox 1767 869 1779 880; x_wconf 73' lang='grc' dir='ltr'><strong>ο</strong></span> 
     </span>
     <span class='ocr_line' id='line_1_13' title="bbox 213 897 1736 942; baseline 0.001 -14"><span class='ocrx_word' id='word_1_115' title='bbox 213 897 302 937; x_wconf 91' lang='lat' dir='ltr'>tavi,</span> <span class='ocrx_word' id='word_1_116' title='bbox 329 915 374 919; x_wconf 91' lang='lat'>—</span> <span class='ocrx_word' id='word_1_117' title='bbox 399 898 532 940; x_wconf 86' lang='lat' dir='ltr'>quippe</span> <span class='ocrx_word' id='word_1_118' title='bbox 559 908 639 930; x_wconf 90' lang='lat' dir='ltr'>cum</span> <span class='ocrx_word' id='word_1_119' title='bbox 666 899 778 931; x_wconf 84' lang='lat' dir='ltr'>animi</span> <span class='ocrx_word' id='word_1_120' title='bbox 803 898 968 932; x_wconf 81' lang='lat' dir='ltr'>habitum</span> <span class='ocrx_word' id='word_1_121' title='bbox 994 900 1232 942; x_wconf 87' lang='lat' dir='ltr'>exprimeret,</span> <span class='ocrx_word' id='word_1_122' title='bbox 1266 900 1384 932; x_wconf 90' lang='lat' dir='ltr'>minus</span> <span class='ocrx_word' id='word_1_123' title='bbox 1418 901 1503 942; x_wconf 86' lang='lat' dir='ltr'>apte</span> <span class='ocrx_word' id='word_1_124' title='bbox 1537 909 1616 931; x_wconf 90' lang='lat' dir='ltr'>cum</span> <span class='ocrx_word' id='word_1_125' title='bbox 1638 899 1736 940; x_wconf 82' lang='lat' dir='ltr'>pedi-</span> 
     </span>
     <span class='ocr_line' id='line_1_14' title="bbox 213 942 1736 988; baseline 0.001 -14"><span class='ocrx_word' id='word_1_126' title='bbox 213 942 273 974; x_wconf 82' lang='lat' dir='ltr'>bus</span> <span class='ocrx_word' id='word_1_127' title='bbox 296 946 429 984; x_wconf 84' lang='lat' dir='ltr'>captum</span> <span class='ocrx_word' id='word_1_128' title='bbox 455 943 628 985; x_wconf 88' lang='lat' dir='ltr'>coniungi</span> <span class='ocrx_word' id='word_1_129' title='bbox 653 943 847 976; x_wconf 86' lang='lat' dir='ltr'>videbatur</span> <span class='ocrx_word' id='word_1_130' title='bbox 877 946 914 976; x_wconf 83' lang='lat' dir='ltr'>et</span> <span class='ocrx_word' id='word_1_131' title='bbox 946 944 1187 988; x_wconf 84' lang='lat' dir='ltr'>expectabam</span> <span class='ocrx_word' id='word_1_132' title='bbox 1219 945 1378 977; x_wconf 71' lang='lat' dir='ltr'>hominem</span> <span class='ocrx_word' id='word_1_133' title='bbox 1406 946 1515 976; x_wconf 84' lang='lat' dir='ltr'>mitem</span> <span class='ocrx_word' id='word_1_134' title='bbox 1545 962 1588 966; x_wconf 91' lang='lat'>—--</span> <span class='ocrx_word' id='word_1_135' title='bbox 1613 946 1736 975; x_wconf 87' lang='lat' dir='ltr'>tamen</span> 
     </span>
     <span class='ocr_line' id='line_1_15' title="bbox 213 987 1767 1033; baseline 0.002 -14"><span class='ocrx_word' id='word_1_136' title='bbox 213 987 449 1027; x_wconf 83' lang='lat' dir='ltr'>vocabulum,</span> <span class='ocrx_word' id='word_1_137' title='bbox 485 987 579 1029; x_wconf 86' lang='lat' dir='ltr'>quod</span> <span class='ocrx_word' id='word_1_138' title='bbox 604 988 727 1020; x_wconf 90' lang='lat' dir='ltr'>morbo</span> <span class='ocrx_word' id='word_1_139' title='bbox 761 987 932 1020; x_wconf 88' lang='lat' dir='ltr'>affectum</span> <span class='ocrx_word' id='word_1_140' title='bbox 964 988 1192 1030; x_wconf 84' lang='lat' dir='ltr'>significaret</span> <span class='ocrx_word' id='word_1_141' title='bbox 1224 989 1390 1033; x_wconf 88' lang='lat' dir='ltr'>quodque</span> <span class='ocrx_word' id='word_1_142' title='bbox 1422 999 1486 1032; x_wconf 87' lang='lat' dir='ltr'>pro</span> <span class='ocrx_word' id='word_1_143' title='bbox 1514 991 1623 1021; x_wconf 82' lang='lat' dir='ltr'>mitem</span> <span class='ocrx_word' id='word_1_144' title='bbox 1655 988 1734 1021; x_wconf 82' lang='lat' dir='ltr'>cum</span> <span class='ocrx_word' id='word_1_145' title='bbox 1762 1019 1767 1022; x_wconf 94' lang='lat'>.</span> 
     </span>
     <span class='ocr_line' id='line_1_16' title="bbox 214 1031 1138 1077; baseline 0.003 -13"><span class='ocrx_word' id='word_1_146' title='bbox 214 1031 339 1076; x_wconf 85' lang='lat' dir='ltr'>aliqua</span> <span class='ocrx_word' id='word_1_147' title='bbox 363 1033 442 1067; x_wconf 75' lang='lat' dir='ltr'>veii</span> <span class='ocrx_word' id='word_1_148' title='bbox 467 1032 589 1077; x_wconf 86' lang='lat' dir='ltr'>specie</span> <span class='ocrx_word' id='word_1_149' title='bbox 615 1032 880 1074; x_wconf 81' lang='lat' dir='ltr'>restitueretur,</span> <span class='ocrx_word' id='word_1_150' title='bbox 906 1044 978 1074; x_wconf 83' lang='lat' dir='ltr'>non</span> <span class='ocrx_word' id='word_1_151' title='bbox 1002 1034 1138 1067; x_wconf 89' lang='lat' dir='ltr'>inveni.</span> 
     </span>
    </p>
   </div>
   <div class='ocr_carea' id='block_1_4' title="bbox 328 1127 1778 1191">
    <p class='ocr_par' dir='ltr' id='par_1_4' title="bbox 328 1127 1778 1191">
     <span class='ocr_line' id='line_1_17' title="bbox 328 1127 1778 1191; baseline 0 -19"><span class='ocrx_word' id='word_1_152' title='bbox 328 1134 418 1189; x_wconf 10' lang='lat'>*37*</span> <span class='ocrx_word' id='word_1_153' title='bbox 436 1133 580 1187; x_wconf 69' lang='lat' dir='ltr'>[krAss.</span> <span class='ocrx_word' id='word_1_154' title='bbox 593 1136 631 1172; x_wconf 88' lang='lat' dir='ltr'>G.</span> <span class='ocrx_word' id='word_1_155' title='bbox 643 1136 689 1189; x_wconf 77' lang='grc'>111</span> <span class='ocrx_word' id='word_1_156' title='bbox 701 1134 753 1188; x_wconf 77' lang='lat'>3].</span> <span class='ocrx_word' id='word_1_157' title='bbox 787 1134 943 1180; x_wconf 87' lang='lat' dir='ltr'>Canina,</span> <span class='ocrx_word' id='word_1_158' title='bbox 963 1139 1004 1174; x_wconf 84' lang='lat' dir='ltr'>ut</span> <span class='ocrx_word' id='word_1_159' title='bbox 1023 1127 1242 1186; x_wconf 74' lang='lat' dir='ltr'>aitA&#39;ppius,</span> <span class='ocrx_word' id='word_1_160' title='bbox 1265 1135 1444 1174; x_wconf 80' lang='lat' dir='ltr'>facundia</span> <span class='ocrx_word' id='word_1_161' title='bbox 1463 1133 1734 1173; x_wconf 82' lang='lat' dir='ltr'>exercebatur.</span> <span class='ocrx_word' id='word_1_162' title='bbox 1775 1190 1778 1191; x_wconf 12' lang='grc' dir='ltr'><em>γ</em></span> 
     </span>
    </p>
   </div>
   <div class='ocr_carea' id='block_1_5' title="bbox 210 1212 1737 2422">
    <p class='ocr_par' dir='ltr' id='par_1_5' title="bbox 210 1212 1737 2422">
     <span class='ocr_line' id='line_1_18' title="bbox 327 1212 1734 1255; baseline -0.001 -10"><span class='ocrx_word' id='word_1_163' title='bbox 327 1213 418 1245; x_wconf 83' lang='grc' dir='ltr'>Νοη.</span> <span class='ocrx_word' id='word_1_164' title='bbox 445 1224 478 1255; x_wconf 88' lang='lat' dir='ltr'>p.</span> <span class='ocrx_word' id='word_1_165' title='bbox 506 1212 567 1244; x_wconf 81' lang='lat'>43:</span> <span class='ocrx_word' id='word_1_166' title='bbox 594 1216 786 1255; x_wconf 84' lang='lat' dir='ltr'>postquam</span> <span class='ocrx_word' id='word_1_167' title='bbox 810 1214 977 1246; x_wconf 86' lang='lat' dir='ltr'>rabulam</span> <span class='ocrx_word' id='word_1_168' title='bbox 1002 1214 1137 1246; x_wconf 90' lang='lat' dir='ltr'>dictum</span> <span class='ocrx_word' id='word_1_169' title='bbox 1163 1224 1243 1246; x_wconf 87' lang='lat' dir='ltr'>esse</span> <span class='ocrx_word' id='word_1_170' title='bbox 1270 1224 1291 1245; x_wconf 86' lang='lat' dir='ltr'>a</span> <span class='ocrx_word' id='word_1_171' title='bbox 1317 1213 1438 1253; x_wconf 87' lang='lat' dir='ltr'>rabie,</span> <span class='ocrx_word' id='word_1_172' title='bbox 1474 1213 1534 1254; x_wconf 84' lang='lat' dir='ltr'>qui</span> <span class='ocrx_word' id='word_1_173' title='bbox 1565 1214 1640 1243; x_wconf 92' lang='lat' dir='ltr'>tum</span> <span class='ocrx_word' id='word_1_174' title='bbox 1673 1212 1734 1244; x_wconf 87' lang='lat' dir='ltr'>ad-</span> 
     </span>
     <span class='ocr_line' id='line_1_19' title="bbox 213 1256 1736 1300; baseline -0.002 -10"><span class='ocrx_word' id='word_1_175' title='bbox 213 1260 366 1290; x_wconf 87' lang='lat' dir='ltr'>vocatus</span> <span class='ocrx_word' id='word_1_176' title='bbox 391 1257 449 1290; x_wconf 90' lang='lat' dir='ltr'>vel</span> <span class='ocrx_word' id='word_1_177' title='bbox 476 1268 685 1289; x_wconf 80' lang='lat' dir='ltr'>caussarum</span> <span class='ocrx_word' id='word_1_178' title='bbox 710 1261 884 1300; x_wconf 86' lang='lat' dir='ltr'>patronus</span> <span class='ocrx_word' id='word_1_179' title='bbox 910 1259 1101 1299; x_wconf 87' lang='lat' dir='ltr'>diceretur,</span> <span class='ocrx_word' id='word_1_180' title='bbox 1130 1259 1320 1290; x_wconf 84' lang='lat' dir='ltr'>Ciceronis</span> <span class='ocrx_word' id='word_1_181' title='bbox 1347 1257 1513 1300; x_wconf 80' lang='lat' dir='ltr'>exemplo</span> <span class='ocrx_word' id='word_1_182' title='bbox 1539 1256 1599 1288; x_wconf 88' lang='lat' dir='ltr'>Or.</span> <span class='ocrx_word' id='word_1_183' title='bbox 1622 1256 1674 1298; x_wconf 85' lang='lat'>15,</span> <span class='ocrx_word' id='word_1_184' title='bbox 1693 1257 1736 1288; x_wconf 86' lang='lat'>47</span> 
     </span>
     <span class='ocr_line' id='line_1_20' title="bbox 215 1301 1735 1346; baseline -0.001 -12"><span class='ocrx_word' id='word_1_185' title='bbox 215 1303 392 1341; x_wconf 85' lang='lat' dir='ltr'>ostendit,</span> <span class='ocrx_word' id='word_1_186' title='bbox 419 1312 596 1344; x_wconf 85' lang='lat' dir='ltr'>pergens:</span> <span class='ocrx_word' id='word_1_187' title='bbox 629 1304 708 1335; x_wconf 85' lang='lat' dir='ltr'>inde</span> <span class='ocrx_word' id='word_1_188' title='bbox 732 1307 765 1335; x_wconf 85' lang='lat' dir='ltr'>et</span> <span class='ocrx_word' id='word_1_189' title='bbox 796 1303 991 1341; x_wconf 79' lang='lat' dir='ltr'>Sallustius,</span> <span class='ocrx_word' id='word_1_190' title='bbox 1026 1314 1119 1346; x_wconf 87' lang='lat' dir='ltr'>quae</span> <span class='ocrx_word' id='word_1_191' title='bbox 1151 1314 1260 1345; x_wconf 88' lang='lat' dir='ltr'>supra</span> <span class='ocrx_word' id='word_1_192' title='bbox 1291 1303 1396 1345; x_wconf 85' lang='lat' dir='ltr'>posui</span> <span class='ocrx_word' id='word_1_193' title='bbox 1426 1302 1556 1342; x_wconf 87' lang='lat' dir='ltr'>verba,</span> <span class='ocrx_word' id='word_1_194' title='bbox 1592 1301 1735 1333; x_wconf 86' lang='lat' dir='ltr'>adtulit.</span> 
     </span>
     <span class='ocr_line' id='line_1_21' title="bbox 214 1346 1736 1390; baseline -0.002 -9"><span class='ocrx_word' id='word_1_195' title='bbox 214 1348 322 1381; x_wconf 87' lang='lat' dir='ltr'>Lact.</span> <span class='ocrx_word' id='word_1_196' title='bbox 347 1348 433 1379; x_wconf 91' lang='lat' dir='ltr'>inst.</span> <span class='ocrx_word' id='word_1_197' title='bbox 458 1347 509 1379; x_wconf 93' lang='lat' dir='ltr'>VI</span> <span class='ocrx_word' id='word_1_198' title='bbox 534 1346 588 1387; x_wconf 88' lang='lat'>18,</span> <span class='ocrx_word' id='word_1_199' title='bbox 615 1347 676 1379; x_wconf 80' lang='lat'>26:</span> <span class='ocrx_word' id='word_1_200' title='bbox 701 1352 753 1380; x_wconf 81' lang='lat' dir='ltr'>set</span> <span class='ocrx_word' id='word_1_201' title='bbox 778 1351 857 1390; x_wconf 83' lang='lat' dir='ltr'>quia</span> <span class='ocrx_word' id='word_1_202' title='bbox 880 1352 953 1390; x_wconf 80' lang='lat' dir='ltr'>ipse</span> <span class='ocrx_word' id='word_1_203' title='bbox 979 1349 1150 1380; x_wconf 86' lang='lat' dir='ltr'>caninam</span> <span class='ocrx_word' id='word_1_204' title='bbox 1176 1350 1263 1380; x_wconf 85' lang='lat' dir='ltr'>illam</span> <span class='ocrx_word' id='word_1_205' title='bbox 1288 1347 1513 1387; x_wconf 84' lang='lat' dir='ltr'>facundiam,</span> <span class='ocrx_word' id='word_1_206' title='bbox 1538 1348 1587 1379; x_wconf 83' lang='lat' dir='ltr'>sie</span> <span class='ocrx_word' id='word_1_207' title='bbox 1609 1351 1645 1378; x_wconf 86' lang='lat' dir='ltr'>ut</span> <span class='ocrx_word' id='word_1_208' title='bbox 1661 1346 1736 1378; x_wconf 88' lang='lat' dir='ltr'>Sal-</span> 
     </span>
     <span class='ocr_line' id='line_1_22' title="bbox 213 1391 1737 1435; baseline -0.001 -11"><span class='ocrx_word' id='word_1_209' title='bbox 213 1393 330 1425; x_wconf 80' lang='lat' dir='ltr'>lustius</span> <span class='ocrx_word' id='word_1_210' title='bbox 354 1392 395 1428; x_wconf 74' lang='lat' dir='ltr'>ab</span> <span class='ocrx_word' id='word_1_211' title='bbox 421 1392 537 1433; x_wconf 82' lang='lat' dir='ltr'>Appio</span> <span class='ocrx_word' id='word_1_212' title='bbox 563 1393 684 1424; x_wconf 77' lang='lat' dir='ltr'>dietum</span> <span class='ocrx_word' id='word_1_213' title='bbox 709 1393 834 1434; x_wconf 80' lang='lat' dir='ltr'>refert,</span> <span class='ocrx_word' id='word_1_214' title='bbox 868 1394 1043 1425; x_wconf 87' lang='lat' dir='ltr'>exercuit.</span> <span class='ocrx_word' id='word_1_215' title='bbox 1098 1393 1238 1425; x_wconf 86' lang='lat' dir='ltr'>Eadem</span> <span class='ocrx_word' id='word_1_216' title='bbox 1270 1393 1418 1435; x_wconf 89' lang='lat' dir='ltr'>saepius</span> <span class='ocrx_word' id='word_1_217' title='bbox 1450 1391 1737 1424; x_wconf 84' lang='lat' dir='ltr'>conmemoravit</span> 
     </span>
     <span class='ocr_line' id='line_1_23' title="bbox 213 1436 1736 1479; baseline -0.001 -11"><span class='ocrx_word' id='word_1_218' title='bbox 213 1437 457 1478; x_wconf 83' lang='lat' dir='ltr'>Hieronymus</span> <span class='ocrx_word' id='word_1_219' title='bbox 482 1437 550 1479; x_wconf 89' lang='lat' dir='ltr'>Ep.</span> <span class='ocrx_word' id='word_1_220' title='bbox 577 1436 693 1469; x_wconf 89' lang='lat' dir='ltr'>CXIX</span> <span class='ocrx_word' id='word_1_221' title='bbox 719 1436 815 1479; x_wconf 79' lang='lat'>(152)</span> <span class='ocrx_word' id='word_1_222' title='bbox 845 1437 873 1469; x_wconf 91' lang='lat' dir='ltr'>l.</span> <span class='ocrx_word' id='word_1_223' title='bbox 901 1437 1031 1470; x_wconf 90' lang='lat' dir='ltr'>CXXV</span> <span class='ocrx_word' id='word_1_224' title='bbox 1051 1437 1102 1470; x_wconf 82' lang='lat'>16.</span> <span class='ocrx_word' id='word_1_225' title='bbox 1131 1438 1315 1470; x_wconf 87' lang='lat' dir='ltr'>CXXXIV</span> <span class='ocrx_word' id='word_1_226' title='bbox 1336 1437 1364 1469; x_wconf 88' lang='lat'>1.</span> <span class='ocrx_word' id='word_1_227' title='bbox 1392 1437 1472 1469; x_wconf 91' lang='lat' dir='ltr'>adv.</span> <span class='ocrx_word' id='word_1_228' title='bbox 1499 1436 1618 1468; x_wconf 90' lang='lat' dir='ltr'>Lucif.</span> <span class='ocrx_word' id='word_1_229' title='bbox 1638 1436 1736 1478; x_wconf 51' lang='lat'>&#39;1511</span> 
     </span>
     <span class='ocr_line' id='line_1_24' title="bbox 214 1479 1734 1525; baseline -0.001 -11"><span class='ocrx_word' id='word_1_230' title='bbox 214 1482 270 1514; x_wconf 90' lang='lat' dir='ltr'>ed.</span> <span class='ocrx_word' id='word_1_231' title='bbox 297 1481 455 1513; x_wconf 86' lang='lat' dir='ltr'>Vallars.</span> <span class='ocrx_word' id='word_1_232' title='bbox 482 1493 516 1524; x_wconf 90' lang='lat' dir='ltr'>p.</span> <span class='ocrx_word' id='word_1_233' title='bbox 546 1480 621 1512; x_wconf 92' lang='lat'>171.</span> <span class='ocrx_word' id='word_1_234' title='bbox 669 1483 746 1514; x_wconf 88' lang='lat' dir='ltr'>Nec</span> <span class='ocrx_word' id='word_1_235' title='bbox 771 1482 1022 1525; x_wconf 84' lang='lat' dir='ltr'>neglegendus</span> <span class='ocrx_word' id='word_1_236' title='bbox 1046 1483 1149 1515; x_wconf 87' lang='lat' dir='ltr'>locus</span> <span class='ocrx_word' id='word_1_237' title='bbox 1175 1482 1327 1522; x_wconf 81' lang='lat' dir='ltr'>Quintil.</span> <span class='ocrx_word' id='word_1_238' title='bbox 1354 1482 1438 1513; x_wconf 90' lang='lat' dir='ltr'>inst.</span> <span class='ocrx_word' id='word_1_239' title='bbox 1464 1492 1514 1514; x_wconf 89' lang='lat' dir='ltr'>or.</span> <span class='ocrx_word' id='word_1_240' title='bbox 1540 1481 1613 1513; x_wconf 91' lang='lat' dir='ltr'>XII</span> <span class='ocrx_word' id='word_1_241' title='bbox 1636 1479 1669 1522; x_wconf 81' lang='lat'>9,</span> <span class='ocrx_word' id='word_1_242' title='bbox 1694 1480 1734 1512; x_wconf 86' lang='lat'>9:</span> 
     </span>
     <span class='ocr_line' id='line_1_25' title="bbox 213 1526 1736 1570; baseline -0.001 -12"><span class='ocrx_word' id='word_1_243' title='bbox 213 1538 254 1558; x_wconf 88' lang='lat' dir='ltr'>ea</span> <span class='ocrx_word' id='word_1_244' title='bbox 279 1531 330 1558; x_wconf 79' lang='lat' dir='ltr'>esc</span> <span class='ocrx_word' id='word_1_245' title='bbox 355 1528 440 1558; x_wconf 82' lang='lat' dir='ltr'>enim</span> <span class='ocrx_word' id='word_1_246' title='bbox 462 1536 608 1568; x_wconf 80' lang='lat' dir='ltr'>prorsus</span> <span class='ocrx_word' id='word_1_247' title='bbox 633 1530 770 1564; x_wconf 75' lang='lat' dir='ltr'>canina,</span> <span class='ocrx_word' id='word_1_248' title='bbox 797 1532 846 1559; x_wconf 77' lang='lat' dir='ltr'>ut‘</span> <span class='ocrx_word' id='word_1_249' title='bbox 857 1530 904 1559; x_wconf 81' lang='lat' dir='ltr'>ait</span> <span class='ocrx_word' id='word_1_250' title='bbox 927 1528 1081 1569; x_wconf 82' lang='lat' dir='ltr'>Appius,</span> <span class='ocrx_word' id='word_1_251' title='bbox 1108 1529 1314 1570; x_wconf 81' lang='lat' dir='ltr'>eloquentia,</span> <span class='ocrx_word' id='word_1_252' title='bbox 1348 1530 1555 1568; x_wconf 62' lang='lat' dir='ltr'>cognituram</span> <span class='ocrx_word' id='word_1_253' title='bbox 1578 1527 1662 1558; x_wconf 87' lang='lat' dir='ltr'>male</span> <span class='ocrx_word' id='word_1_254' title='bbox 1687 1526 1736 1558; x_wconf 79' lang='lat' dir='ltr'>di-</span> 
     </span>
     <span class='ocr_line' id='line_1_26' title="bbox 212 1570 1735 1613; baseline -0.001 -9"><span class='ocrx_word' id='word_1_255' title='bbox 212 1573 312 1606; x_wconf 80' lang='lat' dir='ltr'>cendi</span> <span class='ocrx_word' id='word_1_256' title='bbox 334 1571 458 1603; x_wconf 81' lang='lat' dir='ltr'>subire.</span> <span class='ocrx_word' id='word_1_257' title='bbox 509 1571 583 1602; x_wconf 87' lang='lat' dir='ltr'>Cfr.</span> <span class='ocrx_word' id='word_1_258' title='bbox 611 1575 805 1613; x_wconf 88' lang='lat' dir='ltr'>praeterea</span> <span class='ocrx_word' id='word_1_259' title='bbox 830 1573 917 1604; x_wconf 87' lang='lat' dir='ltr'>Isid.</span> <span class='ocrx_word' id='word_1_260' title='bbox 944 1573 988 1604; x_wconf 87' lang='lat' dir='ltr'>de</span> <span class='ocrx_word' id='word_1_261' title='bbox 1013 1583 1150 1604; x_wconf 82' lang='lat' dir='ltr'>summo</span> <span class='ocrx_word' id='word_1_262' title='bbox 1176 1572 1270 1604; x_wconf 89' lang='lat' dir='ltr'>bono</span> <span class='ocrx_word' id='word_1_263' title='bbox 1295 1572 1351 1603; x_wconf 90' lang='grc' dir='ltr'>ΙΙΙ</span> <span class='ocrx_word' id='word_1_264' title='bbox 1376 1570 1436 1603; x_wconf 87' lang='lat'>60:</span> <span class='ocrx_word' id='word_1_265' title='bbox 1469 1572 1598 1613; x_wconf 81' lang='lat' dir='ltr'>antiqui</span> <span class='ocrx_word' id='word_1_266' title='bbox 1617 1571 1735 1611; x_wconf 80' lang='lat' dir='ltr'>foren-</span> 
     </span>
     <span class='ocr_line' id='line_1_27' title="bbox 211 1616 1734 1659; baseline -0.001 -11"><span class='ocrx_word' id='word_1_267' title='bbox 211 1627 279 1648; x_wconf 86' lang='lat' dir='ltr'>sem</span> <span class='ocrx_word' id='word_1_268' title='bbox 304 1618 524 1659; x_wconf 83' lang='lat' dir='ltr'>eloquentiam</span> <span class='ocrx_word' id='word_1_269' title='bbox 549 1619 702 1648; x_wconf 81' lang='lat' dir='ltr'>caninam</span> <span class='ocrx_word' id='word_1_270' title='bbox 722 1617 917 1658; x_wconf 76' lang='lat' dir='ltr'>facundiam</span> <span class='ocrx_word' id='word_1_271' title='bbox 942 1617 1177 1659; x_wconf 79' lang='lat' dir='ltr'>nuncupabant</span> <span class='ocrx_word' id='word_1_272' title='bbox 1210 1627 1248 1649; x_wconf 86' lang='lat' dir='ltr'>eo</span> <span class='ocrx_word' id='word_1_273' title='bbox 1282 1617 1372 1659; x_wconf 85' lang='lat' dir='ltr'>quod</span> <span class='ocrx_word' id='word_1_274' title='bbox 1401 1617 1582 1648; x_wconf 78' lang='lat' dir='ltr'>caussidicz·</span> <span class='ocrx_word' id='word_1_275' title='bbox 1603 1616 1636 1647; x_wconf 85' lang='lat' dir='ltr'>in</span> <span class='ocrx_word' id='word_1_276' title='bbox 1660 1626 1734 1647; x_wconf 85' lang='lat' dir='ltr'>cer-</span> 
     </span>
     <span class='ocr_line' id='line_1_28' title="bbox 211 1661 1735 1704; baseline -0.001 -12"><span class='ocrx_word' id='word_1_277' title='bbox 211 1661 387 1693; x_wconf 80' lang='lat' dir='ltr'>taminibus</span> <span class='ocrx_word' id='word_1_278' title='bbox 411 1671 618 1698; x_wconf 75' lang='lat' dir='ltr'>caussarum,</span> <span class='ocrx_word' id='word_1_279' title='bbox 653 1664 782 1693; x_wconf 81' lang='lat' dir='ltr'>omissis</span> <span class='ocrx_word' id='word_1_280' title='bbox 807 1673 891 1704; x_wconf 87' lang='lat' dir='ltr'>quae</span> <span class='ocrx_word' id='word_1_281' title='bbox 916 1666 1035 1704; x_wconf 75' lang='lat' dir='ltr'>ayunt,</span> <span class='ocrx_word' id='word_1_282' title='bbox 1068 1663 1172 1694; x_wconf 69' lang='lat' dir='ltr'>veluti</span> <span class='ocrx_word' id='word_1_283' title='bbox 1202 1672 1304 1693; x_wconf 81' lang='lat' dir='ltr'>canes</span> <span class='ocrx_word' id='word_1_284' title='bbox 1335 1663 1509 1693; x_wconf 84' lang='lat' dir='ltr'>adversum</span> <span class='ocrx_word' id='word_1_285' title='bbox 1539 1664 1735 1696; x_wconf 74' lang='lat' dir='ltr'>se,latrant</span> 
     </span>
     <span class='ocr_line' id='line_1_29' title="bbox 211 1705 1734 1748; baseline 0.001 -11"><span class='ocrx_word' id='word_1_286' title='bbox 211 1707 386 1748; x_wconf 74' lang='lat' dir='ltr'>iuryiaque</span> <span class='ocrx_word' id='word_1_287' title='bbox 411 1716 605 1738; x_wconf 81' lang='lat' dir='ltr'>caussarum</span> <span class='ocrx_word' id='word_1_288' title='bbox 637 1708 683 1738; x_wconf 79' lang='lat' dir='ltr'>ad</span> <span class='ocrx_word' id='word_1_289' title='bbox 706 1708 848 1738; x_wconf 80' lang='lat' dir='ltr'>iniurias</span> <span class='ocrx_word' id='word_1_290' title='bbox 879 1711 1088 1739; x_wconf 86' lang='lat' dir='ltr'>commutant.</span> <span class='ocrx_word' id='word_1_291' title='bbox 1139 1706 1350 1739; x_wconf 82' lang='lat' dir='ltr'>Sallustium</span> <span class='ocrx_word' id='word_1_292' title='bbox 1383 1716 1468 1747; x_wconf 92' lang='lat' dir='ltr'>ergo</span> <span class='ocrx_word' id='word_1_293' title='bbox 1493 1705 1590 1747; x_wconf 91' lang='lat' dir='ltr'>Appi</span> <span class='ocrx_word' id='word_1_294' title='bbox 1615 1706 1734 1739; x_wconf 78' lang='lat' dir='ltr'>cuius-</span> 
     </span>
     <span class='ocr_line' id='line_1_30' title="bbox 212 1749 1735 1792; baseline -0.001 -10"><span class='ocrx_word' id='word_1_295' title='bbox 212 1751 295 1783; x_wconf 85' lang='lat' dir='ltr'>dam</span> <span class='ocrx_word' id='word_1_296' title='bbox 321 1751 473 1790; x_wconf 87' lang='lat' dir='ltr'>dictum,</span> <span class='ocrx_word' id='word_1_297' title='bbox 501 1756 622 1782; x_wconf 81' lang='lat' dir='ltr'>canina</span> <span class='ocrx_word' id='word_1_298' title='bbox 642 1751 828 1792; x_wconf 79' lang='lat' dir='ltr'>facundia,</span> <span class='ocrx_word' id='word_1_299' title='bbox 856 1769 895 1774; x_wconf 86' lang='lat'>-—</span> <span class='ocrx_word' id='word_1_300' title='bbox 922 1762 1005 1783; x_wconf 89' lang='lat' dir='ltr'>nam</span> <span class='ocrx_word' id='word_1_301' title='bbox 1031 1752 1086 1783; x_wconf 89' lang='lat' dir='ltr'>uti</span> <span class='ocrx_word' id='word_1_302' title='bbox 1110 1751 1307 1783; x_wconf 88' lang='lat' dir='ltr'>membrum</span> <span class='ocrx_word' id='word_1_303' title='bbox 1341 1755 1375 1782; x_wconf 85' lang='lat' dir='ltr'>ut</span> <span class='ocrx_word' id='word_1_304' title='bbox 1406 1754 1454 1782; x_wconf 77' lang='lat' dir='ltr'>ait</span> <span class='ocrx_word' id='word_1_305' title='bbox 1479 1750 1614 1792; x_wconf 83' lang='lat' dir='ltr'>Appius</span> <span class='ocrx_word' id='word_1_306' title='bbox 1639 1749 1735 1792; x_wconf 89' lang='lat' dir='ltr'>apud</span> 
     </span>
     <span class='ocr_line' id='line_1_31' title="bbox 211 1794 1733 1838; baseline -0.001 -10"><span class='ocrx_word' id='word_1_307' title='bbox 211 1797 304 1828; x_wconf 92' lang='lat' dir='ltr'>Non.</span> <span class='ocrx_word' id='word_1_308' title='bbox 333 1798 368 1827; x_wconf 89' lang='lat' dir='ltr'>et</span> <span class='ocrx_word' id='word_1_309' title='bbox 395 1795 568 1835; x_wconf 76' lang='lat' dir='ltr'>Quintil.,</span> <span class='ocrx_word' id='word_1_310' title='bbox 603 1796 766 1837; x_wconf 89' lang='lat' dir='ltr'>quodque</span> <span class='ocrx_word' id='word_1_311' title='bbox 791 1807 854 1838; x_wconf 89' lang='lat' dir='ltr'>pro</span> <span class='ocrx_word' id='word_1_312' title='bbox 888 1807 930 1829; x_wconf 91' lang='lat' dir='ltr'>eo</span> <span class='ocrx_word' id='word_1_313' title='bbox 955 1797 1175 1829; x_wconf 87' lang='lat' dir='ltr'>Lactantius</span> <span class='ocrx_word' id='word_1_314' title='bbox 1207 1796 1372 1838; x_wconf 86' lang='lat' dir='ltr'>scripsit,</span> <span class='ocrx_word' id='word_1_315' title='bbox 1407 1794 1634 1827; x_wconf 84' lang='lat' dir='ltr'>conlocatum</span> <span class='ocrx_word' id='word_1_316' title='bbox 1666 1797 1733 1835; x_wconf 85' lang='lat' dir='ltr'>est,</span> 
     </span>
     <span class='ocr_line' id='line_1_32' title="bbox 211 1840 1733 1883; baseline -0.002 -10"><span class='ocrx_word' id='word_1_317' title='bbox 211 1851 378 1873; x_wconf 79' lang='lat' dir='ltr'>eoeercere</span> <span class='ocrx_word' id='word_1_318' title='bbox 403 1840 553 1872; x_wconf 86' lang='lat' dir='ltr'>verbum</span> <span class='ocrx_word' id='word_1_319' title='bbox 580 1841 626 1872; x_wconf 88' lang='lat' dir='ltr'>ab</span> <span class='ocrx_word' id='word_1_320' title='bbox 653 1841 780 1873; x_wconf 87' lang='lat' dir='ltr'>eodem</span> <span class='ocrx_word' id='word_1_321' title='bbox 803 1842 1000 1883; x_wconf 89' lang='lat' dir='ltr'>repetitum</span> <span class='ocrx_word' id='word_1_322' title='bbox 1027 1842 1140 1873; x_wconf 88' lang='lat' dir='ltr'>fuisse</span> <span class='ocrx_word' id='word_1_323' title='bbox 1167 1840 1342 1873; x_wconf 88' lang='lat' dir='ltr'>credibile</span> <span class='ocrx_word' id='word_1_324' title='bbox 1371 1851 1444 1872; x_wconf 92' lang='lat' dir='ltr'>non</span> <span class='ocrx_word' id='word_1_325' title='bbox 1470 1842 1525 1871; x_wconf 89' lang='lat' dir='ltr'>est</span> <span class='ocrx_word' id='word_1_326' title='bbox 1547 1856 1593 1862; x_wconf 92' lang='lat'>—</span> <span class='ocrx_word' id='word_1_327' title='bbox 1616 1842 1733 1871; x_wconf 86' lang='lat' dir='ltr'>trans-</span> 
     </span>
     <span class='ocr_line' id='line_1_33' title="bbox 211 1885 1733 1927; baseline 0 -11"><span class='ocrx_word' id='word_1_328' title='bbox 211 1885 340 1917; x_wconf 85' lang='lat' dir='ltr'>tulisse</span> <span class='ocrx_word' id='word_1_329' title='bbox 367 1885 520 1927; x_wconf 85' lang='lat' dir='ltr'>adparet</span> <span class='ocrx_word' id='word_1_330' title='bbox 546 1885 592 1917; x_wconf 88' lang='lat' dir='ltr'>ad</span> <span class='ocrx_word' id='word_1_331' title='bbox 615 1885 798 1918; x_wconf 90' lang='lat' dir='ltr'>hominem</span> <span class='ocrx_word' id='word_1_332' title='bbox 824 1886 861 1917; x_wconf 93' lang='lat' dir='ltr'>in</span> <span class='ocrx_word' id='word_1_333' title='bbox 887 1886 1041 1918; x_wconf 87' lang='lat' dir='ltr'>dicendo</span> <span class='ocrx_word' id='word_1_334' title='bbox 1068 1886 1261 1918; x_wconf 88' lang='lat' dir='ltr'>rabiosum.</span> <span class='ocrx_word' id='word_1_335' title='bbox 1305 1885 1394 1916; x_wconf 90' lang='lat' dir='ltr'>Cum</span> <span class='ocrx_word' id='word_1_336' title='bbox 1413 1885 1525 1926; x_wconf 84' lang='lat' dir='ltr'>igitur</span> <span class='ocrx_word' id='word_1_337' title='bbox 1541 1894 1733 1926; x_wconf 85' lang='lat' dir='ltr'>praegres-</span> 
     </span>
     <span class='ocr_line' id='line_1_34' title="bbox 212 1927 1734 1972; baseline -0.001 -11"><span class='ocrx_word' id='word_1_338' title='bbox 212 1941 289 1962; x_wconf 86' lang='lat' dir='ltr'>sum</span> <span class='ocrx_word' id='word_1_339' title='bbox 322 1930 452 1972; x_wconf 85' lang='lat' dir='ltr'>fragm.</span> <span class='ocrx_word' id='word_1_340' title='bbox 486 1930 675 1969; x_wconf 83' lang='lat' dir='ltr'>ostendat,</span> <span class='ocrx_word' id='word_1_341' title='bbox 709 1940 790 1962; x_wconf 90' lang='lat' dir='ltr'>eum</span> <span class='ocrx_word' id='word_1_342' title='bbox 821 1931 859 1962; x_wconf 92' lang='lat' dir='ltr'>in</span> <span class='ocrx_word' id='word_1_343' title='bbox 883 1930 946 1963; x_wconf 90' lang='lat' dir='ltr'>lib.</span> <span class='ocrx_word' id='word_1_344' title='bbox 973 1931 1011 1963; x_wconf 94' lang='lat' dir='ltr'>II</span> <span class='ocrx_word' id='word_1_345' title='bbox 1042 1931 1095 1962; x_wconf 89' lang='lat' dir='ltr'>de·</span> <span class='ocrx_word' id='word_1_346' title='bbox 1118 1931 1231 1963; x_wconf 78' lang='lat' dir='ltr'>Sicini</span> <span class='ocrx_word' id='word_1_347' title='bbox 1262 1929 1477 1972; x_wconf 88' lang='lat' dir='ltr'>inpudentia</span> <span class='ocrx_word' id='word_1_348' title='bbox 1511 1929 1648 1961; x_wconf 81' lang='lat' dir='ltr'>dixisse</span> <span class='ocrx_word' id='word_1_349' title='bbox 1674 1927 1734 1970; x_wconf 85' lang='lat' dir='ltr'>(de</span> 
     </span>
     <span class='ocr_line' id='line_1_35' title="bbox 213 1973 1735 2017; baseline -0.001 -11"><span class='ocrx_word' id='word_1_350' title='bbox 213 1985 284 2017; x_wconf 88' lang='lat' dir='ltr'>qua</span> <span class='ocrx_word' id='word_1_351' title='bbox 310 1975 375 2009; x_wconf 88' lang='lat' dir='ltr'>cfr.</span> <span class='ocrx_word' id='word_1_352' title='bbox 403 1976 513 2007; x_wconf 77' lang='lat' dir='ltr'>etiam</span> <span class='ocrx_word' id='word_1_353' title='bbox 537 1975 632 2007; x_wconf 91' lang='lat' dir='ltr'>Plut.</span> <span class='ocrx_word' id='word_1_354' title='bbox 661 1974 781 2007; x_wconf 88' lang='lat' dir='ltr'>Crass.</span> <span class='ocrx_word' id='word_1_355' title='bbox 811 1986 841 2007; x_wconf 91' lang='lat' dir='ltr'>c.</span> <span class='ocrx_word' id='word_1_356' title='bbox 868 1975 914 2017; x_wconf 93' lang='lat'>7),</span> <span class='ocrx_word' id='word_1_357' title='bbox 941 1986 1013 2008; x_wconf 89' lang='lat' dir='ltr'>non</span> <span class='ocrx_word' id='word_1_358' title='bbox 1037 1975 1157 2014; x_wconf 88' lang='lat' dir='ltr'>video,</span> <span class='ocrx_word' id='word_1_359' title='bbox 1185 1985 1253 2016; x_wconf 92' lang='lat' dir='ltr'>quo</span> <span class='ocrx_word' id='word_1_360' title='bbox 1279 1977 1492 2016; x_wconf 84' lang='lat' dir='ltr'>argumento</span> <span class='ocrx_word' id='word_1_361' title='bbox 1518 1973 1735 2005; x_wconf 85' lang='lat' dir='ltr'>refellantur</span> 
     </span>
     <span class='ocr_line' id='line_1_36' title="bbox 213 2019 1732 2061; baseline -0.001 -10"><span class='ocrx_word' id='word_1_362' title='bbox 213 2020 267 2059; x_wconf 89' lang='lat' dir='ltr'>ei,</span> <span class='ocrx_word' id='word_1_363' title='bbox 301 2020 362 2061; x_wconf 90' lang='lat' dir='ltr'>qui</span> <span class='ocrx_word' id='word_1_364' title='bbox 395 2020 441 2052; x_wconf 88' lang='lat' dir='ltr'>ad</span> <span class='ocrx_word' id='word_1_365' title='bbox 474 2020 627 2051; x_wconf 89' lang='lat' dir='ltr'>eundem</span> <span class='ocrx_word' id='word_1_366' title='bbox 658 2019 752 2052; x_wconf 89' lang='lat' dir='ltr'>haec</span> <span class='ocrx_word' id='word_1_367' title='bbox 784 2030 923 2061; x_wconf 89' lang='lat' dir='ltr'>quoque</span> <span class='ocrx_word' id='word_1_368' title='bbox 955 2020 1069 2051; x_wconf 90' lang='lat' dir='ltr'>verba</span> <span class='ocrx_word' id='word_1_369' title='bbox 1100 2019 1296 2051; x_wconf 87' lang='lat' dir='ltr'>referunda</span> <span class='ocrx_word' id='word_1_370' title='bbox 1328 2029 1407 2051; x_wconf 88' lang='lat' dir='ltr'>esse</span> <span class='ocrx_word' id='word_1_371' title='bbox 1434 2019 1613 2060; x_wconf 86' lang='lat' dir='ltr'>suspicati</span> <span class='ocrx_word' id='word_1_372' title='bbox 1638 2021 1732 2059; x_wconf 88' lang='lat' dir='ltr'>sunt.</span> 
     </span>
     <span class='ocr_line' id='line_1_37' title="bbox 211 2063 1733 2106; baseline -0.001 -10"><span class='ocrx_word' id='word_1_373' title='bbox 211 2065 304 2096; x_wconf 90' lang='lat' dir='ltr'>Nam</span> <span class='ocrx_word' id='word_1_374' title='bbox 328 2067 368 2096; x_wconf 92' lang='lat' dir='ltr'>ut</span> <span class='ocrx_word' id='word_1_375' title='bbox 392 2065 430 2096; x_wconf 92' lang='lat' dir='ltr'>in</span> <span class='ocrx_word' id='word_1_376' title='bbox 455 2065 572 2105; x_wconf 86' lang='lat' dir='ltr'>ipsum</span> <span class='ocrx_word' id='word_1_377' title='bbox 598 2064 773 2096; x_wconf 87' lang='lat' dir='ltr'>Sicinium</span> <span class='ocrx_word' id='word_1_378' title='bbox 798 2065 932 2096; x_wconf 89' lang='lat' dir='ltr'>dictum</span> <span class='ocrx_word' id='word_1_379' title='bbox 956 2064 1046 2096; x_wconf 88' lang='lat' dir='ltr'>illud</span> <span class='ocrx_word' id='word_1_380' title='bbox 1078 2064 1123 2096; x_wconf 89' lang='lat' dir='ltr'>ab</span> <span class='ocrx_word' id='word_1_381' title='bbox 1148 2064 1266 2106; x_wconf 88' lang='lat' dir='ltr'>Appio</span> <span class='ocrx_word' id='word_1_382' title='bbox 1292 2065 1429 2095; x_wconf 88' lang='lat' dir='ltr'>iactum</span> <span class='ocrx_word' id='word_1_383' title='bbox 1453 2063 1566 2095; x_wconf 83' lang='lat' dir='ltr'>fuisse</span> <span class='ocrx_word' id='word_1_384' title='bbox 1592 2065 1733 2105; x_wconf 85' lang='lat' dir='ltr'>statua.-</span> 
     </span>
     <span class='ocr_line' id='line_1_38' title="bbox 211 2108 1734 2150; baseline -0.001 -9"><span class='ocrx_word' id='word_1_385' title='bbox 211 2119 300 2147; x_wconf 85' lang='lat' dir='ltr'>mus,</span> <span class='ocrx_word' id='word_1_386' title='bbox 327 2110 417 2140; x_wconf 87' lang='lat' dir='ltr'>satis</span> <span class='ocrx_word' id='word_1_387' title='bbox 443 2109 577 2140; x_wconf 86' lang='lat' dir='ltr'>idonea</span> <span class='ocrx_word' id='word_1_388' title='bbox 611 2119 742 2140; x_wconf 88' lang='lat' dir='ltr'>caussa</span> <span class='ocrx_word' id='word_1_389' title='bbox 767 2119 839 2140; x_wconf 87' lang='lat' dir='ltr'>non</span> <span class='ocrx_word' id='word_1_390' title='bbox 874 2113 938 2141; x_wconf 90' lang='lat' dir='ltr'>est.</span> <span class='ocrx_word' id='word_1_391' title='bbox 989 2109 1052 2141; x_wconf 84' lang='lat' dir='ltr'>Set</span> <span class='ocrx_word' id='word_1_392' title='bbox 1083 2109 1276 2141; x_wconf 88' lang='lat' dir='ltr'>obscurum</span> <span class='ocrx_word' id='word_1_393' title='bbox 1308 2111 1364 2140; x_wconf 89' lang='lat' dir='ltr'>est</span> <span class='ocrx_word' id='word_1_394' title='bbox 1395 2108 1454 2150; x_wconf 90' lang='lat' dir='ltr'>qui</span> <span class='ocrx_word' id='word_1_395' title='bbox 1485 2108 1624 2150; x_wconf 85' lang='lat' dir='ltr'>Appius</span> <span class='ocrx_word' id='word_1_396' title='bbox 1655 2108 1734 2139; x_wconf 87' lang='lat' dir='ltr'>eius</span> 
     </span>
     <span class='ocr_line' id='line_1_39' title="bbox 210 2152 1735 2196; baseline -0.001 -11"><span class='ocrx_word' id='word_1_397' title='bbox 210 2153 404 2185; x_wconf 86' lang='lat' dir='ltr'>locutionis</span> <span class='ocrx_word' id='word_1_398' title='bbox 429 2154 598 2185; x_wconf 89' lang='lat' dir='ltr'>inventor</span> <span class='ocrx_word' id='word_1_399' title='bbox 614 2153 736 2185; x_wconf 82' lang='lat' dir='ltr'>fuerit.</span> <span class='ocrx_word' id='word_1_400' title='bbox 785 2154 838 2185; x_wconf 90' lang='lat' dir='ltr'>Ac</span> <span class='ocrx_word' id='word_1_401' title='bbox 863 2154 934 2195; x_wconf 86' lang='lat' dir='ltr'>duo</span> <span class='ocrx_word' id='word_1_402' title='bbox 958 2154 1102 2196; x_wconf 89' lang='lat' dir='ltr'>quidem</span> <span class='ocrx_word' id='word_1_403' title='bbox 1126 2154 1238 2196; x_wconf 90' lang='lat' dir='ltr'>Appii</span> <span class='ocrx_word' id='word_1_404' title='bbox 1264 2153 1421 2193; x_wconf 85' lang='lat' dir='ltr'>Claudii,</span> <span class='ocrx_word' id='word_1_405' title='bbox 1449 2163 1537 2194; x_wconf 90' lang='lat' dir='ltr'>quos</span> <span class='ocrx_word' id='word_1_406' title='bbox 1553 2154 1678 2185; x_wconf 86' lang='lat' dir='ltr'>Drum.</span> <span class='ocrx_word' id='word_1_407' title='bbox 1697 2152 1735 2184; x_wconf 92' lang='lat' dir='ltr'>II</span> 
     </span>
     <span class='ocr_line' id='line_1_40' title="bbox 211 2196 1735 2240; baseline 0 -12"><span class='ocrx_word' id='word_1_408' title='bbox 211 2210 245 2240; x_wconf 87' lang='lat' dir='ltr'>p.</span> <span class='ocrx_word' id='word_1_409' title='bbox 275 2197 335 2229; x_wconf 86' lang='lat'>181</span> <span class='ocrx_word' id='word_1_410' title='bbox 362 2208 415 2229; x_wconf 89' lang='lat' dir='ltr'>nr.</span> <span class='ocrx_word' id='word_1_411' title='bbox 441 2196 485 2229; x_wconf 89' lang='grc'>26</span> <span class='ocrx_word' id='word_1_412' title='bbox 509 2208 543 2228; x_wconf 87' lang='grc'>11.</span> <span class='ocrx_word' id='word_1_413' title='bbox 570 2196 614 2229; x_wconf 91' lang='lat'>76</span> <span class='ocrx_word' id='word_1_414' title='bbox 638 2198 781 2230; x_wconf 88' lang='lat' dir='ltr'>videtur</span> <span class='ocrx_word' id='word_1_415' title='bbox 806 2199 1035 2237; x_wconf 88' lang='lat' dir='ltr'>confudisse,</span> <span class='ocrx_word' id='word_1_416' title='bbox 1069 2199 1114 2230; x_wconf 93' lang='lat' dir='ltr'>ob</span> <span class='ocrx_word' id='word_1_417' title='bbox 1147 2198 1607 2237; x_wconf 61' lang='lat' dir='ltr'>dicta.con1nemorantur,</span> <span class='ocrx_word' id='word_1_418' title='bbox 1640 2197 1735 2229; x_wconf 87' lang='lat' dir='ltr'>alter</span> 
     </span>
     <span class='ocr_line' id='line_1_41' title="bbox 211 2241 1734 2283; baseline -0.001 -9"><span class='ocrx_word' id='word_1_419' title='bbox 211 2243 328 2275; x_wconf 89' lang='lat' dir='ltr'>maior</span> <span class='ocrx_word' id='word_1_420' title='bbox 351 2245 441 2274; x_wconf 89' lang='lat' dir='ltr'>natu</span> <span class='ocrx_word' id='word_1_421' title='bbox 466 2253 545 2274; x_wconf 90' lang='lat' dir='ltr'>cum</span> <span class='ocrx_word' id='word_1_422' title='bbox 571 2252 710 2274; x_wconf 89' lang='lat' dir='ltr'>summa</span> <span class='ocrx_word' id='word_1_423' title='bbox 735 2243 844 2275; x_wconf 89' lang='lat' dir='ltr'>laude</span> <span class='ocrx_word' id='word_1_424' title='bbox 863 2243 907 2275; x_wconf 89' lang='lat' dir='ltr'>de</span> <span class='ocrx_word' id='word_1_425' title='bbox 927 2254 977 2276; x_wconf 90' lang='lat' dir='ltr'>or.</span> <span class='ocrx_word' id='word_1_426' title='bbox 994 2244 1031 2275; x_wconf 91' lang='grc' dir='ltr'>ΙΙ</span> <span class='ocrx_word' id='word_1_427' title='bbox 1049 2242 1102 2283; x_wconf 88' lang='grc'>70,</span> <span class='ocrx_word' id='word_1_428' title='bbox 1122 2243 1189 2274; x_wconf 85' lang='grc'>284</span> <span class='ocrx_word' id='word_1_429' title='bbox 1207 2254 1239 2275; x_wconf 88' lang='lat' dir='ltr'>a.</span> <span class='ocrx_word' id='word_1_430' title='bbox 1255 2253 1290 2274; x_wconf 92' lang='lat' dir='ltr'>u.</span> <span class='ocrx_word' id='word_1_431' title='bbox 1310 2253 1342 2274; x_wconf 87' lang='lat' dir='ltr'>a.</span> <span class='ocrx_word' id='word_1_432' title='bbox 1364 2242 1403 2274; x_wconf 87' lang='lat' dir='ltr'>C.</span> <span class='ocrx_word' id='word_1_433' title='bbox 1433 2241 1506 2282; x_wconf 89' lang='grc'>107,</span> <span class='ocrx_word' id='word_1_434' title='bbox 1535 2242 1629 2274; x_wconf 83' lang='lat' dir='ltr'>alter</span> <span class='ocrx_word' id='word_1_435' title='bbox 1654 2252 1734 2273; x_wconf 88' lang='lat' dir='ltr'>cum</span> 
     </span>
     <span class='ocr_line' id='line_1_42' title="bbox 211 2287 1733 2330; baseline -0.001 -11"><span class='ocrx_word' id='word_1_436' title='bbox 211 2287 446 2319; x_wconf 83' lang='lat' dir='ltr'>scurrilitatis</span> <span class='ocrx_word' id='word_1_437' title='bbox 471 2287 756 2328; x_wconf 88' lang='lat' dir='ltr'>reprehensione</span> <span class='ocrx_word' id='word_1_438' title='bbox 775 2288 862 2320; x_wconf 87' lang='lat' dir='ltr'>ibid.</span> <span class='ocrx_word' id='word_1_439' title='bbox 881 2287 936 2327; x_wconf 88' lang='lat'>60,</span> <span class='ocrx_word' id='word_1_440' title='bbox 955 2287 1033 2328; x_wconf 81' lang='grc'>246,</span> <span class='ocrx_word' id='word_1_441' title='bbox 1062 2298 1166 2330; x_wconf 87' lang='lat' dir='ltr'>quem</span> <span class='ocrx_word' id='word_1_442' title='bbox 1191 2291 1277 2327; x_wconf 87' lang='lat' dir='ltr'>tum,</span> <span class='ocrx_word' id='word_1_443' title='bbox 1305 2298 1385 2319; x_wconf 92' lang='lat' dir='ltr'>cum</span> <span class='ocrx_word' id='word_1_444' title='bbox 1409 2287 1495 2319; x_wconf 91' lang='lat' dir='ltr'>libri</span> <span class='ocrx_word' id='word_1_445' title='bbox 1519 2287 1564 2319; x_wconf 89' lang='lat' dir='ltr'>de</span> <span class='ocrx_word' id='word_1_446' title='bbox 1589 2289 1733 2319; x_wconf 87' lang='lat' dir='ltr'>oratore</span> 
     </span>
     <span class='ocr_line' id='line_1_43' title="bbox 211 2332 1734 2374; baseline 0 -11"><span class='ocrx_word' id='word_1_447' title='bbox 211 2333 350 2374; x_wconf 83' lang='lat' dir='ltr'>scripti⁷</span> <span class='ocrx_word' id='word_1_448' title='bbox 379 2332 496 2363; x_wconf 91' lang='lat' dir='ltr'>adhuc</span> <span class='ocrx_word' id='word_1_449' title='bbox 522 2332 753 2374; x_wconf 71' lang='lat' dir='ltr'>superstitem</span> <span class='ocrx_word' id='word_1_450' title='bbox 778 2333 892 2365; x_wconf 87' lang='lat' dir='ltr'>fuisse</span> <span class='ocrx_word' id='word_1_451' title='bbox 918 2333 1113 2365; x_wconf 86' lang='lat' dir='ltr'>ostendunt</span> <span class='ocrx_word' id='word_1_452' title='bbox 1137 2333 1250 2365; x_wconf 87' lang='lat' dir='ltr'>verba</span> <span class='ocrx_word' id='word_1_453' title='bbox 1274 2337 1309 2364; x_wconf 91' lang='lat' dir='ltr'>ut</span> <span class='ocrx_word' id='word_1_454' title='bbox 1332 2334 1413 2369; x_wconf 85' lang='lat' dir='ltr'>iste,</span> <span class='ocrx_word' id='word_1_455' title='bbox 1447 2332 1503 2374; x_wconf 82' lang='lat' dir='ltr'>qui</span> <span class='ocrx_word' id='word_1_456' title='bbox 1530 2342 1567 2364; x_wconf 87' lang='lat' dir='ltr'>se</span> <span class='ocrx_word' id='word_1_457' title='bbox 1594 2332 1661 2363; x_wconf 82' lang='lat' dir='ltr'>vult</span> <span class='ocrx_word' id='word_1_458' title='bbox 1685 2332 1734 2363; x_wconf 81' lang='lat' dir='ltr'>cti-</span> 
     </span>
     <span class='ocr_line' id='line_1_44' title="bbox 210 2375 1732 2422; baseline -0.001 -12"><span class='ocrx_word' id='word_1_459' title='bbox 210 2388 320 2410; x_wconf 82' lang='lat' dir='ltr'>cacem</span> <span class='ocrx_word' id='word_1_460' title='bbox 338 2381 370 2410; x_wconf 87' lang='lat' dir='ltr'>et</span> <span class='ocrx_word' id='word_1_461' title='bbox 387 2377 570 2409; x_wconf 76' lang='lat' dir='ltr'>mehercule</span> <span class='ocrx_word' id='word_1_462' title='bbox 588 2381 648 2415; x_wconf 78' lang='lat' dir='ltr'>est,</span> <span class='ocrx_word' id='word_1_463' title='bbox 668 2378 812 2419; x_wconf 81' lang='lat' dir='ltr'>Appius,</span> <span class='ocrx_word' id='word_1_464' title='bbox 830 2382 882 2410; x_wconf 87' lang='lat' dir='ltr'>set</span> <span class='ocrx_word' id='word_1_465' title='bbox 898 2389 1143 2422; x_wconf 68' lang='lat' dir='ltr'>nonnumquam</span> <span class='ocrx_word' id='word_1_466' title='bbox 1154 2379 1186 2409; x_wconf 85' lang='lat' dir='ltr'>in</span> <span class='ocrx_word' id='word_1_467' title='bbox 1203 2378 1266 2410; x_wconf 75' lang='lat' dir='ltr'>hoc</span> <span class='ocrx_word' id='word_1_468' title='bbox 1277 2375 1387 2409; x_wconf 64' lang='lat' dir='ltr'>uitium</span> <span class='ocrx_word' id='word_1_469' title='bbox 1398 2379 1540 2409; x_wconf 82' lang='lat' dir='ltr'>scurrile</span> <span class='ocrx_word' id='word_1_470' title='bbox 1554 2375 1732 2409; x_wconf 81' lang='lat' dir='ltr'>delabitur.</span> 
     </span>
    </p>
   </div>
   <div class='ocr_carea' id='block_1_6' title="bbox 323 2452 1758 2509">
    <p class='ocr_par' dir='ltr' id='par_1_6' title="bbox 323 2452 1758 2509">
     <span class='ocr_line' id='line_1_45' title="bbox 323 2452 1758 2509; baseline -0.001 -11"><span class='ocrx_word' id='word_1_471' title='bbox 323 2467 392 2498; x_wconf 87' lang='lat' dir='ltr'>His</span> <span class='ocrx_word' id='word_1_472' title='bbox 417 2466 490 2498; x_wconf 84' lang='lat' dir='ltr'>iam</span> <span class='ocrx_word' id='word_1_473' title='bbox 515 2466 733 2508; x_wconf 81' lang='lat' dir='ltr'>subiungam</span> <span class='ocrx_word' id='word_1_474' title='bbox 758 2467 967 2509; x_wconf 84' lang='lat' dir='ltr'>fragmenta</span> <span class='ocrx_word' id='word_1_475' title='bbox 993 2478 1036 2499; x_wconf 86' lang='lat' dir='ltr'>ex</span> <span class='ocrx_word' id='word_1_476' title='bbox 1061 2467 1149 2499; x_wconf 86' lang='lat' dir='ltr'>folio</span> <span class='ocrx_word' id='word_1_477' title='bbox 1168 2452 1403 2509; x_wconf 86' lang='lat' dir='ltr'>palimpsesto</span> <span class='ocrx_word' id='word_1_478' title='bbox 1421 2465 1613 2505; x_wconf 84' lang='lat' dir='ltr'>Toletano,</span> <span class='ocrx_word' id='word_1_479' title='bbox 1639 2465 1734 2506; x_wconf 86' lang='lat' dir='ltr'>quod</span> <span class='ocrx_word' id='word_1_480' title='bbox 1750 2487 1758 2492; x_wconf 82' lang='lat'><em>-</em></span> 
     </span>
    </p>
   </div>
   <div class='ocr_carea' id='block_1_7' title="bbox 213 2509 1790 2554">
    <p class='ocr_par' dir='ltr' id='par_1_7' title="bbox 213 2509 1790 2554">
     <span class='ocr_line' id='line_1_46' title="bbox 213 2509 1790 2554; baseline -0.001 -11"><span class='ocrx_word' id='word_1_481' title='bbox 213 2512 258 2544; x_wconf 88' lang='lat' dir='ltr'>ab</span> <span class='ocrx_word' id='word_1_482' title='bbox 276 2511 410 2543; x_wconf 90' lang='lat' dir='ltr'>Heinio</span> <span class='ocrx_word' id='word_1_483' title='bbox 435 2514 629 2552; x_wconf 88' lang='lat' dir='ltr'>repertum,</span> <span class='ocrx_word' id='word_1_484' title='bbox 655 2511 739 2543; x_wconf 93' lang='lat' dir='ltr'>Livi</span> <span class='ocrx_word' id='word_1_485' title='bbox 763 2516 896 2553; x_wconf 89' lang='lat' dir='ltr'>putans</span> <span class='ocrx_word' id='word_1_486' title='bbox 915 2512 1135 2554; x_wconf 81' lang='lat' dir='ltr'>fragmenta,</span> <span class='ocrx_word' id='word_1_487' title='bbox 1164 2512 1276 2543; x_wconf 88' lang='lat' dir='ltr'>edidit</span> <span class='ocrx_word' id='word_1_488' title='bbox 1300 2512 1467 2543; x_wconf 88' lang='lat' dir='ltr'>Pertzius</span> <span class='ocrx_word' id='word_1_489' title='bbox 1486 2510 1606 2542; x_wconf 89' lang='lat' dir='ltr'>Berol.</span> <span class='ocrx_word' id='word_1_490' title='bbox 1634 2509 1732 2550; x_wconf 77' lang='lat'>1848,</span> <span class='ocrx_word' id='word_1_491' title='bbox 1780 2514 1790 2518; x_wconf 73' lang='grc'><strong>“</strong></span> 
     </span>
    </p>
   </div>
   <div class='ocr_carea' id='block_1_8' title="bbox 146 2555 1732 2956">
    <p class='ocr_par' dir='ltr' id='par_1_8' title="bbox 146 2555 1732 2956">
     <span class='ocr_line' id='line_1_47' title="bbox 211 2555 1732 2598; baseline -0.001 -10"><span class='ocrx_word' id='word_1_492' title='bbox 211 2558 535 2598; x_wconf 68' lang='lat' dir='ltr'>tractaveruntqpe</span> <span class='ocrx_word' id='word_1_493' title='bbox 560 2556 793 2597; x_wconf 77' lang='lat' dir='ltr'>Kreyssigius</span> <span class='ocrx_word' id='word_1_494' title='bbox 819 2556 955 2588; x_wconf 90' lang='lat' dir='ltr'>Comm.</span> <span class='ocrx_word' id='word_1_495' title='bbox 981 2556 1025 2588; x_wconf 90' lang='lat' dir='ltr'>de</span> <span class='ocrx_word' id='word_1_496' title='bbox 1051 2557 1092 2588; x_wconf 92' lang='lat' dir='ltr'>T.</span> <span class='ocrx_word' id='word_1_497' title='bbox 1118 2556 1198 2588; x_wconf 92' lang='lat' dir='ltr'>Liv.</span> <span class='ocrx_word' id='word_1_498' title='bbox 1217 2556 1313 2587; x_wconf 88' lang='lat' dir='ltr'>Hist.</span> <span class='ocrx_word' id='word_1_499' title='bbox 1339 2556 1504 2597; x_wconf 85' lang='lat' dir='ltr'>reliquiis</span> <span class='ocrx_word' id='word_1_500' title='bbox 1529 2565 1573 2587; x_wconf 87' lang='lat' dir='ltr'>ex</span> <span class='ocrx_word' id='word_1_501' title='bbox 1596 2555 1732 2587; x_wconf 79' lang='lat' dir='ltr'>Palim-</span> 
     </span>
     <span class='ocr_line' id='line_1_48' title="bbox 146 2599 1731 2644; baseline -0.001 -11"><span class='ocrx_word' id='word_1_502' title='bbox 146 2622 148 2625; x_wconf 35' lang='grc' dir='ltr'><strong>ν</strong></span> <span class='ocrx_word' id='word_1_503' title='bbox 210 2604 334 2644; x_wconf 86' lang='lat' dir='ltr'>pscsto</span> <span class='ocrx_word' id='word_1_504' title='bbox 359 2600 539 2632; x_wconf 86' lang='lat' dir='ltr'>Toletano</span> <span class='ocrx_word' id='word_1_505' title='bbox 566 2600 677 2632; x_wconf 81' lang='lat' dir='ltr'>erutis</span> <span class='ocrx_word' id='word_1_506' title='bbox 706 2599 791 2632; x_wconf 82' lang='lat'>1849</span> <span class='ocrx_word' id='word_1_507' title='bbox 817 2603 853 2632; x_wconf 91' lang='lat' dir='ltr'>et</span> <span class='ocrx_word' id='word_1_508' title='bbox 879 2600 983 2632; x_wconf 83' lang='lat' dir='ltr'>Curis</span> <span class='ocrx_word' id='word_1_509' title='bbox 1009 2600 1178 2632; x_wconf 84' lang='lat' dir='ltr'>secundis</span> <span class='ocrx_word' id='word_1_510' title='bbox 1207 2600 1308 2637; x_wconf 80' lang='grc'>1852,</span> <span class='ocrx_word' id='word_1_511' title='bbox 1335 2601 1535 2632; x_wconf 85' lang='lat' dir='ltr'>Mommsen</span> <span class='ocrx_word' id='word_1_512' title='bbox 1559 2599 1731 2631; x_wconf 89' lang='lat' dir='ltr'>Berichte</span> 
     </span>
     <span class='ocr_line' id='line_1_49' title="bbox 211 2644 1730 2687; baseline -0.001 -10"><span class='ocrx_word' id='word_1_513' title='bbox 211 2647 275 2678; x_wconf 87' lang='lat' dir='ltr'>der</span> <span class='ocrx_word' id='word_1_514' title='bbox 301 2645 502 2678; x_wconf 83' lang='lat' dir='ltr'>Gesellsch.</span> <span class='ocrx_word' id='word_1_515' title='bbox 528 2645 561 2676; x_wconf 90' lang='lat' dir='ltr'>d.</span> <span class='ocrx_word' id='word_1_516' title='bbox 588 2645 811 2677; x_wconf 85' lang='lat' dir='ltr'>Wissensch.</span> <span class='ocrx_word' id='word_1_517' title='bbox 839 2655 883 2676; x_wconf 86' lang='lat' dir='ltr'>zu</span> <span class='ocrx_word' id='word_1_518' title='bbox 907 2645 1062 2687; x_wconf 88' lang='lat' dir='ltr'>Leipzig</span> <span class='ocrx_word' id='word_1_519' title='bbox 1086 2646 1123 2676; x_wconf 89' lang='grc' dir='ltr'>ΙΙ</span> <span class='ocrx_word' id='word_1_520' title='bbox 1147 2644 1167 2676; x_wconf 88' lang='lat'><strong>3</strong></span> <span class='ocrx_word' id='word_1_521' title='bbox 1191 2656 1224 2686; x_wconf 92' lang='lat' dir='ltr'>p.</span> <span class='ocrx_word' id='word_1_522' title='bbox 1257 2644 1328 2684; x_wconf 76' lang='grc'>196,</span> <span class='ocrx_word' id='word_1_523' title='bbox 1355 2644 1566 2676; x_wconf 86' lang='lat' dir='ltr'>Huschkius</span> <span class='ocrx_word' id='word_1_524' title='bbox 1591 2644 1730 2676; x_wconf 89' lang='lat' dir='ltr'>Ztschr.</span> 
     </span>
     <span class='ocr_line' id='line_1_50' title="bbox 212 2656 1732 2732; baseline -0.002 -8.964"><span class='ocrx_word' id='word_1_525' title='bbox 212 2691 236 2723; x_wconf 87' lang='lat' dir='ltr'>f.</span> <span class='ocrx_word' id='word_1_526' title='bbox 264 2689 479 2732; x_wconf 80' lang='lat' dir='ltr'>geschielitl.</span> <span class='ocrx_word' id='word_1_527' title='bbox 507 2689 901 2722; x_wconf 84' lang='lat' dir='ltr'>Rechtswissenschaft</span> <span class='ocrx_word' id='word_1_528' title='bbox 924 2690 990 2721; x_wconf 90' lang='lat' dir='ltr'>XV</span> <span class='ocrx_word' id='word_1_529' title='bbox 1021 2689 1041 2721; x_wconf 83' lang='lat'><strong>3</strong></span> <span class='ocrx_word' id='word_1_530' title='bbox 1067 2701 1101 2731; x_wconf 92' lang='lat' dir='ltr'>p.</span> <span class='ocrx_word' id='word_1_531' title='bbox 1126 2656 1210 2728; x_wconf 89' lang='grc'>273,</span> <span class='ocrx_word' id='word_1_532' title='bbox 1242 2669 1503 2721; x_wconf 88' lang='lat' dir='ltr'>Weissenborn</span> <span class='ocrx_word' id='word_1_533' title='bbox 1533 2689 1651 2730; x_wconf 85' lang='lat' dir='ltr'>praef.</span> <span class='ocrx_word' id='word_1_534' title='bbox 1685 2688 1732 2720; x_wconf 82' lang='lat' dir='ltr'>ad</span> 
     </span>
     <span class='ocr_line' id='line_1_51' title="bbox 211 2701 1730 2781; baseline -0.001 -14"><span class='ocrx_word' id='word_1_535' title='bbox 211 2736 291 2768; x_wconf 88' lang='lat' dir='ltr'>Liv.</span> <span class='ocrx_word' id='word_1_536' title='bbox 318 2735 390 2781; x_wconf 61' lang='lat' dir='ltr'>vol.</span> <span class='ocrx_word' id='word_1_537' title='bbox 415 2735 466 2766; x_wconf 94' lang='lat' dir='ltr'>VI</span> <span class='ocrx_word' id='word_1_538' title='bbox 490 2745 524 2776; x_wconf 92' lang='lat' dir='ltr'>p.</span> <span class='ocrx_word' id='word_1_539' title='bbox 554 2734 593 2766; x_wconf 86' lang='lat'>15</span> <span class='ocrx_word' id='word_1_540' title='bbox 619 2745 694 2776; x_wconf 89' lang='lat' dir='ltr'>sqq.</span> <span class='ocrx_word' id='word_1_541' title='bbox 720 2734 843 2776; x_wconf 82' lang='lat' dir='ltr'>Bergk</span> <span class='ocrx_word' id='word_1_542' title='bbox 868 2733 1043 2766; x_wconf 87' lang='lat' dir='ltr'>Zeitschr.</span> <span class='ocrx_word' id='word_1_543' title='bbox 1067 2701 1096 2765; x_wconf 90' lang='lat' dir='ltr'>lf.</span> <span class='ocrx_word' id='word_1_544' title='bbox 1123 2734 1156 2765; x_wconf 89' lang='lat' dir='ltr'>d.</span> <span class='ocrx_word' id='word_1_545' title='bbox 1183 2733 1389 2765; x_wconf 87' lang='lat' dir='ltr'>Alterthsw.</span> <span class='ocrx_word' id='word_1_546' title='bbox 1415 2734 1448 2765; x_wconf 92' lang='lat' dir='ltr'>X</span> <span class='ocrx_word' id='word_1_547' title='bbox 1472 2744 1507 2775; x_wconf 91' lang='lat' dir='ltr'>p</span> <span class='ocrx_word' id='word_1_548' title='bbox 1531 2732 1609 2765; x_wconf 81' lang='lat'>880.</span> <span class='ocrx_word' id='word_1_549' title='bbox 1651 2732 1730 2765; x_wconf 75' lang='lat' dir='ltr'>Sal-</span> 
     </span>
     <span class='ocr_line' id='line_1_52' title="bbox 211 2744 1731 2820; baseline -0.001 -10"><span class='ocrx_word' id='word_1_550' title='bbox 211 2780 297 2811; x_wconf 84' lang='lat' dir='ltr'>lusti</span> <span class='ocrx_word' id='word_1_551' title='bbox 331 2790 375 2813; x_wconf 89' lang='lat' dir='ltr'>ea</span> <span class='ocrx_word' id='word_1_552' title='bbox 383 2774 614 2820; x_wconf 80' lang='lat' dir='ltr'>fragmenta</span> <span class='ocrx_word' id='word_1_553' title='bbox 648 2789 727 2811; x_wconf 87' lang='lat' dir='ltr'>esse</span> <span class='ocrx_word' id='word_1_554' title='bbox 760 2779 1052 2811; x_wconf 86' lang='lat' dir='ltr'>demonstrarunt</span> <span class='ocrx_word' id='word_1_555' title='bbox 1076 2778 1181 2810; x_wconf 85' lang='lat' dir='ltr'>Roth.</span> <span class='ocrx_word' id='word_1_556' title='bbox 1209 2779 1300 2809; x_wconf 87' lang='lat' dir='ltr'>Mus.</span> <span class='ocrx_word' id='word_1_557' title='bbox 1327 2778 1442 2810; x_wconf 88' lang='lat' dir='ltr'>Rhen.</span> <span class='ocrx_word' id='word_1_558' title='bbox 1472 2744 1564 2810; x_wconf 92' lang='lat' dir='ltr'>VIII</span> <span class='ocrx_word' id='word_1_559' title='bbox 1594 2777 1683 2811; x_wconf 82' lang='lat'>433</span> <span class='ocrx_word' id='word_1_560' title='bbox 1695 2779 1731 2809; x_wconf 79' lang='lat' dir='ltr'>et</span> 
     </span>
     <span class='ocr_line' id='line_1_53' title="bbox 212 2821 1731 2866; baseline -0.001 -12"><span class='ocrx_word' id='word_1_561' title='bbox 212 2825 444 2866; x_wconf 74' lang='lat' dir='ltr'>Heerwagen</span> <span class='ocrx_word' id='word_1_562' title='bbox 467 2823 504 2854; x_wconf 91' lang='lat' dir='ltr'>in</span> <span class='ocrx_word' id='word_1_563' title='bbox 529 2824 733 2865; x_wconf 76' lang='lat' dir='ltr'>Kreyssigii</span> <span class='ocrx_word' id='word_1_564' title='bbox 765 2823 922 2866; x_wconf 53' lang='lat' dir='ltr'>epistola</span> <span class='ocrx_word' id='word_1_565' title='bbox 954 2823 1000 2855; x_wconf 89' lang='lat' dir='ltr'>ad</span> <span class='ocrx_word' id='word_1_566' title='bbox 1024 2823 1121 2854; x_wconf 84' lang='lat' dir='ltr'>Frid.</span> <span class='ocrx_word' id='word_1_567' title='bbox 1149 2823 1325 2854; x_wconf 86' lang='lat' dir='ltr'>Kritzium</span> <span class='ocrx_word' id='word_1_568' title='bbox 1357 2823 1401 2854; x_wconf 88' lang='grc'>(18</span> <span class='ocrx_word' id='word_1_569' title='bbox 1429 2821 1468 2853; x_wconf 90' lang='lat' dir='ltr'>C.</span> <span class='ocrx_word' id='word_1_570' title='bbox 1496 2822 1583 2854; x_wconf 87' lang='lat' dir='ltr'>Sall.</span> <span class='ocrx_word' id='word_1_571' title='bbox 1612 2821 1731 2864; x_wconf 86' lang='lat' dir='ltr'>Crispi</span> 
     </span>
     <span class='ocr_line' id='line_1_54' title="bbox 212 2866 1730 2910; baseline -0.001 -11"><span class='ocrx_word' id='word_1_572' title='bbox 212 2869 348 2899; x_wconf 80' lang='lat' dir='ltr'>Histor.</span> <span class='ocrx_word' id='word_1_573' title='bbox 389 2869 451 2899; x_wconf 89' lang='lat' dir='ltr'>lib.</span> <span class='ocrx_word' id='word_1_574' title='bbox 485 2869 522 2899; x_wconf 92' lang='lat' dir='ltr'>II</span> <span class='ocrx_word' id='word_1_575' title='bbox 560 2868 723 2910; x_wconf 87' lang='lat' dir='ltr'>reliquiis</span> <span class='ocrx_word' id='word_1_576' title='bbox 757 2879 800 2900; x_wconf 84' lang='lat' dir='ltr'>ex</span> <span class='ocrx_word' id='word_1_577' title='bbox 830 2868 909 2900; x_wconf 85' lang='lat' dir='ltr'>Pal.</span> <span class='ocrx_word' id='word_1_578' title='bbox 943 2867 1023 2900; x_wconf 87' lang='lat' dir='ltr'>Tol.</span> <span class='ocrx_word' id='word_1_579' title='bbox 1058 2868 1180 2900; x_wconf 85' lang='lat' dir='ltr'>erutis.</span> <span class='ocrx_word' id='word_1_580' title='bbox 1221 2868 1387 2899; x_wconf 82' lang='lat' dir='ltr'>Misenae</span> <span class='ocrx_word' id='word_1_581' title='bbox 1422 2866 1518 2898; x_wconf 76' lang='lat'>1852.</span> <span class='ocrx_word' id='word_1_582' title='bbox 1560 2866 1730 2909; x_wconf 81' lang='lat' dir='ltr'>Effigiem</span> 
     </span>
     <span class='ocr_line' id='line_1_55' title="bbox 212 2910 1732 2956; baseline -0.001 -11"><span class='ocrx_word' id='word_1_583' title='bbox 212 2913 372 2945; x_wconf 85' lang='lat' dir='ltr'>Kritzius</span> <span class='ocrx_word' id='word_1_584' title='bbox 398 2913 548 2945; x_wconf 87' lang='lat' dir='ltr'>editioni</span> <span class='ocrx_word' id='word_1_585' title='bbox 573 2914 632 2945; x_wconf 85' lang='lat' dir='ltr'>Fr.</span> <span class='ocrx_word' id='word_1_586' title='bbox 660 2913 928 2956; x_wconf 84' lang='lat' dir='ltr'>adiungendam</span> <span class='ocrx_word' id='word_1_587' title='bbox 953 2913 1106 2946; x_wconf 85' lang='lat' dir='ltr'>curavit.</span> <span class='ocrx_word' id='word_1_588' title='bbox 1147 2913 1326 2952; x_wconf 76' lang='lat' dir='ltr'>Quoniam</span> <span class='ocrx_word' id='word_1_589' title='bbox 1345 2914 1466 2944; x_wconf 85' lang='lat' dir='ltr'>autem</span> <span class='ocrx_word' id='word_1_590' title='bbox 1490 2911 1618 2944; x_wconf 87' lang='lat' dir='ltr'>folium</span> <span class='ocrx_word' id='word_1_591' title='bbox 1641 2910 1732 2943; x_wconf 90' lang='lat' dir='ltr'>illud</span> 
     </span>
    </p>
   </div>
  </div>
 </body>
</html>
