1826 3282
610 221 911 250 111s¹1=01z1A1zv1u
946 222 1031 248 mn.
1063 221 1107 249 1v
1137 214 1194 250 61.
1588 203 1665 243 113

141 329 242 370 13111,
282 325 390 364 initio
426 324 638 376 prodidere
669 322 880 367 Antiocho,
919 323 1026 373 pacis
1056 320 1300 365 mercedem,
1340 323 1449 371 post,
1488 319 1666 359 habitum

142 392 342 432 custodiae
370 393 455 442 agri
485 391 643 442 captivi,
683 389 903 440 sumptibus
932 394 970 428 et
1000 388 1245 428 coutumeliis
1276 401 1322 427 ex
1356 400 1450 439 rege
1476 388 1663 427 miserru-

140 472 246 500 mum
283 471 488 500 servorum
523 459 690 498 effecere
729 456 989 508 simulatoque
1021 458 1126 507 inpio
1165 460 1397 495 testamento
1430 454 1553 495 filium
1581 457 1665 495 eius

139 527 420 572 Aristonicum,
445 527 546 578 „quia
583 526 753 576 patrium
791 535 958 575 regnum
991 525 1198 575 petiverat,
1237 523 1407 562 hostium
1441 536 1552 563 more
1591 535 1663 576 per

91 605 113 638 9
138 595 381 646 triumphum
411 595 582 634 duxere:
614 593 703 632 Asia
732 592 780 631 ab
811 593 906 643 ipsis
922 591 1081 631 obsessa
1100 596 1170 630 est.
1220 591 1424 630 Postremo
1442 591 1662 644 Bithyniam
1681 605 1697 629 5

138 662 352 703 Nicomede
382 665 540 701 mortuo
575 660 794 711 diripuere,
834 672 923 699 cum
952 659 1054 698 filius
1083 659 1204 711 Nysa,
1244 671 1361 710 quam
1389 661 1566 710 reginam
1595 659 1662 699 ad-

70 740 112 773 10
136 729 365 781 pellaverat,
396 730 550 780 genitus
581 728 675 767 haut
698 727 815 767 dubie
846 731 960 767 esset.
1013 726 1111 766 Nam
1137 726 1229 778 quid
1257 737 1330 776 ego
1352 739 1414 766 me
1440 726 1662 778 adpellem?

137 810 254 849 quem
294 798 510 837 diiunctum
553 796 725 847 undique
763 796 896 845 regnis
928 798 965 834 et
994 794 1216 833 tetrarchiis
1244 793 1293 837 ab
1328 795 1480 845 inperio
1509 807 1659 841 eorum,

135 866 225 915 quia
264 865 366 904 sama
402 869 485 904 erat
522 864 680 903 divitem
715 875 846 914 neque
883 863 1121 901 serviturum
1158 873 1261 907 esse,
1302 873 1373 911 per
1407 862 1659 902 Nicomedem

133 932 238 972 116110
265 932 568 977 lacessiverunt,
599 930 759 970 sceleris
788 942 925 969 60111111
956 930 1051 968 haut
1070 930 1270 979 ignarum,
1303 934 1341 967 et
1370 942 1436 974 ea,
1468 942 1567 982 quae
1597 943 1660 969 ac-
1679 944 1708 969 ιο

134 1000 286 1045 cidere,
320 1004 502 1039 testatum
533 1003 646 1038 antea
675 998 894 1042 Cretensis,
925 996 1029 1035 solos
1057 997 1233 1036 oninium
1261 995 1407 1036 liberos
1438 1010 1482 1036 ea
1514 1001 1661 1049 tempe-

66 1077 104 1109 11
132 1071 251 1112 state,
280 1071 319 1107 et
343 1079 478 1118 regem
509 1065 790 1106 Ptolemaeum.
847 1065 974 1116 Atque
1001 1076 1074 1114 ego
1094 1063 1198 1104 ultus
1226 1065 1387 1103 iniurias
1406 1065 1659 1104 Nicomedem

132 1134 311 1185 Bithynia
341 1134 472 1185 expuli
497 1134 727 1184 Asiamque,
757 1132 924 1183 spolium
955 1133 1058 1182 regis
1088 1131 1287 1177 Antiochi,
1318 1133 1451 1183 recepi
1480 1137 1518 1172 et
1538 1133 1660 1172 Grae-

29 1199 34 1205 ’
64 1213 105 1245 12
132 1203 214 1241 ciae
251 1202 402 1254 dempsi
438 1215 555 1254 grave
589 1201 801 1240 servitium.
878 1200 1038 1250 Incepta
1072 1211 1159 1238 mea
1196 1203 1419 1250 postremus
1454 1213 1660 1240 servorum

128 1267 344 1309 Archelaus
388 1271 562 1309 exercitu
605 1268 762 1321 prodito
810 1267 1015 1319 inpedivit:
1062 1266 1216 1317 illique,
1257 1279 1356 1318 quos
1397 1269 1548 1318 ignavia
1592 1273 1704 1308 311115

128 1349 246 1388 prava
285 1337 493 1384 calliditas,
539 1341 584 1376 ut
621 1337 718 1375 meis
765 1335 968 1375 laboribus
997 1335 1070 1374 tuti
1107 1338 1256 1379 essent,
1300 1336 1419 1374 armis
1455 1336 1655 1382 abstinuit,

128 1404 415 1444 acerbissumas
452 1399 600 1457 poenas
642 1404 814 1449 solvunt,
855 1402 1104 1443 Ptolemaeus
1133 1403 1268 1453 precio
1305 1403 1344 1441 in
1384 1403 1466 1443 dies
1506 1403 1654 1443 bellum

129 1472 348 1522 prolatans,
376 1472 583 1513 Cretenses
613 1473 818 1524 inpugnati
846 1470 968 1511 semel
998 1471 1076 1510 iam
1103 1483 1231 1522 neque
1261 1470 1379 1510 finem
1409 1472 1483 1510 nisi
1504 1471 1655 1510 excidio

62 1545 102 1578 13
129 1539 311 1580 habituri.
378 1540 570 1592 Equidem
615 1553 705 1580 cum
747 1540 844 1579 mihi
887 1539 936 1578 ob
982 1539 1159 1591 ipsorum
1196 1539 1349 1577 interna
1394 1538 1494 1577 mala
1539 1539 1656 1579 dilata

127 1607 275 1658 proelia
306 1610 430 1659 magis
463 1620 581 1660 quam
611 1619 749 1658 pacem
774 1608 903 1646 datam
928 1605 1218 1657 intellegerem,
1252 1606 1450 1646 abnuente
1470 1606 1652 1657 Tigrane,
1669 1618 1702 1644 20

128 1676 193 1727 qui
222 1688 309 1715 mea
340 1676 443 1715 dicta
474 1688 564 1715 sero
594 1675 755 1727 probat,
798 1678 836 1714 te
868 1678 1022 1713 remoto
1054 1673 1214 1724 procul,
1259 1673 1442 1713 omnibus
1471 1675 1555 1714 aliis
1584 1674 1654 1713 011-

126 1744 273 1789 noxiiS,
304 1755 444 1783 rursus
464 1747 606 1782 tamen
638 1742 786 1781 bellum
823 1743 908 1792 cepi
935 1741 1189 1793 Marcumque
1220 1740 1392 1786 Cottam,
1432 1741 1653 1781 Romanum

129 1810 288 1855 durem,
319 1811 423 1861 apud
447 1810 694 1850 Chalcedona
720 1814 824 1848 terra
858 1809 962 1854 sudi,
997 1809 1096 1847 mari
1117 1809 1205 1847 exui
1233 1808 1355 1847 classe
1388 1808 1653 1859 pulcerruma.

61 1884 102 1916 14
127 1878 238 1928 Apud
271 1877 452 1930 Cyzicum
492 1888 635 1927 magno
674 1889 764 1916 cum
798 1878 973 1916 exercitu
1008 1876 1048 1914 in
1087 1875 1237 1914 obsidio
1271 1877 1437 1915 moranti
1479 1877 1653 1916 frumen-

125 1950 206 1984 tum
236 1945 358 1985 defuit
392 1945 499 1985 nullo
535 1944 684 1984 circum
716 1945 935 1983 adnitente:
973 1942 1089 1982 simul
1116 1943 1242 1982 hiems
1275 1944 1374 1982 mari
1404 1944 1650 1994 prohibebat.
1667 1953 1700 1978 25

124 2013 179 2052 Ita
209 2013 292 2052 sine
321 2014 356 2052 vi
387 2013 557 2053 hostium
587 2012 746 2064 regredi
776 2016 938 2051 conatus
970 2012 1009 2050 in
1036 2012 1206 2062 patrium
1244 2021 1410 2060 regnum
1440 2013 1653 2062 naufragiis

124 2081 227 2132 apud
255 2081 413 2120 Parium
444 2085 482 2120 et
511 2083 626 2131 apud
653 2079 884 2120 Heracleam
921 2078 1086 2118 militum
1130 2082 1312 2128 optumos
1343 2091 1433 2118 cum
1464 2078 1654 2118 classibus

57 2154 98 2186 15
124 2149 247 2187 amisi.
307 2148 500 2187 Restituto
532 2148 672 2187 deinde
703 2147 807 2199 apud
833 2146 1023 2186 Caberam
1053 2146 1227 2186 exercitu
1256 2152 1294 2185 et
1320 2148 1436 2197 variis
1465 2148 1566 2186 inter
1590 2159 1653 2186 me

123 2221 239 2267 atque
272 2215 479 2255 Lucullum
517 2202 677 2267 proeliis
714 2216 842 2267 inopia
885 2227 1023 2254 rursus
1050 2214 1188 2254 ambos
1218 2215 1387 2254 incessit.
1449 2214 1507 2252 llli
1536 2214 1674 2254 sube-·

235 2306 347 2338 Tnsr.
376 2315 454 2338 sen.
498 2304 553 2337 28.
582 2305 725 2337 Charis.
743 2316 779 2347 p.
801 2304 881 2338 119:
908 2305 1034 2337 Ambos
1056 2305 1233 2337 Terentius
1258 2306 1292 2336 in
1316 2305 1484 2346 Adelphis
1508 2323 1551 2326 —
1576 2304 1652 2336 Sal—

120 2353 237 2383 lustius
256 2361 384 2394 qnoque
401 2352 618 2383 historiar-um
635 2351 720 2383 libro
737 2351 830 2383 IIII:
856 2350 954 2382 inter
969 2361 1026 2382 me
1045 2353 1153 2392 atque
1171 2350 1364 2382 Lucullum
1388 2360 1502 2392 prope
1527 2350 1653 2392 inopia

120 2406 244 2428 rursus
270 2396 396 2428 ambos
420 2396 584 2428 incessit.

119 2497 152 2529 2.
180 2497 280 2540 capti
304 2497 342 2530 vi
367 2496 411 2532 23.
437 2515 479 2519 —
506 2496 540 2530 3.
560 2496 708 2530 efficere
726 2496 770 2532 23.
803 2515 840 2520 --
865 2497 898 2529 4.
918 2508 983 2539 per
1000 2496 1187 2529 triumfum
1206 2496 1342 2528 duxere
1361 2495 1405 2530 Q.
1433 2513 1472 2518 --
1499 2495 1532 2526 5.
1552 2498 1650 2536 post-

120 2553 219 2574 remo
244 2542 454 2585 Bithyniam
471 2542 514 2577 23.
556 2546 739 2585 postremo
756 2545 871 2574 totam
888 2542 1100 2583 Bithyniam
1128 2542 1220 2574 Cort.
1240 2546 1273 2573 et
1291 2542 1403 2573 Kritz.
1431 2559 1473 2562 *-
1497 2539 1530 2572 6.
1550 2541 1650 2580 Nysa

120 2586 164 2622 Q.
212 2588 315 2620 Nusa
341 2587 433 2620 Cort.
457 2605 503 2611 —
525 2587 558 2620 8.
583 2588 785 2619 diiunctum
802 2586 845 2621 Q.
888 2587 1109 2619 disiunctum
1129 2587 1222 2619 Cor-t.
1246 2604 1290 2609 -—
1310 2586 1363 2617 13.
1383 2585 1649 2617 Graeciaedem

121 2633 152 2664 si
176 2642 351 2675 graveser
374 2632 502 2666 vitium
526 2632 571 2667 Q.
598 2650 640 2657 —
667 2632 721 2665 16.
747 2636 788 2665 ut
812 2631 855 2667 Q.
882 2633 935 2664 uti
963 2633 1054 2665 Gerl.
1081 2650 1125 2654 —
1152 2631 1205 2663 18.
1231 2631 1427 2673 inpugnati
1453 2629 1496 2663 Q.
1525 2647 1564 2651 —
1596 2628 1647 2660 19.

119 2677 268 2710 habitur
284 2676 328 2712 23.
393 2687 499 2720 quom
523 2677 568 2718 23,
595 2689 692 2720 quam
714 2681 920 2720 scripturam
943 2677 995 2709 bis
1018 2679 1052 2709 in
1076 2688 1115 2709 eo
1141 2677 1226 2709 libro
1246 2676 1399 2713 inveniri,
1425 2676 1529 2706 semel
1552 2683 1646 2715 qum,

121 2723 203 2754 alibi
226 2733 307 2755 cum
331 2727 474 2755 testatus
498 2727 549 2755 est
575 2723 729 2755 Orellius.
770 2741 812 2745 —
852 2721 907 2754 20.
935 2722 1190 2763 intellegerem
1215 2720 1260 2755 523.
1300 2737 1346 2743 —
1383 2719 1439 2750 22.
1473 2719 1577 2761 coepi
1602 2718 1646 2753 58.

122 2768 205 2810 cepi
234 2769 313 2800 Vat.
339 2769 372 2800 2.
401 2769 495 2800 Cor-t.
521 2786 564 2790 —
589 2767 644 2800 23.
673 2768 909 2800 Calchedona
933 2767 976 2802 Q.
1045 2766 1300 2809 pulcherruma
1325 2764 1368 2798 Q.
1397 2782 1437 2786 —--
1463 2764 1519 2795 25.
1547 2764 1646 2796 adni-

121 2816 222 2844 tente
247 2812 291 2847 Q.
362 2812 503 2855 hiemps
528 2812 571 2846 ἓξ.
600 2831 639 2835 —
665 2812 720 2845 26.
749 2817 902 2845 conatus
926 2812 969 2846 Ψ.
1014 2814 1163 2843 coactus
1189 2811 1270 2841 AM.
1293 2809 1389 2840 1500.
1419 2810 1512 2840 (lm-t.
1578 2809 1647 2840 Pa-

122 2857 227 2889 trium
252 2857 296 2891 23.
324 2875 365 2880 —
389 2858 445 2889 27.
473 2858 569 2900 apud
593 2868 664 2889 meo
690 2863 796 2889 marte
821 2859 960 2889 inserui.
998 2874 1035 2878 —
1066 2856 1120 2886 28.
1148 2855 1329 2886 calu-ram
1355 2854 1385 2888 Q
1411 2858 1444 2885 et
1468 2858 1531 2885 vet·
1558 2854 1646 2886 libri.

123 2902 260 2933 Cabira
286 2902 418 2934 Carrio.
447 2903 538 2935 Cor-c.

213 2968 394 3001 SAnsz'r.
414 2979 473 3001 En.
492 2970 675 3001 Dm'rscri.
724 2970 771 3001 II.
1351 2954 1375 2994 8
