1838 3288
828 210 960 237 mosx
1575 187 1656 228 215

129 312 153 345 J
169 310 233 352 96,
248 310 278 346 l.
307 311 398 344 ‘iuro
415 309 507 344 belli
522 319 627 343 suam
644 309 785 342 factam
799 309 824 342 J
840 308 914 350 102,
938 309 990 342 13.
1030 309 1207 342 victorem
1225 306 1306 339 fieri
1321 306 1358 339 Η
1372 304 1423 338 IV
1438 301 1496 343 61,
1513 300 1569 334 23.
1580 347 1595 354 -
1611 312 1656 334 ex

129 357 354 391 necessariis
371 356 528 389 advorsa
545 355 650 388 facta
663 355 689 387 J
708 353 762 393 14,
775 354 826 387 16.
860 365 904 386 ex
921 354 1154 397 pulcerruma
1170 371 1213 376 —-
1229 361 1401 395 pessuma
1417 349 1521 382 facta
1537 347 1564 380 0
1578 356 1612 387 ἱ),
1621 346 1654 379 9.

130 412 176 436 ex
192 402 404 436 iustissumo
421 400 568 434 crudele
586 400 726 433 factum
742 399 770 432 C
792 398 832 431 10
844 425 852 440 ,
870 399 902 432 6.
943 399 1075 432 fortem
1100 410 1146 431 ex
1162 398 1290 431 timido
1306 396 1390 429 fieri
1404 394 1433 427 C
1449 391 1505 433 58,
1526 391 1557 425 1.
1590 402 1655 444 pro

130 446 349 480 mortalibus
367 445 511 479 aeterni
527 445 659 478 fierent
671 444 696 477 J
715 444 744 485 l,
762 444 798 477 5.
832 455 877 476 ex
894 445 1006 476 coriis
1022 448 1123 476 utres
1139 444 1269 476 fierent
1282 443 1308 475 J
1322 441 1378 482 91,
1399 440 1430 473 1.
1469 449 1516 471 ex
1531 447 1655 479 inopia

130 493 247 525 satias
264 491 370 524 facta
385 492 421 523 H
437 491 474 523 11
489 489 544 523 29.
587 490 672 532 quid
695 490 741 522 de
766 489 819 521 eis
843 489 920 522 fieri
943 490 1094 532 placeat
1111 489 1138 521 C
1156 487 1218 529 50,
1238 487 1270 521 3.
1310 487 1398 528 quid
1419 485 1458 517 in
1474 483 1560 516 illos
1576 482 1654 534 iure

129 536 210 570 fieri
235 539 360 580 posset
380 535 408 568 C
426 535 488 575 51,
506 534 529 568 6
550 537 638 568 cord.
667 534 718 568 17.
757 534 854 567 idem
878 534 918 566 fit
941 535 1075 568 ceteris
1099 534 1127 567 C
1151 534 1213 574 55,
1231 533 1264 565 2.
1306 533 1384 565 iure
1402 532 1547 564 factum
1567 531 1616 560 sit
1630 527 1655 559 J

129 581 185 622 31,
203 581 237 614 8.
278 581 491 616 faciundum
507 580 648 622 aliquid
662 580 686 612 J
705 579 780 618 111,
799 578 829 611 1.
859 581 938 612 Vid.
957 579 1094 612 consul.
1123 589 1252 622 gerere
1270 586 1382 620 quam
1396 575 1476 608 fieri
1492 577 1654 615 tempore

128 627 312 669 posterius
330 629 387 659 est
401 626 425 658 J
441 624 497 665 85,
517 625 570 658 12.
610 635 654 658 eo
670 624 712 656 fit
727 627 767 656 ut
785 624 812 656 O
829 624 884 664 52,
903 624 957 657 23.
984 624 1039 664 53,
1058 625 1092 657 4.
1108 637 1156 652 =
1176 626 1311 656 fautum.
1343 621 1438 664 quod
1454 620 1594 652 factum
1609 633 1656 641 »d

127 674 363 714 percusserat
379 671 407 703 O
425 671 480 710 24,
501 670 531 703 1.
564 670 797 702 atrocitatem
814 670 907 702 facti
921 670 945 702 J
962 670 1018 708 27,
1040 670 1068 702 1.
1109 669 1252 702 invidia
1268 668 1361 701 facti
1376 667 1401 699 J
1417 664 1472 705 29,
1490 664 1523 697 5.
1548 662 1604 702 35,
1617 661 1652 694 8.

127 726 247 759 neque
265 716 368 749 facto
383 726 503 758 neque
520 716 619 748 dicto
635 715 710 747 ullo
729 715 917 747 abstinere
933 715 957 747 J
972 714 1028 756 64,
1043 715 1075 747 5.
1110 714 1155 746 de
1173 715 1199 747 f.
1219 712 1382 746 consulis
1396 712 1420 744 J
1437 710 1493 749 31,
1514 708 1544 741 1.
1576 717 1653 740 ma-

127 767 209 796 ture
226 761 328 794 facto
345 771 434 803 opus
453 764 510 794 est
527 760 555 792 C
576 760 607 800 1,
624 759 646 792 6
669 763 756 793 conl.
781 760 844 800 43,
860 759 893 792 3.
911 760 967 798 45,
980 760 1009 792 1.
1027 759 1082 800 46,
1093 760 1125 791 2.
1163 759 1268 792 facta
1284 758 1393 790 dictis
1411 752 1653 795 exaequanda

126 809 212 840 sunt
227 806 255 838 C
273 805 305 846 3,
324 806 357 838 2.
390 806 494 838 facta
512 816 560 838 an
575 806 677 838 dicta
693 805 810 847 pluris
827 805 900 837 sint
915 806 940 838 J
955 805 1011 846 85,
1033 804 1085 837 14.
1117 804 1397 836 Atheniensium
1414 802 1442 833 C
1458 799 1492 841 8,
1510 798 1544 831 3.
1576 807 1652 830 ma·

125 852 239 884 iorum
258 852 370 884 fortia
385 851 410 884 J
424 850 482 891 85,
498 851 532 883 4.
548 850 605 883 21.
646 854 839 893 parentum
855 851 892 882 H
906 851 943 883 Π
960 850 1013 883 14.
1047 851 1150 882 facta
1168 849 1322 882 aliorum
1338 847 1502 880 scribere
1519 843 1548 875 C
1565 842 1597 883 3,
1620 841 1650 874 1.

127 907 250 930 eorum
267 897 393 930 cuncti
408 906 543 929 novere
563 895 590 928 C
607 895 650 927 51
662 920 673 935 ,
693 896 745 928 12.
788 905 912 927 eorum
931 896 1044 928 fortia
1066 897 1218 928 noverat
1243 893 1271 926 C
1294 892 1357 931 59,
1375 891 1408 925 6.
1448 893 1573 924 vostra
1590 898 1650 920 ae-

125 945 244 975 stumo
261 941 289 975 C
307 941 364 980 58,
385 940 438 973 18.
477 942 593 974 verba
610 941 752 973 inimici
769 943 856 973 ante
875 941 978 973 facta
994 951 1061 973 sua
1077 950 1212 982 ponere
1228 939 1252 972 J
1272 938 1323 978 15,
1344 937 1374 970 l.
1414 947 1482 969 sua
1499 934 1651 977 quisque

125 987 237 1019 fortia
254 1004 295 1010 -
315 986 388 1018 fert
402 986 427 1019 J
442 985 504 1027 53,
523 985 557 1019 8.
597 988 756 1018 meamet
779 986 903 1018 dicere
925 986 950 1019 J
970 985 1033 1026 85,
1051 985 1106 1018 24.
1147 985 1272 1027 turpia
1293 983 1458 1016 oratione
1482 983 1611 1022 tegere
1627 979 1652 1010 J

124 1031 188 1072 85,
213 1031 270 1064 31.
315 1031 355 1063 in
381 1031 499 1073 gloria
516 1034 689 1063 numeret
710 1031 746 1062 H
767 1031 785 1062 1
807 1030 870 1070 41,
893 1030 945 1064 19.
990 1031 1192 1064 aemulator
1217 1032 1298 1062 erat
1320 1029 1355 1060 H
1377 1027 1434 1060 111
1458 1027 1489 1058 7.
1538 1024 1650 1058 factis

124 1080 231 1109 notus
247 1077 294 1116 ej.
311 1077 335 1108 J
351 1075 407 1115 63,
425 1076 458 1107 4.
498 1075 604 1108 homo
622 1076 733 1108 factis
751 1076 913 1118 egregiis
927 1077 952 1109 J
967 1076 1023 1115 63,
1042 1076 1074 1108 7.
1114 1076 1219 1108 facta
1235 1085 1318 1107 cum
1334 1073 1443 1105 dictis
1460 1069 1652 1112 conposuit

123 1123 147 1154 J
163 1121 226 1162 48,
249 1121 277 1153 1.
318 1121 479 1153 moribus
504 1120 652 1162 factisq.
678 1121 828 1162 dignum
853 1122 1004 1154 exitium
1021 1120 1049 1153 C
1066 1120 1129 1160 55,
1147 1120 1180 1153 6.
1220 1130 1285 1162 pro
1302 1118 1416 1151 factis
1431 1125 1590 1160 poenam
1606 1114 1649 1145 ti-

124 1169 266 1199 mentes
282 1166 310 1199 Ο
334 1165 393 1242 141,
412 1165 447 1242 «ἶ.
487 1183 531 1188 -
555 1176 686 1198 eorum>
701 1166 816 1208 digna
838 1176 960 1208 poena
984 1166 1012 1198 O
1034 1165 1096 1206 51,
1116 1165 1148 1198 8.
1189 1175 1254 1207 pro
1279 1163 1404 1196 multis
1429 1165 1467 1195 et
1489 1161 1650 1204 egregiis

125 1212 237 1244 factis
255 1212 290 1243 H
305 1212 323 1243 I
338 1211 360 1243 4
385 1235 394 1250 ,
436 1211 468 1243 2.

168 1257 283 1288 factio.
313 1256 408 1288 haec
424 1256 521 1288 inter
536 1256 652 1288 bonos
670 1255 855 1296 amicitia,
872 1256 972 1288 inter
986 1255 1104 1288 malos
1121 1255 1238 1288 factio
1256 1257 1312 1286 est
1326 1254 1352 1285 J
1367 1252 1428 1290 31,
1449 1252 1501 1284 15.
1542 1251 1568 1284 f.
1586 1262 1648 1283 no-

123 1302 261 1334 xiorum
280 1303 394 1333 tutius
413 1301 490 1343 agit
506 1301 614 1339 HIII
630 1299 671 1333 61
683 1326 692 1341 ,
711 1299 745 1332 3.
779 1301 954 1333 factionis
972 1311 1060 1343 opes
1078 1300 1106 1332 C
1125 1299 1186 1340 32,
1205 1300 1239 1331 2.
1263 1299 1288 1331 J
1305 1298 1361 1338 31,
1381 1298 1412 1330 1.
1444 1297 1610 1339 potentia
1625 1297 1650 1328 J

124 1346 185 1387 31,
211 1347 244 1378 4.
286 1346 442 1383 factioni
463 1346 695 1379 inimicorum
717 1346 891 1379 resistere
916 1346 944 1378 C
966 1346 1024 1386 34,
1041 1347 1074 1378 2.
1116 1356 1161 1378 ex
1184 1344 1348 1377 factione
1367 1344 1447 1375 eius
1463 1342 1648 1384 plerisque

122 1392 145 1424 J
162 1391 218 1431 29,
236 1391 268 1424 2.
311 1403 357 1424 ex
373 1391 398 1424 f.
415 1391 538 1423 media
554 1391 685 1424 consul
699 1391 735 1423 H
750 1391 804 1423 III
819 1390 861 1424 61
873 1417 882 1431 ,
900 1391 933 1424 6.
974 1391 1150 1424 nobilitas
1166 1389 1332 1422 factione
1349 1388 1469 1430 magis
1485 1386 1649 1429 pollebat

121 1437 146 1470 J
161 1436 217 1476 41,
234 1435 267 1469 6.
300 1436 464 1469 factione
481 1446 562 1468 cum
579 1437 737 1470 factioso
755 1436 944 1469 certare³C
963 1436 1020 1476 54,
1037 1436 1070 1468 5.
1104 1436 1288 1468 factiones
1304 1433 1457 1467 valuere
1475 1432 1503 1464 C
1519 1431 1574 1472 51,
1592 1430 1648 1463 40.

122 1492 218 1514 mors
234 1482 393 1524 partium
411 1484 448 1514 et
464 1481 666 1514 factionum
681 1482 705 1514 J
720 1481 776 1521 41,
798 1481 814 1513 l
843 1483 955 1515 Coum.
969 1493 1006 1523 p.
1026 1481 1082 1513 79.

165 1527 330 1559 factiosus
347 1526 374 1559 C
397 1525 449 1568 18,
468 1527 501 1559 4.
525 1527 582 1567 51,
599 1527 655 1560 32.
681 1527 737 1567 54,
756 1527 788 1559 5.
813 1527 839 1559 J
853 1526 887 1566 8,
909 1527 938 1559 1.
967 1526 1020 1568 15,
1038 1527 1071 1559 4.
1097 1526 1154 1566 27,
1171 1526 1205 1558 2.
1229 1524 1285 1565 28,
1303 1525 1336 1557 4.
1361 1523 1417 1563 77,
1439 1523 1468 1556 1.
1493 1522 1550 1562 85,
1567 1523 1601 1556 3.

165 1572 324 1604 &cunm
337 1572 487 1604 Memmi
503 1572 607 1605 clara
622 1572 836 1614 pollensque
852 1573 876 1604 J
893 1572 955 1612 30,
973 1573 1006 1604 4.
1046 1573 1149 1604 cuius
1166 1570 1365 1603 facundiae
1390 1580 1412 1601 a
1429 1569 1478 1600 M.
1497 1578 1646 1600 conces-

121 1617 238 1649 sum-J
257 1616 332 1650 102.
349 1617 382 1649 4.
420 1617 658 1650 abunde-illis
675 1618 886 1650 facundiam
904 1618 984 1650 fore
999 1618 1023 1650 J
1035 1616 1098 1657 85,
1118 1615 1163 1649 26
1181 1617 1291 1649 Coum.
1304 1626 1340 1656 p.
1361 1614 1437 1646 127.
1471 1613 1647 1646 callidam

122 1662 148 1693 f.
168 1662 316 1694 exercui
331 1662 368 1694 Η
383 1662 419 1696 11
434 1662 497 1702 41,
515 1663 549 1695 4.
591 1662 770 1695 facundia
794 1663 942 1695 Graeca
965 1673 1006 1695 se
1025 1663 1189 1694 exercuit
1204 1661 1229 1693 J
1245 1659 1300 1699 63,
1319 1660 1352 1692 3.
1395 1660 1528 1691 canina
1545 1668 1646 1691 exer—

123 1707 279 1739 cebatur
295 1707 330 1738 H
344 1707 381 1738 11
396 1706 452 1739 37.
494 1707 667 1740 facundii
685 1708 848 1740 Graecos
865 1712 951 1740 ante
969 1708 1151 1740 Romanos
1168 1706 1282 1738 fuisse
1300 1705 1329 1737 O
1347 1704 1400 1744 53,
1420 1703 1452 1736 3.
1569 1714 1571 1716 ·

165 1752 330 1784 mundun
343 1752 368 1784 J
383 1751 440 1791 95,
457 1750 491 1785 3.
525 1753 658 1793 loquax
673 1754 793 1796 magis
811 1763 918 1795 quam
936 1753 1117 1785 facundus
1134 1752 1169 1783 H
1185 1752 1235 1784 IV
1251 1750 1306 1783 25.

166 1797 332 1828 Faesulae
349 1797 376 1828 C
394 1796 450 1829 30.
468 1796 523 1830 33.
541 1797 596 1830 43.

166 1842 376 1873 Faesulanus
393 1852 483 1884 ager
497 1853 589 1884 my).
608 1843 636 1875 O
653 1843 708 1883 43,
730 1843 760 1875 1.
801 1843 1033 1876 Faesulanus
1052 1842 1199 1884 quidam
1216 1840 1244 1873 C
1261 1839 1318 1880 59,
1335 1841 1369 1873 2.
1394 1839 1450 1879 60,
1468 1838 1502 1871 6.

166 1887 323 1919 falcatus.
353 1897 481 1920 currus
498 1888 572 1928 ἰ--ὶ
588 1889 624 1920 H
640 1890 654 1921 i
673 1888 725 1921 14.
1243 1911 1248 1914 <
1284 1907 1285 1910 ¹
1415 1905 1417 1907 ¹
1452 1919 1458 1924 .

165 1931 314 1963 fallacia.
344 1932 436 1964 dolis
454 1936 527 1975 atq.
546 1933 710 1966 fallaciis
727 1934 914 1966 contendit
931 1933 958 1966 C
979 1933 1032 1973 11,
1050 1935 1084 1965 2.

164 1977 259 2008 talio.
290 1978 376 2018 quia
399 1977 532 2010 fallere
555 1979 758 2021 nequibant
778 1979 803 2011 J
825 1978 888 2017 56,
906 1980 940 2010 2.
979 1988 1150 2011 maxuma
1175 1977 1283 2019 copia
1308 1975 1463 2008 fallendi
1485 1975 1509 2006 J
1530 1973 1593 2013 61,
1612 1974 1644 2007 4.

122 2021 291 2054 audendo
311 2025 348 2054 et
365 2022 530 2056 fallendo
546 2025 671 2067 magni
688 2024 780 2056 facti
796 2025 832 2056 H
848 2025 898 2056 IV
914 2023 955 2056 61
969 2048 978 2063 ,
996 2023 1051 2056 20.
1091 2023 1165 2055 nisi
1183 2033 1240 2054 me
1259 2021 1403 2054 animus
1426 2019 1527 2052 fallit
1544 2019 1571 2050 C
1587 2019 1642 2058 20,

125 2066 176 2098 17.
210 2077 328 2109 neque
345 2078 403 2099 me
420 2068 519 2100 fallit
534 2069 558 2101 J
574 2068 636 2109 85,
654 2069 685 2102 3.
708 2081 755 2097 -—-
775 2070 893 2101 falsus.
924 2069 1040 2101 veluti
1063 2068 1150 2100 ficta
1175 2078 1237 2109 pro
1262 2066 1368 2098 falsis
1392 2066 1496 2097 ducit
1513 2065 1541 2096 C
1559 2064 1592 2104 3,
1611 2065 1644 2097 2.

122 2108 230 2144 falsis
247 2112 460 2146 criminibus
484 2113 512 2146 C
537 2114 599 2154 34,
618 2115 651 2147 2.
693 2115 779 2147 f—-a
802 2115 1005 2157 suspitione
1029 2114 1058 2146 C
1082 2113 1144 2153 35,
1163 2112 1196 2146 3.
1237 2111 1413 2143 indicium
1437 2111 1463 2142 f.
1483 2109 1511 2141 C
1529 2109 1592 2150 48,
1611 2108 1643 2142 6.

122 2157 242 2189 f—um
256 2156 398 2199 aliquid
411 2168 476 2200 pro
490 2169 576 2191 vero
594 2159 695 2191 credi
709 2159 736 2191 C
750 2158 805 2199 51,
815 2159 870 2192 36.
902 2159 999 2192 falsa
1013 2159 1237 2192 existumans
1255 2167 1312 2196 ea,
1331 2166 1426 2198 quae
1439 2161 1644 2188 *memoran-

121 2205 180 2234 tur
203 2202 230 2234 C
256 2201 317 2242 52,
347 2201 397 2235 13.
438 2203 536 2236 falsa
559 2205 638 2237 vita
661 2215 850 2246 moresque
874 2207 1050 2247 superant
1071 2205 1095 2236 J
1117 2203 1178 2243 85,
1204 2202 1261 2234 27.
1303 2202 1442 2234 famam
1464 2200 1599 2232 falsam
1620 2200 1645 2231 J
1652 2211 1655 2214 ’

125 2246 204 2287 103,
229 2246 262 2279 6.
303 2247 463 2280 indicem
487 2249 619 2281 falsum
643 2260 725 2282 esse
750 2249 778 2281 O
803 2249 864 2290 48,
891 2250 924 2282 5.
970 2249 1102 2282 falsum
1126 2248 1239 2280 filium
1265 2246 1445 2290 arguituri
1470 2246 1507 2277 H
1527 2246 1566 2277 ΙΙ
1586 2244 1642 2276 48.

121 2295 238 2324 testes
253 2292 532 2335 signatoresque
550 2294 767 2334 falsoscffi,
778 2295 810 2327 2.
845 2295 977 2327 multos
993 2294 1157 2326 mortalis
1174 2293 1291 2325 falsos
1306 2291 1388 2324 fieri
1404 2291 1432 2323 C
1452 2289 1505 2330 10,
1524 2291 1558 2322 5.
1596 2300 1643 2321 ne

121 2336 178 2368 illi
195 2337 283 2370 falsi
299 2340 385 2370 sunt
399 2338 423 2370 J
439 2337 495 2378 85,
513 2339 568 2372 27.
607 2350 727 2382 neque
743 2350 802 2372 res
818 2350 875 2373 me
891 2340 1025 2372 falsum
1041 2339 1170 2372 habuit
1183 2339 1207 2371 J
1227 2337 1279 2378 10,
1296 2336 1326 2369 l.
1360 2336 1474 2369 multa
1492 2335 1589 2367 falsa
1606 2335 1644 2365 in

121 2382 283 2414 (leterius
301 2384 494 2424 conposuit
509 2384 545 2416 Η
561 2384 574 2415 i
589 2384 645 2416 78.
668 2396 716 2412 Ξ
737 2384 832 2417 falso
849 2386 1013 2427 queritur
1027 2386 1051 2417 J
1070 2384 1101 2423 1,
1122 2384 1153 2416 l.
1195 2383 1220 2415 f.
1238 2382 1418 2415 nominari
1436 2381 1463 2413 C
1481 2379 1536 2421 49,
1558 2379 1589 2412 l.

165 2428 263 2459 fama.
293 2437 352 2460 res
369 2431 494 2470 gestas
512 2429 612 2462 fama
629 2429 832 2472 divolgavit
846 2431 870 2462 J
887 2429 949 2469 30,
971 2430 1000 2462 1.
1042 2430 1068 2462 f.
1092 2429 1186 2461 tanti
1203 2427 1380 2461 facinoris
1397 2425 1605 2468 divolgatur
1619 2425 1644 2456 J

124 2470 182 2513 13,
205 2472 233 2505 1.
276 2472 379 2505 fama
400 2476 482 2506 erat
504 2474 656 2507 divitem
681 2485 739 2507 me
758 2485 839 2508 esse
856 2476 892 2507 H
907 2476 958 2508 IV
973 2474 1036 2516 61,
1058 2474 1110 2507 10.
1151 2474 1303 2516 egregia
1329 2473 1354 2503 f.
1381 2471 1505 2503 futura
1528 2474 1584 2502 est
1607 2470 1642 2501 H

119 2517 170 2549 IV
186 2516 242 2558 61,
259 2518 291 2550 2.
333 2517 419 2550 talis
435 2518 538 2552 fama
554 2519 600 2552 de
616 2519 749 2552 Cassio
772 2523 853 2552 erat
867 2520 892 2553 J
908 2519 968 2561 32,
986 2520 1020 2552 5.
1061 2520 1088 2551 f.
1113 2519 1158 2552 de
1174 2517 1325 2550 Metello
1348 2515 1543 2558 praeclara
1561 2524 1642 2546 esse

122 2563 148 2596 J
163 2562 221 2603 55,
236 2563 269 2597 2.
311 2562 423 2595 alium
440 2564 540 2597 mala
557 2565 583 2597 f.
602 2568 639 2597 et
661 2566 771 2598 timor
793 2565 1008 2608 inpediebat
1022 2565 1046 2598 J
1062 2564 1125 2605 35,
1141 2565 1175 2596 4.
1216 2563 1242 2597 f.
1261 2566 1334 2603 atq.
1353 2561 1502 2592 fortuna
1519 2569 1643 2591 eorum

120 2618 230 2650 pares
245 2611 331 2640 sunt
345 2608 374 2641 C
390 2607 447 2650 51,
460 2608 512 2641 12.
544 2612 583 2642 te
600 2610 668 2642 illa
684 2610 710 2642 f.
729 2614 902 2652 sequetur
918 2608 1006 2651 (acc.
1017 2621 1046 2642 c.
1057 2609 1137 2650 inf.)
1154 2609 1189 2640 H
1205 2608 1255 2639 IV
1271 2606 1326 2646 61,
1341 2606 1398 2637 22.
1430 2605 1525 2637 haec
1541 2604 1642 2636 fama
1687 2646 1693 2651 .

123 2664 167 2685 ex
183 2653 268 2685 aliis
285 2654 394 2686 rebus
410 2654 562 2687 valebat
579 2655 607 2688 C
627 2654 687 2694 16,
705 2655 738 2687 2.
781 2655 910 2687 eadem
934 2655 959 2687 f.
986 2658 1059 2696 atq.
1083 2653 1223 2686 invidia
1246 2662 1303 2683 me
1327 2650 1488 2683 vexabat
1504 2649 1532 2681 C
1549 2648 1589 2689 3,
1607 2649 1640 2682 5.

120 2700 243 2731 famae
260 2698 346 2731 fidei
363 2699 549 2732 anteferre
565 2700 589 2732 J
608 2699 662 2740 16,
671 2700 703 2733 3.
737 2700 861 2732 famae
879 2699 1070 2732 consulere
1089 2698 1116 2730 C
1133 2697 1234 2736 51,7.
1257 2713 1310 2735 ,-
1327 2705 1480 2737 parcere
1497 2694 1525 2727 C
1542 2694 1598 2734 25,
1607 2693 1639 2726 3.

120 2743 175 2784 52,
194 2743 250 2777 32.
292 2744 429 2776 famam
454 2745 638 2778 avaritiae
655 2746 900 2779 Romanorum
924 2743 1059 2776 falsam
1081 2743 1104 2774 J
1131 2741 1211 2781 103,
1229 2740 1263 2772 5.
1304 2740 1392 2772 boni
1409 2739 1434 2772 f.
1453 2739 1602 2771 laedere
1617 2740 1641 2771 J

119 2788 176 2829 96,
194 2788 227 2821 3.
267 2788 322 2820 nil
338 2791 502 2823 metuere
518 2790 592 2822 nisi
609 2794 751 2832 turpem
768 2791 794 2822 f.
810 2790 835 2822 J
850 2789 906 2829 85,
924 2788 979 2821 33.
1022 2798 1102 2819 eam
1119 2787 1254 2819 bonam
1271 2785 1295 2817 f.
1313 2785 1495 2827 putabant
1512 2784 1539 2816 C
1557 2784 1590 2823 7,
1607 2783 1640 2817 6.

121 2833 300 2866 facinoris
314 2850 360 2856 —
377 2836 469 2868 artis
484 2835 510 2868 f.
529 2835 675 2877 quaerit
690 2835 718 2867 C
736 2835 768 2874 2,
784 2834 818 2866 9.
852 2834 878 2866 f.
895 2836 968 2875 atq.
987 2832 1142 2874 gloriam
1160 2841 1282 2864 eorum
1300 2830 1508 2871 adaequare
1522 2830 1547 2862 J
1562 2830 1596 2869 4,
1606 2829 1640 2862 6.

122 2888 259 2921 genere
282 2878 382 2910 fama
406 2882 482 2923 atq.
509 2880 626 2923 copiis
648 2882 779 2922 potens
794 2879 819 2911 J
838 2878 895 2919 14,
913 2878 945 2910 7.
987 2877 1013 2910 f.
1038 2879 1113 2919 atq.
1130 2876 1287 2909 fortunis
1303 2879 1471 2918 expertes
1489 2874 1516 2907 C
1534 2873 1589 2915 33,
1610 2874 1640 2908 1.
