1826 3282
227 222 282 262 92
649 235 946 262 HISTORIARVM
973 236 1053 261 Lis.
1087 236 1136 270 ιιι
1166 229 1341 266 72-77,

341 335 431 367 Non.
459 345 492 376 p.
524 333 602 366 160:
630 338 742 375 aptum
765 345 896 366 rursum
920 346 1106 368 eonneoemn
1129 340 1162 367 et
1187 338 1376 378 colligatum
1397 337 1577 378 signifieat.
1619 337 1742 371 Socer-

229 381 304 411 dius
329 383 365 411 et
389 381 481 411 mites
505 382 603 411 recte
630 380 702 410 iam
728 379 774 411 ab
800 380 904 412 Iunio
930 383 966 412 et
989 381 1153 412 Mercero
1180 381 1376 413 emendata
1407 391 1486 414 esse
1518 382 1628 415 facile
1660 394 1741 425 per-

229 424 390 465 spicitur,
418 426 483 455 set.
498 434 570 456 non
593 424 781 466 intellego,
809 435 873 456 cur
896 435 954 457 vv.
981 425 1038 457 dd.
1063 435 1250 467 occoepere
1275 426 1486 458 necessario
1511 428 1743 460 scribundum

230 478 310 499 esse
338 467 619 508 adfirmaverim,
646 479 727 500 cum
751 471 880 511 occipio
906 470 1001 512 apud
1025 473 1171 502 veteres
1194 472 1324 512 poetas
1341 470 1611 513 frequentatum
1629 473 1743 505 fuisse

230 515 384 544 constet.
433 513 514 545 Non
538 517 614 545 tam
639 514 684 546 de
709 514 881 547 seditioso
907 514 1080 554 exercitu,
1108 525 1213 557 quem
1238 515 1308 547 dux
1325 515 1461 547 frustra
1487 516 1532 547 ad
1550 517 1743 550 oboedien-

229 557 317 588 tiam
344 558 518 590 reducere
542 559 797 601 temptaverit,
831 560 892 600 agi
922 559 1082 600 videtur,
1117 570 1224 601 quam
1248 560 1292 591 de
1318 559 1494 592 militibus
1510 585 1518 600 ‚
1550 565 1745 604 postquam

229 601 321 633 nihil
346 603 501 644 periculi
527 614 605 635 esse
633 603 803 636 arbitrati
828 607 922 644 sunt,
948 604 1206 647 neglegentius
1229 604 1303 637 iam
1327 604 1630 647 ingredientibus.

345 693 396 731 72
429 692 508 745 [Kr.
531 698 587 731 87.
620 695 658 731 G.
684 692 757 745 lO].
809 694 859 734 Ut
889 695 1080 733 sustinere
1109 706 1275 745 corpora
1305 693 1482 747 plerique
1503 700 1746 747 nequeuntes

230 771 337 798 arma
362 772 429 800 sua
463 762 626 812 quisque
653 763 797 800 stantes
824 761 1109 800 incumberent.
1653 763 1662 772 “

342 839 445 871 Arus.
473 850 506 881 p.
532 838 617 872 235:
651 839 809 872 Ineumbo
833 840 922 871 illam
945 850 1026 871 rem.
1074 839 1145 871 Sal.
1172 840 1264 871 Hist.
1290 840 1361 871 111:
1393 840 1443 872 Ut
1467 841 1646 874 sustinere
1672 852 1748 874 cor—

230 894 320 925 pora
345 883 509 926 plerique
534 887 760 926 nequeuntes
787 894 887 916 arma
913 894 979 916 sua
1005 883 1153 926 quisque
1186 882 1348 927 [quisquis
1373 884 1451 916 cod.
1476 884 1579 928 Maii]
1605 886 1748 920 instans

229 927 298 970 [sic
314 933 453 971 uterque
471 927 568 971 cod.]
585 929 827 960 incumberet.
869 928 969 961 Serv.
999 929 1045 961 ad
1061 929 1170 971 Verg.
1189 929 1231 960 A.
1250 929 1302 960 IX
1320 928 1403 960 229:
1431 928 1584 963 Ostendit
1607 933 1671 964 iam
1689 942 1748 968 eos

229 974 389 1010 diuturna
404 975 548 1006 statione
562 974 738 1015 fatigatos.
789 973 886 1012 Quod
909 978 1016 1005 antem
1040 977 1141 1010 stant,
1169 977 1203 1005 et
1218 977 1349 1006 romani
1363 974 1467 1006 moi-[s
1483 979 1535 1006 est
1558 980 1592 1008 et
1608 976 1747 1009 bellicae

230 1020 453 1051 necessitatis.
502 1019 604 1050 Hunc
628 1023 736 1050 autem
759 1020 876 1050 standi
897 1018 1041 1050 habitum
1065 1022 1099 1051 et
1116 1019 1295 1050 Sallustius
1311 1024 1560 1059 commemorat,
1586 1023 1637 1053 uti
1658 1021 1749 1053 fessi

231 1073 333 1095 arma
364 1074 431 1095 sua
463 1064 614 1105 quisque
647 1066 788 1095 stantes
820 1063 1043 1095 incumbere.
1099 1063 1170 1104 Qui
1200 1062 1273 1095 loci
1304 1074 1384 1095 cum
1413 1063 1511 1096 inter
1542 1075 1581 1098 se
1613 1066 1750 1098 divorsi

230 1108 329 1148 sint,
346 1108 500 1150 primum
525 1109 729 1150 quaeritur,
755 1112 792 1139 ut
817 1108 913 1150 apud
937 1107 1100 1140 Servium
1125 1110 1242 1144 utrum
1267 1109 1499 1150 grammatici
1526 1120 1572 1142 an
1597 1110 1749 1143 Sallusti

230 1153 287 1184 sit.
338 1153 427 1185 Cum
452 1153 565 1196 igitur
589 1152 735 1185 Servius
760 1153 877 1184 minus
907 1155 1008 1184 reete
1040 1163 1105 1195 pro
1139 1152 1303 1195 exemplo
1327 1153 1446 1186 locum
1472 1155 1660 1197 scriptoris
1686 1155 1748 1188 ad·

229 1198 338 1237 ferre,
366 1208 473 1240 quam
498 1198 607 1230 certis
631 1197 753 1230 verbis
778 1207 854 1229 rem
879 1197 1126 1230 demonstrare
1151 1197 1335 1237 videatur,
1362 1203 1398 1229 ut
1415 1208 1494 1230 cum
1514 1199 1749 1232 Sallustianis

231 1243 521 1285 coniungentium
547 1246 584 1274 et
607 1242 833 1275 incumberent
859 1242 1122 1274 emendandum
1148 1252 1227 1274 esse
1246 1253 1391 1275 censeo.
1441 1243 1545 1283 Quod
1562 1245 1593 1277 si
1610 1245 1664 1277 ita
1681 1247 1747 1283 est,

231 1297 449 1330 quamquam
475 1290 785 1319 conmentatorem
808 1287 948 1329 Vergili
974 1286 1125 1319 Sallusti
1149 1286 1268 1319 locum
1295 1298 1338 1319 ex
1355 1288 1529 1321 memoria
1552 1289 1749 1331 protulisse

229 1333 314 1364 inde
342 1333 509 1375 adparet,
542 1332 636 1374 quod
660 1343 723 1374 pro
747 1335 913 1364 sustinere
938 1342 1087 1373 corpora
1110 1337 1315 1374 nequeuntes
1339 1332 1557 1375 simpliciter
1576 1335 1665 1375 fessi
1686 1345 1748 1377 po-

230 1378 319 1417 suit,
346 1380 471 1419 tamen
494 1380 533 1408 ut
559 1387 601 1409 eo
627 1380 775 1409 auctore
799 1374 930 1409 stantes
953 1377 1177 1409 incumberent
1200 1377 1361 1419 probem,
1389 1388 1433 1409 ea
1457 1388 1495 1410 re
1513 1378 1749 1420 potissumum

230 1422 358 1462 ducor,
380 1422 474 1464 quod
489 1432 562 1454 non
579 1425 653 1454 tarn
672 1421 765 1463 quod
783 1421 918 1464 singuli
934 1431 1000 1464 per
1017 1431 1054 1454 se
1074 1422 1226 1464 quisque
1245 1421 1326 1463 (cfr.
1347 1421 1427 1454 Cat.
1446 1421 1500 1463 37,
1520 1423 1552 1455 6.
1573 1424 1617 1456 fr.
1635 1423 1747 1465 1V1)‚

231 1477 338 1508 quam
356 1467 450 1509 quod
466 1467 630 1509 plerique
649 1466 819 1507 fecerint,
845 1466 1037 1499 dicendum
1053 1467 1198 1499 videtur
1215 1477 1306 1508 esse,-
1327 1469 1365 1499 et
1381 1470 1511 1500 instans
1528 1468 1625 1511 apud
1641 1468 1748 1501 Arus-

230 1514 443 1554 conruptum
464 1514 532 1544 est.

344 1590 396 1630 73
430 1589 518 1642 [Kr.
541 1594 597 1629 89.
637 1592 675 1628 G.
699 1589 785 1643 54].
844 1589 899 1629 Ac
927 1594 1011 1629 tum
1043 1602 1245 1636 maxume,
1283 1591 1340 1630 uti
1373 1589 1471 1630 solet
1496 1592 1535 1630 in
1563 1592 1749 1631 extremis

229 1657 371 1702 rebus,
412 1657 486 1712 sihi
523 1658 687 1709 quisque
718 1658 976 1696 carissumum
1015 1657 1216 1697 recordari
1246 1658 1454 1709 cunctique
1480 1660 1654 1698 omnium
1684 1671 1748 1699 or·

230 1725 364 1764 dinum
389 1725 520 1775 munia
551 1728 726 1764 extrema
751 1725 902 1775 exequi.
1458 1716 1464 1721 ⁶

341 1804 433 1835 Non.
467 1814 501 1845 p.
527 1801 588 1835 94:
621 1804 761 1844 munia„
779 1803 906 1844 officia.
963 1802 1066 1834 Libri
1095 1804 1277 1835 recordavi
1304 1804 1453 1843 vitiose3
1486 1807 1578 1836 tum:
1611 1806 1749 1837 omnium

229 1849 381 1880 ordinum
413 1852 567 1880 eoetrema
597 1850 709 1890 sequi,
741 1852 880 1890 omnium
911 1849 1063 1880 ordinum
1093 1852 1202 1880 munia
1231 1852 1341 1890 sequi,
1374 1849 1468 1880 unde
1501 1852 1641 1881 rectam
1674 1849 1770 1882 loci·

231 1893 448 1925 emendandi
464 1893 562 1926 viam
578 1893 705 1925 Iunius
728 1892 885 1933 invenit;
912 1903 980 1925 nec
1005 1892 1172 1924 dubitare
1191 1893 1363 1934 debemus
1385 1904 1450 1935 pro
1468 1893 1613 1926 insolito
1637 1896 1748 1926 munia

227 1941 325 1980 sequi
348 1938 540 1970 restituere
572 1941 707 1980 exequi.
758 1938 829 1977 Qui
852 1948 937 1970 vero
969 1938 1210 1970 Romanorum
1243 1937 1424 1969 exercitus
1448 1939 1486 1969 in
1510 1941 1651 1970 tantum
1676 1939 1746 1971 dis-

230 1983 367 2015 crimen
399 1983 551 2015 adactus
585 1982 718 2022 fuerit,
752 1986 791 2014 ut
822 1992 946 2014 omnes
978 1983 1136 2014 omnium
1167 1982 1330 2014 ordinum
1358 1982 1492 2015 milites
1524 1986 1747 2016 testamenta

229 2028 433 2060 scriberent
458 2031 494 2059 et
519 2027 775 2069 obsignarent,
801 2036 906 2058 nemo
932 2026 1043 2059 facile
1069 2026 1258 2059 divinabit.

342 2105 394 2144 721
431 2105 519 2158 [Kr.
545 2109 600 2142 91.
642 2107 681 2143 G.
702 2103 784 2156 81].
853 2104 1074 2144 Dedecores
1111 2104 1300 2156 inultique
1337 2110 1447 2156 terga
1483 2105 1531 2145 ab
1567 2106 1747 2147 hostibus

229 2172 504 2212 caedebantur.
1716 2178 1726 2189 ·

341 2250 456 2282 Prisc.
482 2250 533 2282 VI
557 2262 591 2292 p.
619 2249 686 2282 236
717 2250 843 2282 eodem
868 2235 960 2289 loco,
987 2260 1055 2292 quo
1081 2250 1123 2282 fr.
1153 2250 1194 2282 14
1217 2251 1379 2293 protuht.
1422 2252 1526 2292 Quod
1548 2251 1634 2284 libri
1656 2239 1743 2285 non-

227 2295 318 2327 nulli
342 2298 497 2338 multique
524 2295 714 2336 exhibent,
742 2295 775 2327 ei
798 2295 891 2326 nihil
915 2295 1145 2328 tribuendum
1171 2306 1250 2328 esse
1274 2299 1389 2339 patet.

342 2374 394 2412 75
426 2373 505 2427 [Kr.
527 2378 582 2412 92.
615 2376 652 2412 G.
674 2373 751 2426 93].
799 2373 1002 2414 Perculsis
1027 2378 1064 2413 et
1090 2375 1207 2414 animi
1231 2375 1389 2414 incertis
1418 2376 1674 2416 succurritur.
1729 2366 1733 2371 ⁴

340 2452 443 2485 Arus.
468 2463 502 2495 p.
529 2452 595 2483 242
620 2462 648 2485 s.
674 2463 708 2485 v.
733 2456 882 2485 incertus
904 2454 1002 2485 illius.
1056 2466 1059 2468 ·

343 2532 395 2571 76
428 2530 507 2585 [Kr.
529 2535 584 2569 93.
617 2533 654 2574 G.
681 2530 754 2583 12].
808 2530 941 2570 Muros
969 2536 1255 2570 successerunt.

341 2610 444 2642 Arus.
470 2621 505 2652 p.
528 2608 616 2650 262;
643 2609 708 2641 cfr.
735 2611 752 2642 I
780 2608 854 2641 102.
893 2609 980 2642 Cod.
1010 2610 1076 2642 Gu.
1102 2615 1351 2649 successerunt,
1383 2610 1472 2643 Mai.
1498 2615 1743 2644 successerant.

343 2689 395 2728 77
428 2687 507 2741 [ΚΓ.
529 2692 585 2725 94.
617 2690 655 2726 G.
677 2687 753 2740 50].
810 2687 904 2727 Fine
929 2689 1131 2738 inguinum
1161 2688 1435 2737 ingrediuntur
1462 2701 1582 2729 mare.

341 2767 444 2799 Arus.
471 2778 505 2809 p.
532 2765 615 2799 231:
642 2768 710 2808 fine
735 2768 820 2799 iltius
843 2768 905 2799 rei.
954 2766 1160 2809 Philargyr.
1188 2766 1233 2798 ad
1258 2767 1366 2808 Verg.
1401 2760 1468 2798 Ges
1492 2767 1549 2799 111
1573 2765 1634 2799 53:
1667 2767 1744 2800 Mo-

229 2813 342 2845 destus
368 2814 484 2844 ‘tenus‘
508 2822 573 2853 pro
585 2813 654 2853 fine
672 2813 806 2854 accipit.
847 2812 1045 2844 Sallustius:
1069 2811 1138 2843 fine
1159 2811 1345 2854 inguinum
1362 2811 1614 2854 ingrediuntur
1630 2822 1741 2844 mare.

228 2859 307 2889 Non
324 2866 470 2899 prorsus
486 2856 674 2889 reiciunda
697 2857 791 2889 haec
816 2857 973 2899 suspicio
991 2856 1149 2896 videtur,
1176 2856 1290 2889 verba
1314 2856 1414 2888 dicta
1439 2856 1552 2889 fuisse
1569 2857 1607 2888 in
1623 2857 1742 2899 pisca-

229 2903 336 2934 tionis
364 2902 458 2943 apud
483 2901 700 2942 Byzantium
727 2902 920 2934 factitatae
946 2901 1188 2944 descriptione
1214 2901 1273 2942 (fr.
1299 2899 1341 2932 41
1369 2904 1405 2933 et
1428 2900 1498 2942 42).
