1812 3268
801 230 932 257 INDEX
1539 205 1621 248 363

142 332 250 374 signo.
283 331 534 364 iusiurandum
552 331 645 373 quod
662 331 846 373 signatum
866 347 903 352 —-
923 329 1113 372 perferant
1130 328 1157 360 C
1176 328 1231 368 44,
1255 327 1282 360 1.

143 378 277 418 agnum
293 377 403 409 sociis
420 376 507 408 dare
526 376 553 408 C
577 375 627 414 18,
645 375 678 408 8.
705 376 792 408 tuba
809 375 836 407 C
854 374 910 414 60,
933 374 961 406 1.
1003 375 1110 416 signo
1127 373 1212 405 dato
1228 373 1252 405 J
1267 372 1364 413 2l,2.
1391 370 1446 412 38,
1461 371 1495 405 3.
1521 371 1577 411 49,
1587 371 1618 404 3.

98 421 159 462 50,
179 421 212 454 3.
238 422 299 462 57,
319 421 351 454 3.
377 421 439 461 69,
458 421 490 454 2.
519 420 598 461 113,
619 419 651 452 6.
694 421 838 463 signum
864 423 928 452 aut
951 419 1131 462 inperium
1147 418 1260 450 ullum
1278 418 1450 460 accipere
1469 417 1584 459 quivit
1599 417 1622 449 J

97 466 153 506 97,
172 467 205 498 4.
246 467 330 499 dolo
356 467 427 509 ipsi
453 469 562 508 atque
589 466 696 506 signa
720 465 897 497 militaria
921 465 1106 497 obscurati
1129 463 1152 496 J
1175 463 1236 502 49,
1256 463 1288 494 5.
1331 473 1432 494 arma
1458 466 1494 494 et
1516 463 1623 504 signa

98 511 275 544 militaria
293 512 433 555 pleraq.
452 514 564 554 capta
579 511 603 543 J
619 509 675 551 99,
695 510 716 543 3
733 512 820 543 conl.
839 510 894 550 74,
909 509 940 541 3.
976 509 1136 551 receptis
1154 509 1270 551 signis
1286 508 1436 550 plerisq.
1455 507 1622 539 militari-

98 558 166 590 bus
183 558 218 589 H
234 557 269 589 11
290 556 340 589 16.
376 567 509 596 arcem,
528 556 591 587 ubi
610 556 716 598 signa
735 559 771 588 et
788 558 893 597 scuta
912 557 1017 587 erant
1033 554 1057 586 J
1074 554 1130 593 67,
1153 554 1180 585 1.
1215 554 1323 596 signa
1337 551 1576 597 inferreJ56,
1588 552 1621 584 5.

99 612 216 644 neque
235 602 341 644 signa
358 611 475 643 neque
493 601 639 633 ordines
657 601 853 633 observare
870 600 894 631 J
909 599 951 632 51
963 624 971 639 ,
993 599 1021 631 1.
1063 600 1143 631 sine
1165 599 1282 641 signis
1299 598 1378 630 sine
1396 598 1584 630 ordinibus
1599 598 1624 630 J

98 646 154 687 97,
173 648 206 679 5.
249 648 354 689 signa
372 646 558 678 occultare
575 646 599 678 J
615 645 672 684 68,
689 646 721 678 4.
764 664 804 668 -—
824 645 1033 687 relinquere
1052 644 1080 677 C
1097 644 1131 684 9,
1149 644 1182 676 4.
1219 661 1255 665 -
1277 644 1381 685 sequi
1396 644 1419 675 J
1435 642 1492 683 80,
1510 643 1543 674 2.
1577 643 1624 675 ad

99 693 206 734 signa
222 692 341 724 redire
359 692 394 723 H
410 692 463 724 ΙΙΙ
479 690 542 734 67,
555 691 586 723 2.
630 701 710 723 cum
729 691 844 733 signis
863 691 1073 732 frequentes
1097 689 1268 721 incedere
1284 689 1309 720 J
1325 688 1380 730 45,
1399 689 1430 720 2.
1473 699 1554 725 eum
1570 689 1623 719 in-

100 737 206 769 festis
231 737 347 779 signis
372 740 591 769 concurrunt
610 736 636 767 C
655 735 716 778 60,
736 736 768 768 2.
813 736 859 767 ab
884 736 1000 777 signis
1026 735 1180 767 aberant
1202 734 1227 766 J
1250 734 1311 772 44,
1330 734 1363 766 5.
1404 733 1624 765 relicuarnm

100 781 332 823 (cohortium)
357 782 464 824 signa
485 799 521 804 —
543 781 714 814 conlocat
731 782 758 813 C
776 780 837 820 59,
857 779 888 812 3.
929 780 1036 822 signa
1060 790 1195 812 canere
1221 780 1248 811 O
1267 778 1329 818 59,
1351 778 1380 810 1.
1410 779 1435 811 J
1450 778 1505 818 92,
1529 778 1542 810 1
1561 778 1622 810 bis.

97 826 160 867 9-1,
179 827 211 859 5.
255 838 335 859 cum
359 837 483 859 omnes
508 828 613 869 signa
637 837 703 858 sua
727 827 988 868 cognovissent
1006 825 1033 857 C
1051 825 1112 865 47,
1132 824 1164 857 3.
1205 824 1271 856 illa
1295 824 1492 862 deditionis
1517 825 1625 865 signa

100 873 260 904 ostentui
279 872 429 904 credere
446 872 469 904 J
485 871 539 912 46,
550 871 581 904 6.
617 872 724 914 signa
741 871 888 903 tabulas
906 865 1026 914 piefas
1044 880 1135 902 vasa
1154 869 1301 902 caelata
1320 869 1348 901 O
1369 869 1419 910 11,
1438 868 1470 901 6.
1498 867 1554 909 20,
1575 868 1625 900 12.

99 917 155 956 52,
173 917 205 950 5.
248 918 435 950 exornatis
454 918 607 950 aedibus
625 928 691 960 per
705 917 836 949 aulaea
855 919 891 949 et
909 916 1016 958 signa
1033 916 1068 947 H
1084 916 1120 948 ΙΙ
1137 913 1191 955 23,
1210 915 1242 947 2.

145 963 217 994 Sila
232 963 267 994 H
284 963 333 994 IV
350 963 382 994 7.

145 1008 317 1040 silentium
341 1008 462 1050 coepit
485 1008 509 1040 J
534 1006 595 1047 33,
614 1009 646 1039 4.
697 1018 803 1050 quam
828 1017 1032 1038 maxumum
1055 1017 1084 1038 s.
1108 1006 1238 1038 haberi
1261 1005 1284 1037 J
1309 1004 1369 1044 99,
1392 1005 1421 1036 l.
1464 1015 1553 1047 quos
1577 1005 1624 1036 si—

99 1052 215 1084 lentio
245 1053 447 1095 praeterire
473 1052 500 1084 C
525 1053 585 1093 53,
610 1051 643 1085 6.
692 1052 841 1084 silentio
871 1052 996 1094 egredi
1027 1052 1050 1083 J
1078 1050 1156 1091 106,
1175 1051 1207 1083 4.
1255 1061 1300 1083 ne
1331 1051 1447 1083 vitam
1478 1050 1628 1082 silentio

100 1101 294 1130 transeant
311 1098 338 1129 C
360 1098 386 1136 1,
411 1098 438 1129 1.

145 1143 239 1175 sileo.
271 1143 315 1175 de
335 1143 562 1186 Carthagine
580 1143 690 1176 silere
709 1142 838 1175 melius
856 1145 942 1185 puto
960 1142 983 1174 J
1004 1141 1055 1183 19,
1079 1141 1105 1174 1.
1147 1142 1191 1174 dc
1209 1144 1327 1184 utraq.
1347 1141 1478 1173 siletur
1495 1140 1523 1173 C
1541 1141 1573 1181 2,
1592 1139 1624 1172 8.

101 1187 237 1219 milites
254 1188 354 1220 ducit
372 1188 515 1220 silentis
534 1190 607 1220 iam
623 1189 659 1220 H
675 1189 730 1220 ΙΙΙ
751 1187 806 1228 67,
829 1187 879 1220 10.

147 1233 243 1264 silva.
277 1233 435 1276 relegati
452 1234 489 1265 in
506 1234 659 1276 paludes
678 1239 715 1266 et
732 1233 845 1265 silvas
862 1233 897 1264 H
913 1233 931 1264 1
946 1232 1000 1272 41,
1020 1231 1075 1264 23.
1117 1232 1153 1264 in
1178 1232 1271 1264 silva
1290 1231 1366 1264 Sila
1384 1232 1419 1263 H
1434 1232 1484 1263 IV
1501 1231 1534 1263 7.

146 1279 275 1309 similis.
308 1278 508 1310 inlecebris
525 1297 566 1302 —
585 1279 697 1311 facile
716 1289 782 1321 par
798 1278 965 1320 similisq.
985 1278 1120 1309 ceteris
1138 1276 1372 1309 efficiebatur
1389 1276 1416 1308 C
1437 1276 1495 1316 14,
1514 1276 1546 1308 4.
1580 1276 1626 1308 si-

102 1323 224 1354 milem
243 1334 282 1355 se
302 1324 380 1356 forc
398 1322 604 1356 Alexandro
621 1325 655 1355 H
672 1325 726 1355 111
741 1324 774 1356 7.
817 1323 940 1364 Scylla
958 1333 1086 1354 saxum
1110 1322 1230 1354 simile
1258 1323 1395 1354 formae
1413 1321 1626 1354 celebratae

101 1368 135 1399 H
153 1369 203 1400 IV
219 1368 273 1400 21.
316 1380 438 1411 pugna
455 1369 650 1401 latrocinio
668 1369 786 1411 magis
804 1379 911 1410 quam
928 1367 1068 1410 proelio
1086 1367 1215 1399 similis
1233 1366 1313 1399 fieri
1327 1367 1352 1398 J
1367 1366 1422 1407 97,
1442 1366 1474 1398 5.

153 1414 349 1445 similitudo.
378 1414 438 1446 vel
459 1417 584 1446 aetate
602 1414 659 1446 vel
679 1424 790 1446 curae
808 1413 1048 1445 similitudine
1066 1416 1191 1455 patres
1210 1412 1496 1454 adpellabantur
1512 1411 1541 1444 C
1553 1410 1586 1452 6,
1596 1410 1630 1443 6.

147 1459 299 1504 simplex.
331 1469 376 1491 ne
395 1459 555 1502 simplici
573 1459 716 1501 quidem
734 1462 846 1491 morte
864 1458 1117 1491 moriebantur
1133 1459 1167 1489 H
1185 1458 1238 1489 III
1254 1457 1310 1489 25.

147 1504 256 1535 simul.
288 1504 436 1536 fortuna
454 1504 559 1536 simul
580 1515 660 1536 cum
678 1505 839 1537 moribus
857 1504 1059 1535 inmutatur
1077 1503 1104 1535 C
1121 1503 1196 1543 2‚5.
1221 1503 1245 1535 J
1263 1502 1317 1543 78,
1329 1503 1361 1535 3.
1397 1512 1504 1544 quam
1521 1512 1627 1534 nemo

103 1549 176 1580 nisi
193 1559 274 1580 cum
293 1550 415 1581 anima
435 1549 541 1581 simul
560 1549 784 1587 amisitC33,
793 1550 826 1581 4.
845 1549 985 1589 J14,22
1002 1551 1089 1581 conl.
1107 1549 1143 1580 H
1159 1549 1196 1580 II
1213 1548 1268 1585 41,
1280 1549 1311 1579 4.
1346 1548 1399 1579 uti
1418 1547 1524 1580 simul
1547 1558 1627 1579 cum

105 1604 240 1625 occasu
257 1594 344 1626 solis
363 1595 624 1636 egrederentur
638 1596 663 1626 J
676 1594 731 1635 91,
743 1595 776 1626 2.
810 1594 924 1626 multa
939 1594 1043 1626 simul
1057 1593 1176 1626 moliri
1194 1593 1222 1624 C
1239 1594 1336 1634 27,2.
1372 1595 1504 1625 cuncta
1521 1592 1629 1624 simul

105 1639 268 1680 agebant
285 1638 312 1671 C
330 1639 426 1679 42,2.
460 1639 652 1672 duodecim
670 1640 777 1671 simul
795 1642 974 1681 oportuna
990 1639 1074 1671 loca
1092 1638 1333 1670 incenderent
1350 1637 1441 1679 043,
1453 1638 1486 1670 2.
1521 1637 1629 1670 simul

104 1684 220 1715 omnis
239 1694 372 1716 canere
390 1684 413 1716 J
429 1683 485 1724 99,
504 1684 535 1720 ,l.
577 1685 683 1716 simul
707 1686 850 1726 uti-iniq.
877 1684 1014 1716 clamor
1039 1687 1186 1716 exortus
1205 1686 1260 1715 est
1278 1683 1304 1715 C
1322 1683 1378 1723 45,
1396 1682 1428 1715 3.
1470 1683 1628 1725 undique

103 1728 208 1760 simul
226 1729 251 1760 J
266 1729 321 1769 57,
341 1728 372 1761 3.
402 1729 476 1770 101,
501 1729 527 1760 1.
559 1729 632 1769 113,
648 1728 680 1761 6.
717 1733 885 1772 egestate
904 1729 1011 1760 simul
1030 1740 1074 1761 ac
1092 1728 1215 1760 dolore
1233 1746 1276 1752 —-
1295 1728 1465 1774 cupidam
1484 1727 1511 1759 C
1529 1727 1585 1767 28,
1595 1728 1628 1759 4.

104 1775 277 1806 iuventus
295 1774 402 1806 simul
423 1785 465 1806 ac
483 1774 575 1806 belli
592 1775 737 1817 patiens
756 1778 836 1806 erat
853 1775 880 1806 C
898 1775 936 1813 7,
956 1774 989 1805 4.
1032 1774 1134 1805 illum
1158 1774 1290 1816 ingens
1315 1783 1403 1804 cura
1423 1776 1533 1814 atque
1553 1773 1628 1804 lae·
1659 1795 1663 1797 >

103 1819 189 1851 titia
208 1819 314 1851 simul
332 1830 562 1861 occupavere
581 1820 608 1851 C
626 1819 681 1859 46,
700 1820 732 1851 2.
765 1830 883 1862 neque
902 1819 1007 1851 simul
1027 1819 1228 1851 amicitiam
1245 1822 1406 1850 vostram
1425 1821 1461 1849 et
1477 1828 1631 1860 regnum

104 1874 223 1896 meum
247 1875 396 1906 sperare
419 1865 444 1896 J
466 1865 527 1905 24,
546 1865 580 1897 5.
610 1865 670 1905 47,
692 1865 723 1897 2.
749 1864 811 1903 97,
830 1865 861 1897 4.
880 1864 912 1896 5.
944 1863 1026 1903 108,
1046 1863 1077 1896 3.
1118 1874 1236 1906 neque
1261 1864 1378 1905 quisq.
1405 1863 1562 1895 lubidini
1581 1863 1630 1894 si—

84 1937 87 1939 .
105 1909 178 1941 mul
192 1912 235 1941 ‘et
251 1909 331 1941 usui
349 1910 470 1952 paruit
488 1910 515 1942 C
533 1909 594 1950 51,
614 1910 635 1940 2
653 1913 739 1942 conl.
759 1909 822 1948 60,
840 1910 872 1941 4.
900 1910 922 1941 J
941 1908 1002 1950 64,
1022 1909 1053 1941 5.
1085 1909 1109 1940 J
1125 1908 1182 1949 53,
1201 1909 1233 1940 7.
1259 1907 1316 1947 20,
1334 1907 1363 1939 1.
1390 1908 1445 1947 25,
1465 1908 1497 1940 5.
1524 1907 1578 1945 70,
1596 1908 1629 1939 5.

104 1953 163 1994 73,
181 1954 214 1986 2.
240 1953 295 1995 84,
315 1955 347 1986 5.
373 1954 430 1995 85,
449 1954 482 1987 3.
506 1954 563 1996 92,
581 1956 613 1987 2.
639 1954 694 1994 94,
714 1956 746 1987 2.
775 1954 831 1995 97,
855 1954 882 1987 1.
913 1952 1038 1994 106,“1.
1065 1955 1099 1985 Η
1117 1955 1133 1985 Ι
1149 1953 1181 1986 9.
1206 1952 1261 1986 60.
1290 1953 1343 1985 111
1359 1952 1480 1992 61,21.
1506 1952 1628 1992 67,15.

105 1999 290 2031 testudine
309 2002 394 2031 acta
412 2001 613 2032 succedere
634 2004 669 2032 et
688 2000 795 2032 simul
814 2018 857 2021 —
873 2000 896 2031 J
914 1999 969 2038 94,
988 1999 1021 2032 3.
1063 1998 1171 2031 simul
1189 2016 1232 2020 —
1249 2009 1319 2040 que
1335 1998 1358 2030 J
1375 1998 1430 2038 52,
1450 1997 1482 2029 6.
1512 1997 1629 2038 101,7.

106 2055 188 2076 cum
205 2045 249 2076 de
268 2045 425 2077 Lentulo
444 2046 629 2081 statuetis,
647 2055 711 2077 vos
729 2045 835 2077 simul
859 2045 903 2077 de
923 2045 1088 2076 exercitu
1105 2043 1291 2076 Catilinae
1310 2043 1508 2075 decernere
1528 2043 1555 2074 C
1573 2044 1629 2082 52,

110 2089 160 2121 17.
204 2090 258 2122 eis
278 2090 407 2122 amicis
425 2109 467 2113 -
487 2090 660 2130 confisus,
687 2090 794 2122 simul
817 2090 910 2132 quod
930 2108 967 2112 ——
988 2089 1014 2122 C
1036 2088 1096 2130 16,
1115 2090 1136 2120 4
1153 2091 1238 2122 conl.
1261 2088 1312 2129 19,
1331 2089 1363 2121 2.
1389 2088 1444 2127 20,
1464 2088 1496 2120 3.
1523 2087 1578 2127 58,
1597 2088 1633 2120 3.-

105 2135 127 2167 J
146 2135 178 2174 4,
196 2134 229 2167 2.
257 2134 284 2166 C
306 2134 358 2175 17,
377 2135 408 2166 7.
436 2134 491 2174 56,
510 2135 542 2167 5.
567 2136 590 2168 J
607 2134 662 2175 46,
686 2135 716 2166 1.
742 2134 797 2175 76,
817 2135 848 2167 2.
879 2133 1025 2174 102,12.
1053 2133 1080 2166 C
1098 2133 1153 2175 30,
1172 2135 1205 2165 2.
1230 2133 1287 2173 43,
1305 2134 1338 2165 2.
1365 2134 1387 2165 J
1409 2133 1628 2174 14,1.,51,4.

105 2178 167 2220 56,
187 2180 220 2211 4.
246 2179 308 2219 65,
327 2180 359 2212 5.
385 2179 447 2223 91,
471 2180 500 2213 1.
531 2179 611 2219 100,
631 2180 662 2213 3.
692 2180 774 2221 101,
793 2180 824 2212 6.
856 2179 935 2220 102,
954 2180 987 2212 5.
1015 2179 1091 2218 103,
1109 2180 1141 2212 7.
1171 2178 1247 2219 106,
1266 2180 1299 2211 2.
1328 2178 1402 2220 109,
1427 2178 1454 2211 1.
1488 2178 1628 2221 HI41,

110 2225 160 2257 14.
186 2225 222 2257 11
239 2224 294 2263 23,
314 2225 347 2256 2.
373 2226 424 2256 IV
440 2225 494 2256 44.
521 2224 576 2263 01,
600 2225 649 2257 14.
677 2226 760 2258 i25.

151 2271 366 2301 simulacrum
382 2270 571 2303 Victoriae
589 2271 624 2302 H
641 2271 677 2302 II
697 2270 754 2311 23,
772 2269 804 2303 3.

152 2316 338 2347 simulator.
372 2317 514 2347 animus
533 2334 571 2338 —
593 2316 695 2347 cuius
714 2316 766 2347 rei
782 2316 885 2348 lubet
903 2315 1093 2348 simulator
1112 2327 1155 2349 ac
1173 2315 1426 2348 dissimulator
1443 2315 1470 2348 C
1489 2316 1520 2355 5,
1539 2316 1571 2347 4.

151 2360 280 2391 simulo.
315 2361 518 2392 amicitiam
536 2361 570 2392 H
587 2361 637 2392 lV
653 2359 710 2399 61,
726 2359 758 2392 6.
793 2361 925 2393 bonum
941 2361 1128 2404 publicum
1147 2379 1188 2383 —
1207 2361 1234 2392 C
1254 2360 1309 2400 38,
1319 2360 1351 2392 3.
1385 2361 1631 2392 diffidentiam

107 2405 162 2437 rei
178 2405 202 2436 J
218 2403 279 2444 60,
299 2405 331 2436 5.
375 2405 500 2447 fugam
521 2422 557 2427 ——
571 2431 579 2446 ‚
607 2406 665 2437 eui
682 2405 831 2438 licuerit
848 2407 886 2438 in
902 2417 1016 2449 regno
1034 2417 1181 2438 manere
1198 2406 1223 2437 J
1242 2406 1294 2445 14,
1312 2405 1368 2437 20.
1387 2406 1482 2437 haec
1502 2405 1630 2437 eadem

106 2450 129 2481 J
146 2449 204 2489 14,
224 2449 279 2481 21.
321 2450 358 2481 id
376 2450 399 2482 J
421 2449 483 2490 88,
502 2449 535 2482 6.
577 2454 710 2482 metum
727 2451 751 2483 J
768 2450 830 2491 36,
848 2452 879 2484 2.
923 2452 970 2483 ad
994 2451 1200 2483 simulanda
1226 2461 1269 2482 ac
1287 2450 1551 2482 dissimulanda
1569 2461 1631 2481 ne-

108 2495 209 2536 gotia
228 2494 382 2527 altitudo
401 2495 527 2537 ingeni
545 2496 773 2528 incredibilis
788 2497 812 2528 J
828 2496 890 2535 95,
910 2496 942 2529 3.
986 2497 1031 2528 ad
1053 2495 1297 2527 simulandam
1314 2506 1443 2537 pacem
1459 2496 1482 2527 J
1505 2495 1577 2534 111,
1597 2496 1630 2527 4.

107 2539 264 2571 studium
284 2541 548 2573 coniurationis
564 2541 802 2574 vehementer
818 2542 989 2574 simulent
1008 2541 1035 2573 C
1054 2541 1114 2579 41,
1133 2541 1165 2572 5.
1208 2540 1379 2572 simulato
1399 2541 1501 2582 inpio
1518 2543 1630 2572 testa-

108 2588 230 2616 mento
247 2585 282 2616 H
298 2586 347 2616 IV
364 2584 425 2623 61,
443 2585 476 2617 8.
518 2585 713 2618 simulandi
737 2587 858 2629 gratia
875 2587 898 2618 J
915 2586 957 2619 37
969 2612 976 2625 ,
996 2586 1028 2617 4.
1070 2596 1141 2617 non
1159 2595 1222 2627 pro
1239 2595 1306 2617 sua
1325 2588 1387 2617 aut
1411 2595 1558 2626 quorum
1583 2586 1630 2616 si-

109 2630 223 2662 mulat
245 2630 380 2662 iniuria
405 2630 438 2661 H
464 2631 481 2662 I
506 2630 567 2671 48,
597 2630 647 2663 10.
697 2641 779 2664 sese
804 2632 935 2674 probos
960 2631 1180 2662 simulavere
1204 2630 1225 2661 J
1251 2629 1313 2669 85,
1339 2629 1371 2661 9.
1419 2630 1628 2670 simulabat,

109 2685 188 2706 sese
220 2676 346 2717 negoti
376 2676 497 2718 gratia
522 2687 716 2719 properare
740 2677 764 2709 J
787 2676 849 2716 76,
873 2676 899 2708 1.
941 2686 969 2707 s.
995 2676 1066 2707 sibi
1091 2674 1211 2706 alvom
1234 2675 1385 2717 purgari
1402 2675 1437 2706 H
1454 2675 1471 2706 I
1488 2674 1542 2707 38.

154 2720 317 2751 simultas.
348 2721 470 2763 iurgia
493 2721 697 2754 discordias
723 2721 930 2754 simultates
955 2730 1035 2752 cum
1059 2719 1224 2751 hostibus
1251 2719 1475 2752 exercebant
1493 2720 1520 2752 O
1537 2719 1576 2761 9,
1595 2721 1628 2753 2.

109 2763 318 2796 simultates
336 2776 508 2798 exercere
526 2767 561 2797 H
579 2767 594 2798 1
614 2766 666 2798 10.

155 2809 217 2839 sin.
249 2809 280 2840 si
297 2827 340 2831 —
357 2810 414 2841 sin
432 2810 459 2842 C
477 2810 539 2851 51,
559 2811 591 2842 8.
617 2810 752 2850 52,16.
779 2810 841 2849 58,
864 2809 913 2841 10.
938 2808 1016 2850 J8,
1037 2810 1068 2841 2.
1099 2808 1156 2848 10,
1175 2808 1208 2841 6.
1234 2808 1288 2849 31,
1311 2808 1364 2841 19.
1391 2809 1446 2847 33,
1463 2810 1495 2842 4.
1521 2809 1577 2850 50,
1597 2810 1629 2843 6.

111 2854 143 2885 H
162 2854 194 2884 ΙΙ
212 2853 275 2892 41,
293 2852 325 2886 8.
352 2856 414 2886 inc.
435 2855 519 2887 i21.
562 2855 623 2886 ubi
642 2874 683 2877 —
702 2856 758 2886 sin
774 2855 798 2886 J
818 2855 851 2893 1,
870 2855 902 2885 4.
944 2855 1000 2885 An
1024 2872 1059 2876 —
1090 2854 1146 2885 An
1172 2871 1208 2876 —
1237 2854 1301 2886 Sin
1324 2855 1409 2896 quia
1432 2854 1550 2887 levius
1576 2861 1631 2888 est

111 2897 210 2938 051,
230 2897 283 2930 24.
327 2908 369 2930 ac
393 2909 559 2932 maxume
586 2899 747 2932 occulte:
773 2900 830 2932 sin
855 2899 890 2931 id
914 2909 1042 2943 parum
1067 2899 1243 2943 procedat
1258 2899 1282 2931 J
1299 2898 1353 2942 35,
1367 2901 1394 2949 ‘4
1417 2902 1503 2932 conl.
1522 2899 1577 2943 46,
1596 2902 1628 2934 4.
