1826 3282
220 219 273 263 58
631 231 930 259 1-1ls'roR1ARVM
962 233 1046 259 ΜΒ.
1079 233 1112 258 11
1141 226 1251 261 85--2
1265 227 1322 264 89.

219 333 401 378 probaret.
451 333 554 372 Quae
579 332 694 364 verba
716 342 886 374 umquam
911 332 1119 375 expeditum
1142 333 1206 372 iri,
1232 333 1303 365 nisi
1327 343 1422 366 nova
1446 332 1608 365 subsidia
1632 343 1736 375 repe-

220 380 369 417 riantur,
396 387 540 419 prorsus
565 377 830 419 desperandum
858 380 923 409 est.
973 377 1037 409 Set
1054 380 1177 409 tamen
1195 388 1287 419 quae
1313 378 1458 410 occasio
1484 378 1651 420 scriptori
1669 378 1737 409 fuit

221 425 265 456 de
290 423 421 455 Poenis
446 422 538 453 libro
564 422 722 453 secundo
747 422 920 454 dicundi}>
967 422 1082 462 Quem
1109 423 1154 455 ad
1178 423 1322 454 modum
1346 423 1448 462 inde,
1477 423 1570 464 quod
1594 423 1736 455 Poenos

222 468 425 500 conditores
449 467 576 498 Novae
603 466 839 509 Carthaginis
863 467 955 499 libro
978 468 1016 499 11
1042 471 1327 500 conmemoratos
1345 468 1458 500 fuisse
1475 470 1649 500 testatum
1667 470 1734 509 est,

221 523 327 554 quam
353 512 395 543 de
423 512 466 543 fr.
492 510 536 543 83
561 512 781 543 sententiam
807 512 897 551 dixi,
932 512 1069 554 aliquid
1100 513 1312 544 munimenti
1339 513 1492 555 accipit,
1526 513 1578 545 sic
1602 522 1736 552 rursus,

220 558 250 588 si
275 557 338 588 illa
365 556 441 588 veri
466 557 593 588 similis
617 556 860 597 iudicabitur,
886 557 998 598 locus,
1025 557 1086 589 ubi
1103 559 1306 590 Poenorum
1331 558 1465 590 mentio
1490 557 1592 590 facta
1615 557 1737 598 fuerit,

218 612 298 636 non.
313 601 593 634 desiderabitur.

332 679 384 719 85
418 679 496 732 [ΚΓ.
517 684 573 719 83.
606 650 741 733 G.‘50].
799 680 944 726 Omnis,
975 682 1040 733 qui
1066 658 1214 721 eircum
1244 686 1344 726 sunt,
1379 682 1624 732 praeminent
1652 681 1735 743 alti-

218 748 351 787 tudine
379 747 527 787 milium
557 760 742 799 passuum
774 749 953 788 duorum.

331 827 435 859 Arus.
457 838 494 869 p.
522 826 589 859 256
621 827 667 859 ad
690 827 910 860 locutionem
935 826 1214 860 ostendunda‘m:
1244 830 1433 870 praeminet
1464 829 1552 861 illam
1583 839 1653 860 rem
1681 829 1740 861 illa

218 882 267 903 re.
295 889 337 894 ——
362 872 582 904 Altitudtnem
608 873 699 914 quod
726 873 802 904 cod.
822 873 912 905 Maii
938 872 1097 912 exhibet,
1123 876 1224 905 recte
1244 873 1459 905 auctoritate
1479 873 1557 906 cod.
1578 873 1646 906 Gu.
1665 883 1739 905 mu-
1754 881 1762 886 “
1784 900 1799 909 ,

218 920 335 948 tatum
361 920 427 955 est.
478 917 541 949 Set
567 917 652 959 quia
675 917 803 949 mirum
830 921 945 957 esset,
972 918 1003 949 si
1027 918 1063 949 in
1091 918 1254 959 exemplo
1281 918 1326 950 ab
1353 918 1589 960 grammatico
1606 918 1739 950 adlato

220 962 454 994 accusativus
479 962 765 1002 desideraretur,
799 973 911 995 onmes
941 973 1004 1004 pro
1037 973 1079 994 eo
1110 963 1317 995 habendum
1349 973 1429 995 esse
1455 963 1619 1005 adparet.
1669 963 1741 1003 Qui

219 1009 360 1039 montes
385 1007 611 1046 dicerentur,
644 1007 757 1039 multa
782 1008 995 1050 perquirens
1021 1017 1092 1040 non
1116 1008 1251 1040 inveni.
1302 1007 1365 1040 Set
1395 1008 1473 1041 veri
1505 1008 1656 1040 similius
1686 1008 1739 1040 vi-

219 1052 325 1084 detur
348 1052 387 1084 in
411 1052 523 1084 Tauri
548 1052 728 1085 montibus
753 1052 848 1084 tales
875 1063 954 1084 esse
979 1060 1088 1094 quam
1113 1053 1150 1084 in
1166 1053 1348 1095 Hispania
1374 1052 1454 1094 (cfr.
1474 1053 1661 1096 regionem
1677 1053 1739 1086 de-

219 1097 393 1140 scriptam
420 1097 464 1129 ab
490 1097 626 1129 Kochio
652 1098 729 1139 Zug
754 1098 818 1129 del
842 1097 1098 1129 Zehntausend
1123 1109 1156 1140 p.
1184 1097 1228 1130 26
1252 1097 1333 1140 sq..)

333 1185 386 1227 86
430 1186 516 1240 [K1.
539 1191 595 1225 85.
627 1189 666 1225 G
690 1186 774 1240 20].
831 1174 1028 1226 Modestus
1066 1187 1112 1226 ad
1154 1188 1282 1226 omnia
1321 1155 1418 1227 alia
1431 1188 1505 1227 nisi
1535 1188 1582 1236 ad
1616 1188 1739 1228 domi·
1781 1178 1795 1226 ‘.

219 1256 427 1294 nationem.
1305 1272 1307 1275 v

332 1334 440 1365 Hunc
464 1332 581 1365 locum
606 1334 890 1367 conmemoravit
916 1344 959 1365 ex
975 1333 1068 1366 libro
1086 1334 1122 1365 II
1138 1334 1231 1366 Don.
1259 1333 1304 1366 ad
1322 1333 1405 1365 Ter.
1432 1333 1575 1366 Phorm.
1600 1334 1618 1365 I
1633 1333 1664 1374 3,
1686 1333 1738 1373 18,

221 1389 290 1421 quo
314 1380 483 1411 modestus
507 1378 602 1410 idem
627 1389 707 1411 esse
735 1389 778 1411 ac
810 1380 1002 1411 moderatus
1027 1379 1252 1418 ostenderet3
1284 1379 1347 1410 ubi
1380 1389 1459 1410 cum
1491 1378 1666 1421 scriptum
1696 1379 1744 1411 sit

220 1424 286 1456 nisi
310 1425 575 1461 dominationem,
602 1427 703 1456 recte
730 1425 776 1456 ad
799 1424 873 1455 iam
899 1424 944 1455 ab
972 1423 1055 1455 aliis
1080 1435 1136 1457 vv.
1165 1423 1222 1455 dd.
1249 1424 1443 1466 repetitum
1470 1426 1536 1456 est.
1584 1423 1744 1466 Negavit

190 1484 194 1489 1
222 1472 343 1501 autem
368 1469 542 1508 Kritzius,
567 1469 662 1501 haec
687 1469 732 1500 de
756 1469 930 1511 Pompeio
956 1469 1028 1500 dici
1052 1469 1232 1511 potuisse,
1260 1469 1392 1511 quippe
1419 1479 1524 1510 quem
1549 1468 1743 1501 Sallustius

223 1514 473 1556 adrogantem,
499 1514 571 1545 oris
596 1514 750 1555 inprobi,
778 1514 888 1545 animi
912 1513 1149 1546 inverecundi
1175 1513 1447 1555 adpellavisset.
1490 1513 1554 1546 Set
1578 1514 1623 1546 de
1641 1514 1743 1546 cuius

224 1559 316 1590 alius
341 1559 421 1598 viri,
449 1559 608 1591 secundo
626 1559 717 1590 libro
736 1559 1009 1598 conmemorati,
1036 1558 1246 1590 dominandi
1263 1558 1379 1590 studio
1396 1558 1496 1600 loqui
1519 1559 1647 1601 potuit,
1673 1559 1744 1590 nisi

222 1604 267 1636 de
294 1604 361 1636 Gn.
388 1604 563 1645 Pompei?
610 1604 658 1635 Et
682 1606 782 1635 recte
807 1604 924 1646 potuit
950 1614 994 1636 ea
1019 1604 1154 1643 dicere,
1181 1604 1212 1634 si
1238 1603 1381 1645 quidem
1405 1603 1506 1635 illum
1532 1603 1576 1635 ab
1601 1603 1759 1636 luxuria·

223 1651 331 1690 atque
358 1648 515 1681 avaritia
547 1648 777 1681 abhorruisse
812 1648 964 1680 aliorum
994 1648 1213 1680 testimoniis
1239 1649 1328 1680 satis
1354 1651 1498 1680 constat
1523 1647 1667 1689 (Drum.
1691 1649 1742 1680 IV

221 1705 256 1736 p.
283 1692 375 1735 541),
402 1694 584 1726 modestus
604 1697 725 1725 autem
741 1694 810 1731 hoc
828 1693 908 1726 loco
926 1694 970 1725 de
993 1693 1194 1725 lubidinum
1211 1693 1459 1725 moderatione
1477 1693 1612 1725 dictum
1629 1693 1761 1726 fuisse‘

221 1739 390 1770 Donatus
415 1741 584 1778 testatur,
612 1741 648 1770 et
672 1739 794 1770 omnia
819 1748 913 1780 quae
940 1738 1026 1770 Sall.
1053 1738 1091 1769 in
1116 1749 1157 1770 eo
1183 1738 1419 1780 reprehendit
1443 1738 1534 1771 vitia
1560 1738 1605 1771 ab
1631 1738 1742 1771 domi-

221 1784 335 1816 nandi
360 1783 560 1826 cupiditate
585 1784 755 1826 profecta
779 1783 948 1816 videntur
973 1793 1065 1815 esse.

312 1862 388 1903 <87
421 1862 499 1916 [Kr.
524 1866 580 1900 86.
610 1865 649 1901 G.
675 1862 768 1915 25].‚
809 1861 874 1901 Vir
904 1863 1031 1913 gravis
1060 1866 1098 1901 et
1123 1861 1229 1901 nulla
1256 1866 1340 1901 arte
1364 1863 1544 1913 cuiquam
1567 1862 1742 1901 inferior.

336 1941 439 1974 Arus.
467 1953 500 1983 p.
519 1941 586 1973 242
612 1951 692 1973 cum
716 1941 886 1973 lemmate
911 1941 1057 1981 inferior
1072 1940 1143 1972 tibi.
1183 1941 1240 1972 De
1258 1940 1417 1972 Sertorio
1437 1951 1482 1972 ea
1498 1940 1611 1973 verba
1630 1940 1743 1972 fuisse
1793 1974 1799 1977 ,

224 1986 324 2019 dicta
348 1987 427 2019 veri
451 1986 627 2019 dissimile
655 1989 721 2026 est,
748 1986 916 2028 quoniam
940 1983 985 2018 de
1012 1986 1089 2017 eius
1112 1985 1260 2028 ingenio
1285 1985 1399 2027 primo
1423 1985 1516 2017 libro
1542 1986 1744 2032 expositum

224 2032 337 2064 fuisse
364 2034 516 2064 constat.

339 2109 390 2148 88
424 2110 503 2163 [Kr.
526 2112 593 2149 ine.
615 2113 671 2147 83.
704 2111 742 2147 G.
762 2107 886 2161 1124]
941 2086 989 2147 Et
1016 2083 1235 2166 continetur
1266 2100 1438 2160 graviuss

340 2188 429 2220 Cum
453 2188 590 2220 Nonius
615 2199 648 2230 p.
675 2187 742 2220 215
766 2197 793 2219 s.
819 2198 853 2220 v.
878 2198 982 2228 ,qrave
1006 2189 1175 2220 molestum
1207 2198 1251 2219 ex
1274 2187 1346 2228 lib..
1363 2187 1400 2219 II
1424 2187 1517 2220 haec
1543 2188 1658 2220 verba
1682 2187 1768 2223 ad--

226 2234 341 2274 ferat,
376 2233 538 2265 Kritzius
562 2233 696 2264 iniuria
727 2243 766 2264 se
797 2232 843 2264 ad
866 2233 1010 2264 incerta
1035 2233 1244 2275 fragmenta
1269 2232 1495 2275 relegavisse
1527 2234 1606 2275 ipse
1637 2233 1744 2265 intel-

225 2278 333 2311 lexit:
359 2289 443 2310 nam
461 2278 499 2309 in
524 2278 682 2310 editione
707 2277 917 2310 novissuma
941 2277 1003 2309 lib.
1022 2278 1060 2309 II
1079 2277 1298 2319 adsignavit.
1341 2277 1405 2309 Set
1420 2280 1460 2309 ut
1478 2278 1574 2320 apud
1590 2278 1746 2310 Nonium

226 2324 367 2365 scripta
391 2326 486 2361 sunt,
512 2333 659 2365 prorsus
684 2323 812 2364 inepta
843 2333 923 2354 esse
954 2332 1059 2354 nemo
1091 2322 1252 2364 negavit.
1302 2322 1417 2354 Recte
1442 2323 1553 2354 Merc.
1588 2323 1747 2355 coniecit

225 2374 371 2410 ymnius.
412 2368 589 2399 Videntur
605 2368 704 2399 dicta
722 2368 837 2399 fuisse
863 2367 907 2399 de
933 2378 1067 2409 genere
1091 2367 1256 2408 militum,
1282 2367 1487 2399 latrociniis
1512 2371 1626 2408 sueto,
1653 2367 1747 2410 quod

227 2424 266 2445 se
292 2413 470 2446 contineri
493 2413 681 2445 molestius
705 2412 862 2444 tulisset.

1594 2445 1614 2456 a

340 2491 392 2531 89
425 2491 503 2544 [Kr.
529 2495 585 2529 87.
617 2493 655 2529 G.
677 2491 754 2543 62].
817 2491 873 2530 Ita
903 2491 1042 2530 fiducia
1076 2468 1202 2542 quam.
1224 2492 1464 2540 argumentis
1500 2492 1747 2542 purgatiores

228 2560 484 2599 dimittuntur.

340 2638 431 2670 Non.
518 2636 602 2669 212·
638 2637 781 2669 Fiducia
810 2640 862 2668 est
893 2637 1048 2669 audacia.
1098 2636 1277 2668 Sallustius
1301 2636 1357 2668 zib.
1381 2637 1435 2668 11·
1468 2636 1521 2668 ita
1552 2654 1596 2660 —
1627 2619 1746 2669 dimit-

228 2686 352 2715 tuntur
378 2648 558 2724 [dimipttunt
581 2680 638 2724 Α].
688 2682 789 2714 Serv.
818 2681 864 2713 ad
888 2681 998 2723 Verg.
1026 2682 1116 2713 Aen.
1144 2682 1182 2713 ΙΙ
1204 2679 1266 2713 61:
1299 2681 1390 2713 Sane
1414 2685 1546 2713 veteres
1571 2683 1746 2723 ‘fiduciam'
1777 2703 1779 2706 ι
1816 2679 1820 2684 ’

228 2729 394 2760 interdum
417 2738 481 2769 pro
506 2728 644 2759 crimine
669 2731 702 2759 et
726 2727 869 2758 audacia
889 2726 1063 2767 ponebant
1085 2730 1121 2757 ut
1146 2727 1344 2759 Sallustius:
1375 2726 1428 2758 ita
1451 2743 1495 2749 —
1519 2726 1748 2762 dimittuntur

232 2772 305 2815 [Sic
333 2783 351 2804 e
378 2772 456 2804 cod.
483 2772 524 2804 F.
553 2770 765 2804 emendata
771 2773 854 2802 sunt
879 2774 1073 2813 conrupta.
1099 2775 1135 2802 ut
1156 2773 1296 2812 psallito
1314 2771 1441 2812 fiducia
1465 2764 1561 2813 qu'am
1577 2773 1749 2813 arycnteis

226 2822 436 2859 purgatores
460 2815 642 2859 dicuntur}
691 2817 826 2848 Donat
854 2815 901 2847 ad
925 2815 1008 2847 Ter.
1036 2815 1225 2853 Phorm.1
1247 2816 1280 2854 4,
1306 2814 1366 2847 28:
1394 2815 1479 2847 Nam
1502 2819 1535 2848 st
1555 2819 1700 2848 senserit
1715 2820 1748 2848 te

230 2864 374 2894 timidum
388 2866 492 2903 pater
508 2871 591 2899 esse,
611 2861 836 2901 arbitrabitur
848 2865 1071 2895 conmeruz'sse
1088 2858 1237 2902 culpam]
1259 2859 1316 2892 Sic
1332 2859 1510 2893 Sallustius
1527 2863 1559 2892 in
1569 2861 1749 2893 Historia:

231 2906 285 2938 ita
310 2924 350 2929 —
377 2906 619 2939 dim-ittuntur.
668 2904 734 2938 Ι(1.’
752 2906 797 2938 ad
821 2905 913 2942 Hec.
941 2905 991 2938 IV
1018 2903 1139 2945 1,·13:
1173 2905 1302 2938 Solutio
1334 2908 1481 2938 criminis
1506 2915 1574 2948 per
1592 2906 1750 2947 fiduciam
1796 2906 1802 2912 ”
