1812 3268
822 254 955 281 lunnx
1563 238 1645 279 395

124 362 249 386 verum
274 353 463 397 aliquanto
489 355 650 387 minor‘es
682 357 807 387 tamen
828 354 874 376 ὲ-
897 354 926 386 C
949 353 988 395 8,
1013 354 1046 387 2.
1091 363 1165 386 non
1188 353 1370 386 exercitus
1396 370 1434 375 —
1458 351 1647 396 praesidia

124 400 229 442 regni
246 402 341 440 sunt,
360 410 494 432 verum·
504 400 614 432 amici
631 399 655 431 J
675 398 728 440 10,
745 400 768 431 4
783 401 870 432 conl.
889 399 945 439 31,
963 399 996 432 7.
1018 398 1069 431 18.
1095 399 1132 431 Η
1146 399 1202 431 ΙΙΙ
1218 397 1276 438 61,
1293 396 1350 431 26.
1389 407 1463 430 non
1479 397 1585 430 modo
1601 414 1646 420 ——

123 455 249 477 verum
268 445 379 476 etiam
395 445 420 476 J
435 443 491 484 89,
509 445 541 477 4.
566 445 602 476 H
618 445 654 476 11
668 443 724 485 96,
741 444 774 477 9.
792 457 839 473 =
853 445 988 477 Verum
1006 445 1102 477 enim
1118 454 1206 477 vero
1224 443 1252 476 C
1269 444 1301 483 2,
1319 442 1354 476 9.
1378 443 1434 484 20,
1455 442 1511 475 10.

167 498 278 522 verus.
311 490 603 522 satisfactionem
619 507 664 512 —
679 497 806 522 veram
822 490 912 522 licet
929 499 1131 533 cognoscas
1149 489 1177 521 O
1195 488 1250 530 35,
1268 488 1301 520 2.
1341 498 1431 521 vera
1448 495 1569 521 rernm
1583 497 1645 521 vo-

125 534 258 567 cabula
277 535 463 567 amisimus
482 534 510 566 C
527 534 648 575 52,11.
681 545 794 567 verae
813 552 856 557 -
873 534 999 567 claves
1017 534 1108 576 (obp.
1127 533 1372 574 adulterinae)
1389 533 1413 566 J
1434 533 1485 574 12,
1504 532 1537 566 3.
1570 535 1647 565 tum

124 580 266 612 demum
290 590 417 613 veram
441 580 665 612 deditionem
689 579 816 612 facere
835 582 991 612 conatus
1009 583 1066 612 est
1080 579 1105 612 J
1119 578 1180 619 46,
1201 579 1231 612 1.
1274 579 1335 629 qpi
1349 589 1475 611 veram
1493 578 1647 621 gloriam

122 625 281 657 iniustae
297 625 487 668 potentiae
505 625 765 658 anteferrentJ
773 624 830 666 41,
844 624 895 658 10.
921 624 985 657 ille
1001 635 1090 658 vera
1104 625 1168 657 via
1181 624 1311 656 nititur
1325 623 1519 665 (obp-dolis
1535 627 1646 666 atque

123 669 302 711 fallaciis)
317 669 344 701 C
364 669 459 710 11,2.
492 680 612 712 poena
623 680 714 702 vera
728 673 784 702 est
799 670 1052 702 existumanda
1064 680 1156 711 susp.
1171 670 1207 701 H
1224 669 1281 701 i5.
1316 669 1446 711 quibus
1458 669 1595 712 peritia
1610 670 1648 700 et

121 726 246 747 verum
263 715 451 757 ingenium
469 718 526 747 est
541 715 577 746 H
592 715 610 747 I
630 714 704 747 111.
746 715 894 747 tametsi
910 725 1035 747 verum
1053 714 1325 747 existumabant
1342 713 1370 745 C
1387 712 1443 754 48,
1461 713 1494 746 5.
1525 715 1647 756 potest

122 759 256 792 falsum
282 760 423 802 aliquid
445 771 510 802 pro
534 770 622 792 vero
648 761 750 792 credi
774 760 801 792 C
826 759 886 801 51,
904 759 958 793 36.
1000 760 1058 793 sin
1080 770 1206 792 verum
1230 760 1375 802 aperiat
1397 759 1422 791 J
1444 757 1498 799 33,
1517 759 1550 792 4.
1590 758 1647 790 uti

121 805 253 848 paucis
270 815 398 837 verum
417 805 605 837 absolvam
623 805 651 837 C
669 804 724 846 38,
735 804 767 838 3.
799 815 987 838 numerum
1002 804 1214 847 ampliorem
1230 815 1317 837 vero
1333 805 1358 837 J
1378 803 1494 844 105,3.
1528 813 1646 845 neque

121 861 178 883 me
204 850 349 883 divorsa
372 861 459 892 pars
483 850 635 883 dimovit
658 861 679 883 a
702 861 789 883 vero
814 851 849 882 H
866 851 882 882 I
899 850 931 882 5.
978 850 1126 882 fortuna
1150 860 1210 881 res
1234 852 1388 882 cunctas
1413 859 1457 881 ex
1479 848 1645 881 lubidine

121 896 241 938 magis
259 906 366 938 quam
384 906 429 927 ex
444 906 532 928 vero
551 895 718 928 celebrat
736 895 944 938 obscuratq.
963 895 991 927 C
1008 894 1041 936 8,
1065 894 1093 927 1.
1135 905 1238 937 pars,
1264 904 1359 937 quae
1381 904 1469 926 vero
1487 894 1646 936 gratiam

123 943 186 973 aut
211 941 408 983 pecuniam
431 941 666 973 anteferebat
688 941 713 973 J
740 939 798 980 16,
820 940 850 972 1.
892 950 955 972 eos
973 951 995 972 a
1012 950 1100 973 vero
1116 940 1249 981 bonoq.
1267 939 1484 981 inpediebat
1497 939 1521 970 J
1537 937 1592 979 30,
1611 939 1644 970 2.

123 989 251 1019 contra
274 996 402 1018 verum
425 986 494 1017 niti
511 986 535 1017 J
552 985 613 1026 35,
632 984 664 1018 8.
707 996 751 1018 ex
775 996 843 1028 quo
867 988 1063 1028 praesente
1086 995 1178 1018 vera
1200 984 1389 1016 facillume
1406 986 1647 1016 noscerentur

121 1031 228 1063 H-III
243 1030 306 1072 67,
325 1032 358 1063 2.
400 1031 562 1063 insolens
585 1041 674 1063 vera
699 1030 910 1073 accipiundi
926 1031 962 1062 H
977 1031 1028 1062 IV
1043 1029 1100 1062 48.
1143 1030 1174 1062 si
1196 1039 1286 1062 vera
1305 1030 1526 1061 existumare
1542 1028 1646 1061 voles

120 1077 158 1108 H
173 1076 224 1108 IV
239 1075 303 1115 61,
321 1075 353 1109 3.
393 1086 483 1109 vera
507 1086 661 1108 necesse
687 1079 743 1108 est
758 1076 854 1108 bene
871 1076 1105 1118 praedicent,
1131 1075 1230 1107 falsa
1246 1093 1288 1097 —
1305 1075 1330 1107 J
1344 1073 1408 1113 85,
1427 1074 1482 1106 27.
1521 1074 1580 1106 sin
1602 1073 1646 1105 li-

120 1121 248 1154 bertas
266 1124 304 1153 et
320 1132 409 1154 vera
425 1121 544 1164 magis
561 1121 711 1164 placent
727 1121 763 1152 H
778 1121 797 1153 Ι
811 1119 875 1162 48,
893 1120 949 1153 20.
991 1121 1023 1152 si
1046 1131 1136 1153 vera
1160 1122 1197 1152 et
1218 1119 1374 1152 honesta
1390 1118 1570 1162 flagitium
1587 1123 1646 1150 su*-

121 1167 308 1209 peraverit
324 1167 359 1198 H
375 1167 428 1198 111
444 1165 503 1206 61,
527 1166 578 1199 13.
610 1179 656 1194 =
687 1166 770 1198 dolo
788 1176 836 1198 an
852 1174 933 1198 vere
951 1168 1145 1198 cunctatus
1161 1166 1186 1198 J
1204 1164 1285 1205 113,
1309 1164 1337 1197 l.
1379 1165 1422 1196 de
1448 1174 1520 1206 qua
1537 1173 1645 1206 quam

120 1212 319 1244 verissume
338 1215 466 1254 potero
484 1212 604 1244 dicam
622 1211 650 1244 O
671 1210 724 1252 18,
745 1211 775 1243 1.
801 1211 834 1252 4,
846 1210 877 1244 3.
911 1214 1104 1254 suspectus
1122 1211 1205 1251 fuit,
1222 1210 1402 1242 incertum
1418 1218 1500 1242 vero
1518 1220 1566 1242 an
1581 1219 1647 1252 per

121 1257 397 1300 neglegentiam
412 1257 449 1289 H
464 1257 516 1289 IV
534 1256 585 1289 11.

165 1304 329 1334 verutum.
360 1305 491 1334 veruta
507 1302 632 1341 binum
649 1302 781 1345 pedum
799 1302 834 1333 H
850 1302 904 1333 III
919 1302 977 1334 22.
1414 1342 1419 1344 ‚

164 1356 294 1380 vescor.
324 1347 503 1380 Numidae
525 1347 626 1379 lacte
651 1350 688 1379 et
710 1347 830 1379 ferina
849 1357 959 1379 carne
976 1346 1223 1379 vescebantur
1237 1345 1262 1377 J
1277 1344 1340 1385 89,
1359 1345 1391 1377 7.
1433 1345 1646 1387 corporibus

119 1393 302 1425 hominum
325 1393 428 1425 vesci
451 1393 486 1424 H
509 1393 527 1424 I
549 1391 605 1424 67.
646 1391 798 1424 insolita
819 1391 1059 1424 vescentibus
1081 1391 1118 1423 H
1139 1391 1194 1423 111
1217 1391 1272 1423 27.
1312 1390 1488 1423 vescendi
1513 1399 1646 1422 caussa

120 1438 243 1471 omnia
261 1438 449 1480 exquirere
468 1436 496 1469 C
514 1436 568 1476 13,
585 1436 617 1470 3.

164 1491 286 1523 uesper
301 1483 377 1514 diei
395 1485 476 1514 erat
491 1482 516 1514 J
531 1482 586 1523 52,
606 1481 637 1514 3.
667 1480 743 1523 106,
761 1481 794 1513 2.

164 1537 307 1568 vespera
321 1528 357 1559 H
374 1528 407 1559 ΙΙ
422 1526 477 1559 76.

165 1575 278 1605 Vesta.
310 1573 482 1605 sacerdos
498 1573 636 1605 Vestae
655 1572 683 1604 C
704 1571 756 1613 15,
780 1570 809 1606 1.

164 1619 356 1658 vestigium.
395 1617 567 1650 Sardinia
588 1634 634 1639 —
659 1618 759 1649 facie
783 1618 920 1660 vestigi
943 1617 1093 1649 humani
1116 1617 1153 1648 H
1175 1617 1211 1649 11
1233 1617 1267 1648 2.
1314 1616 1475 1658 vestigia
1498 1617 1645 1648 secutos

164 1709 402 1740 vestimentum
419 1710 482 1740 aut
498 1717 564 1740 vas
582 1707 740 1739 alicuius
759 1708 1023 1750 concupiverat
1041 1707 1068 1738 C
1085 1706 1142 1747 51,
1160 1706 1216 1740 33.

164 1754 284 1785 vestio.
316 1753 421 1785 collis
439 1769 482 1774 —
496 1753 654 1785 vestitus
671 1752 831 1784 oleastro
850 1762 894 1784 ac
912 1752 1079 1784 murtetis
1095 1752 1119 1784 J
1134 1751 1190 1792 48,
1209 1751 1241 1784 3.

163 1799 280 1831 vestis.
311 1801 415 1830 veste
433 1800 572 1830 tectum
588 1797 784 1840 pugionem
801 1798 836 1829 H
854 1797 909 1829 111
926 1797 981 1830 37.
1021 1799 1144 1830 vestes
1169 1797 1214 1829 de
1231 1796 1392 1839 pellibus
1409 1807 1564 1829 renones
1583 1797 1644 1829 ad-

146 1844 304 1876 ellantur
320 1843 355 1875 H
372 1844 385 1875 i
404 1842 457 1875 19.

120 1855 142 1887 p
164 1891 355 1921 veteranus.
385 1889 556 1920 veterani
574 1887 601 1920 O
619 1886 674 1928 60,
695 1887 727 1920 3.
770 1887 927 1920 cohortis
943 1890 1143 1920 veteranas
1161 1886 1188 1919 C
1206 1886 1261 1927 59,
1280 1886 1312 1919 5.

163 1936 252 1966 veto.
284 1934 370 1976 quia
386 1933 446 1965 lex
463 1934 596 1965 Porcia
612 1933 741 1965 vetat?
758 1932 786 1965 O
803 1932 859 1974 51,
878 1933 935 1964 22.

165 1980 301 2011 vettius
323 1979 458 2011 Picens
474 1979 509 2010 H
526 1979 544 2010 Ι
560 1979 615 2018 41,
638 1977 689 2010 17.
1534 2009 1536 2011 ,

164 2026 273 2056 vetus.
303 2024 357 2056 uti
373 2027 520 2056 veteres
539 2024 674 2056 amicos
693 2041 734 2045 —
753 2022 936 2065 expleant,
956 2033 1069 2055 novos
1089 2023 1286 2065 adquirant
1301 2023 1325 2055 J
1338 2022 1423 2063 13,6
1438 2025 1525 2056 conl.
1543 2023 1599 2064 74,
1612 2023 1642 2055 1.

118 2080 153 2102 ν.
174 2079 307 2101 caussa
324 2069 489 2101 bellandi
506 2069 541 2100 H
558 2069 608 2100 IV
624 2067 679 2108 61,
699 2067 730 2100 5.
771 2078 805 2100 v.
826 2071 1014 2100 certamen
1033 2068 1171 2100 animos
1191 2068 1334 2100 adrexit
1352 2068 1380 2100 O
1397 2068 1453 2110 39,
1472 2067 1504 2100 3.
1539 2069 1643 2101 Pom-

118 2115 180 2157 pei
197 2117 343 2146 veteres
360 2113 485 2156 fidosq.
505 2114 652 2146 clientis
671 2113 698 2145 C
720 2112 771 2152 19,
789 2113 821 2145 5.
855 2123 901 2145 ne
920 2114 1052 2145 omisso
1069 2117 1195 2146 vetere
1215 2113 1367 2145 consilio
1384 2124 1515 2146 novom
1533 2124 1643 2156 quae-

119 2163 217 2191 reret
232 2160 256 2192 J
272 2159 334 2200 70,
354 2159 386 2191 5.
429 2162 510 2191 erat
528 2159 562 2191 ei
580 2169 661 2190 cum
677 2158 813 2190 Fulvia
837 2169 870 2190 v.
896 2159 1012 2201 stupri
1030 2159 1254 2190 consuetudo
1273 2157 1379 2199 0-23,
1398 2157 1430 2191 3.
1471 2158 1643 2191 diffidens

118 2205 237 2237 veteri
255 2205 435 2236 exercitui
450 2204 475 2236 J
490 2203 554 2244 43,
573 2203 606 2236 3.
648 2203 813 2235 coloniae
836 2206 1001 2236 veterum
1024 2203 1181 2235 militum
1204 2204 1239 2235 H
1261 2204 1279 2236 1
1294 2202 1357 2243 48,
1376 2203 1418 2235 21
1443 2206 1529 2237 conl.
1555 2205 1643 2236 novi

118 2252 301 2291 veteresq.
321 2250 345 2282 J
361 2248 422 2289 87,
443 2247 476 2281 3.
501 2248 563 2290 97,
583 2248 615 2281 5.
655 2259 690 2280 v.
709 2248 884 2281 nobilitas
900 2249 924 2281 J
939 2247 1001 2289 85,
1019 2249 1051 2281 4.
1092 2249 1276 2281 hominem
1293 2249 1428 2282 veteris
1445 2250 1642 2292 prosapiae

117 2295 142 2327 J
158 2293 220 2335 85,
240 2294 293 2326 10.
335 2295 546 2337 rapinarum
571 2297 607 2326 et
624 2294 801 2326 victoriae
827 2294 962 2326 veteris
978 2304 1159 2326 memores
1177 2293 1204 2326 C
1226 2293 1283 2334 16,
1301 2294 1334 2327 4.
1376 2295 1473 2337 apud
1497 2298 1643 2327 veteres

120 2342 156 2372 et
173 2342 321 2372 sanctos
337 2340 435 2372 viros
453 2340 487 2370 H
505 2340 540 2371 11
556 2338 617 2380 23,
637 2339 668 2371 5.
710 2342 839 2372 vetera
855 2339 982 2381 odere,
1008 2350 1103 2372 nova
1122 2342 1297 2382 exoptant
1315 2339 1342 2371 C
1361 2338 1422 2380 37,
1442 2340 1474 2373 3.
1514 2343 1642 2373 vetera

118 2385 284 2417 omittere
302 2385 327 2416 J
347 2383 420 2423 102,
444 2384 505 2416 14:

117 2432 316 2506 Hvetustassso
335 2429 498 2462 familiae
516 2430 541 2462 J
557 2428 612 2470 63,
632 2429 664 2462 2.
707 2429 860 2462 Curetes
878 2432 1099 2463 vetustatem
1118 2430 1254 2462 altores
1269 2430 1368 2463 Iovis
1393 2430 1640 2462 celebravisse

161 2521 327 2551 vetustus.
357 2522 527 2552 vetustae
545 2520 689 2552 radices
708 2520 920 2553 eminebant
937 2519 996 2560 (al.
1015 2519 1214 2561 vetustate)
1230 2520 1254 2552 J
1270 2519 1327 2560 94,
1345 2521 1378 2553 2.

162 2564 325 2596 vexillum
342 2582 383 2587 —
403 2564 478 2597 alia
496 2565 674 2597 militaria
690 2565 785 2598 dona
801 2566 826 2598 J
841 2565 896 2606 85,
915 2565 969 2598 29.
1381 2587 1384 2590 -

161 2618 259 2643 vexo.
298 2610 492 2652 pecuniam
517 2610 667 2642 trahunt
688 2615 826 2643 vexant
851 2610 879 2643 C
904 2612 943 2651 5,
961 2609 994 2642 8.
1033 2610 1159 2652 precio
1184 2620 1259 2642 rem
1282 2621 1315 2652 p.
1340 2620 1476 2643 vexare
1494 2610 1594 2642 soliti
1612 2610 1640 2643 C

116 2654 179 2695 50,
199 2654 229 2686 1.
273 2665 329 2687 me
353 2655 500 2687 honoris
527 2656 659 2698 cupido
684 2656 809 2688 eadem
844 2656 1045 2696 eademque
1068 2672 1112 2676 —-
1137 2655 1238 2686 fama
1269 2658 1341 2697 atq.
1368 2655 1509 2688 invidia
1531 2666 1640 2688 vexa-

116 2700 182 2731 bat
198 2699 226 2730 C
243 2699 275 2740 3,
294 2699 327 2731 5.
367 2711 487 2732 mores
507 2718 544 2723 -—
564 2701 709 2733 luxuria
727 2704 799 2743 atq.
820 2701 976 2733 avaritia
993 2699 1181 2731 vexabant
1198 2699 1226 2731 C
1243 2699 1274 2739 5,
1293 2699 1325 2732 8.

161 2744 227 2775 via.
257 2745 356 2777 viam
372 2745 570 2778 militarem
586 2747 621 2777 H
638 2746 651 2777 i
669 2746 722 2778 72.
763 2756 872 2778 sacra
893 2746 957 2777 via
976 2745 1192 2776 deducentis
1217 2745 1452 2777 candidatum
1469 2745 1505 2777 H
1528 2746 1564 2777 H
1582 2745 1637 2778 40.

118 2789 419 2828 concurrentibus
437 2801 502 2833 per
518 2792 599 2823 vias
618 2802 662 2822 ac
681 2794 781 2822 tecta
798 2791 833 2821 H
849 2790 886 2821 11
902 2789 957 2829 23,
971 2789 1001 2820 l.
1036 2789 1124 2822 solis
1137 2789 1206 2822 viis
1223 2790 1258 2821 H
1274 2790 1292 2821 1
1310 2788 1385 2821 110.
1419 2790 1472 2823 ire
1486 2791 1640 2832 primum

116 2834 191 2874 via,
211 2844 281 2875 qua
299 2836 564 2876 capessundam
582 2836 740 2867 arbitror
755 2835 965 2866 libertatem
982 2835 1017 2865 H
1033 2835 1088 2866 III
1104 2833 1165 2873 61,
1184 2835 1216 2866 2.
1258 2834 1400 2877 legatos
1425 2836 1553 2868 eadem
1577 2836 1639 2869 via

119 2879 314 2921 adgressus
330 2878 355 2910 J
372 2878 425 2918 16,
434 2881 467 2912 4.
501 2882 643 2912 animus
659 2879 723 2911 ubi
742 2879 787 2911 ad
805 2878 959 2921 gloriam
975 2879 1121 2912 virtutis
1122 2879 1200 2932 lia
1217 2883 1407 2922 grassatur
1421 2881 1445 2913 J
1465 2880 1494 2921 1,
1513 2880 1534 2914 3
1551 2884 1636 2914 conl.

117 2924 153 2955 H
169 2924 182 2955 i
197 2922 244 2956 96
259 2922 370 2966 (omni
386 2923 473 2966 via).
498 2924 562 2958 ille
578 2934 667 2957 vera
683 2924 746 2957 via
762 2923 890 2956 nititur
907 2923 935 2956 C
955 2923 1007 2965 11,
1026 2924 1058 2957 2.
1384 2941 1386 2943 -
