1846 3282
203 205 284 246 342
893 217 1027 242 INDEX

206 329 274 360 quo
300 317 477 349 adcedam
502 318 565 347 aut
590 324 678 356 quos
703 315 907 357 adpellem?
930 316 953 347 J
975 314 1032 355 14,
1055 314 1104 346 17.
1147 315 1242 348 forte
1259 315 1377 348 lubuit
1395 315 1607 356 adtendere,
1627 325 1721 358 quae

205 373 264 395 res
282 365 386 393 tanta
403 361 552 402 negotia
577 360 811 392 sustinuisset
829 360 856 391 C
874 358 934 400 53,
956 359 986 392 l.
1028 370 1134 402 quam
1158 360 1217 392 cui
1242 360 1425 392 mandetis
1451 361 1723 403 circumspicite

204 408 240 439 H
256 408 291 438 11
307 405 362 443 41,
384 404 434 436 10.
477 404 566 444 Quis
584 405 670 444 sim,
699 415 743 436 ex
768 415 810 436 eo
836 415 941 446 quem
961 405 1006 436 ad
1024 409 1058 437 te
1077 405 1159 437 misi
1177 415 1377 448 cognosces
1396 405 1423 436 C
1441 405 1496 445 44,
1515 405 1549 437 5.
1591 415 1723 448 cogno·
1779 438 1782 441 Α

205 461 307 483 scere
326 450 411 491 qu1d
428 449 513 480 boni
530 450 655 491 utrisq.
676 452 739 481 aut
757 452 884 481 contra
903 453 1000 482 esset
1015 451 1039 482 J
1055 448 1099 481 88
1111 474 1119 490 ,
1137 451 1169 482 2.
1211 460 1328 492 neque
1348 450 1528 482 exercitus
1543 450 1593 481 M.
1612 460 1722 492 quan-

189 500 262 536 -tus
281 498 344 527 aut
362 504 429 536 quo
450 493 605 526 consilio
623 494 729 533 foret,
749 495 839 526 satis
858 498 1069 536 conpertum
1086 495 1250 527 habebat
1267 494 1358 535 C29,
1373 494 1402 526 1.
1438 505 1517 534 cum
1535 495 1725 527 considero

206 549 299 581 quae
318 539 477 570 conditio
494 538 594 571 vitae
614 539 737 570 futura
752 539 801 571 sit
819 539 845 571 O
861 538 914 578 20,
925 540 956 571 6.
991 540 1201 572 consideres
1219 540 1303 582 quid
1320 544 1406 572 tuae
1423 541 1584 571 rationes
1601 542 1725 582 postu-

204 584 282 616 lent
300 583 326 614 C
345 584 406 623 44,
427 583 457 615 5.
499 583 585 625 quid
609 584 648 615 in
675 583 766 615 alios
791 585 963 616 statuatis
989 584 1219 616 considerate
1246 584 1272 616 O
1297 585 1357 623 51,
1375 583 1429 616 26.
1473 584 1559 626 quid
1582 585 1620 616 in
1642 584 1725 617 illos

206 631 408 661 statuamus
427 628 635 660 consultare
647 628 779 667 0523.
814 629 1050 669 cunctamini,
1071 629 1156 671 quid
1173 648 1215 652 —
1233 629 1383 661 faciatis
1403 628 1429 661 C
1448 628 1558 668 52,25
1574 628 1724 662 conl.31.

206 674 267 716 qui
284 672 456 705 mortales
473 673 635 704 Africam
653 673 848 705 habuerint
871 675 1003 715 quique
1029 674 1256 706 adcesserint
1281 678 1343 706 aut
1368 684 1435 716 quo
1454 674 1555 706 modo
1573 674 1670 706 inter
1686 683 1726 706 se

206 718 375 761 permixti
393 718 483 757 sint,
503 735 546 740 -—
564 718 684 749 dicam
700 719 723 750 J
744 718 782 749 17
795 743 803 758 ,
822 718 852 750 7.
894 721 1024 760 postea
1047 729 1139 760 quae
1165 719 1298 750 fecerit
1326 738 1362 742 —-
1381 719 1559 751 disserere
1575 719 1599 750 J
1617 717 1674 760 95,
1693 719 1725 751 4.

205 763 295 794 mihi
319 762 568 795 disserendum
593 763 662 794 fuit
685 763 921 804 docendumq.
949 773 1039 804 quas
1064 764 1109 795 ob
1135 764 1289 795 iniurias
1316 767 1352 795 et
1381 764 1550 805 quotiens
1579 781 1619 786 —
1649 763 1726 806 plc-

206 809 272 840 bes
291 807 506 839 secessisset
522 808 558 839 H
573 806 690 847 11161,
705 807 732 839 1.
767 818 825 839 res
842 808 880 839 in
897 808 1024 839 Africa
1042 811 1166 850 gestas
1185 819 1325 850 quoque
1343 808 1447 840 modo
1468 811 1575 840 actae
1595 808 1724 848 forent,

208 853 308 885 fama
325 852 529 895 divolgavit
545 852 568 884 J
585 851 681 891 30,1.
715 852 813 884 docti
831 863 900 894 quo
918 853 1022 884 modo
1040 853 1154 884 verba
1172 852 1486 894 facerentJ103,7
1504 855 1590 885 conl.
1610 852 1682 893 109,
1697 852 1726 885 l.

206 897 268 938 49,
291 897 306 928 1
333 899 418 929 conl.
446 896 472 929 C
499 896 538 936 5,
556 895 588 929 9.
637 898 767 929 anxius
792 900 872 929 erat
895 897 1067 930 dubitans
1093 898 1177 939 quid
1201 899 1301 929 facto
1327 908 1415 940 opus
1440 900 1538 929 esset
1562 897 1589 929 O
1613 896 1675 936 46,
1693 897 1726 929 2.

209 952 301 985 quae
320 941 409 974 belli
426 943 585 974 saevitia
604 945 719 982 esset,
747 952 838 984 quae
857 943 964 975 victis
989 942 1216 982 acciderent,
1236 960 1276 965 -—
1298 953 1559 975 enumeravere
1577 942 1604 974 C
1622 942 1676 982 51,
1693 941 1727 975 9.

207 988 238 1019 si
255 997 382 1029 parum
400 987 671 1019 existumat-etis
683 1011 691 1026 ,
717 987 800 1029 quid
825 988 921 1019 inter
942 987 998 1019 ius
1023 1005 1056 1009 ——
1091 991 1127 1019 et
1149 988 1338 1020 servitium
1354 1005 1398 1009 —
1415 987 1611 1019 interesset
1626 987 1662 1019 H
1677 987 1730 1019 111

207 1032 270 1071 61,
299 1031 327 1064 l.
372 1031 457 1073 quid
480 1032 580 1074 ubiq.
605 1031 720 1064 hostis
746 1035 876 1074 ageret
901 1032 1091 1074 explorare
1114 1033 1138 1065 J
1162 1032 1223 1072 52,
1242 1032 1263 1063 5
1290 1034 1377 1065 conl.
1403 1032 1467 1072 54,
1488 1032 1520 1063 2.
1566 1032 1729 1064 incertus

210 1077 295 1119 quid
313 1087 422 1118 agam
438 1077 462 1108 J
482 1076 533 1115 14,
553 1076 584 1109 3.
627 1077 759 1108 incerti
776 1078 933 1119 ignariq.
959 1077 1045 1118 quid
1062 1078 1297 1119 potissumum
1321 1076 1691 1119 facerent‘trepidare
1706 1077 1731 1109 J

208 1121 269 1162 67,
293 1121 320 1154 1.
362 1122 541 1153 incertum
561 1132 667 1163 quam
684 1122 729 1154 ob
754 1132 931 1162 caussam,
960 1122 1148 1164 digressae
1174 1123 1208 1153 H
1232 1122 1285 1153 111
1308 1121 1362 1154 49.
1411 1132 1479 1164 quo
1504 1121 1542 1153 in
1565 1121 1647 1154 loco
1670 1131 1730 1154 res

208 1171 357 1198 nostrae
376 1167 460 1204 sint,
479 1167 696 1208 intellegitis
714 1166 740 1198 C
759 1165 820 1206 58,
839 1167 859 1198 5
883 1169 968 1198 conl.
995 1167 1017 1198 J
1036 1166 1097 1207 33,
1117 1167 1149 1198 4.
1190 1168 1438 1209 interrogatus
1463 1166 1548 1208 quid
1573 1169 1640 1201 aut,
1661 1176 1731 1208 qua

210 1213 254 1244 de
273 1221 405 1243 caussa
424 1211 553 1243 consili
569 1211 759 1243 habuisset
777 1211 803 1243 O
822 1212 882 1251 47,
904 1211 933 1243 l.
975 1211 1150 1243 mandata
1173 1212 1236 1243 dat
1255 1229 1292 1234 —
1320 1221 1389 1253 quo
1408 1211 1562 1243 consilio
1580 1211 1732 1244 servitia

209 1256 377 1298 repudiet
395 1256 421 1287 C
440 1256 494 1295 44,
514 1255 547 1288 6.
590 1267 790 1288 memorare
809 1266 953 1298 possem
979 1257 1107 1298 quibus
1125 1257 1163 1288 in
1178 1256 1272 1288 locis
1289 1274 1332 1279 —
1350 1257 1498 1296 fuderit,
1525 1266 1614 1298 quas
1631 1256 1732 1288 urbis

210 1301 351 1343 ceperit
368 1301 394 1332 G
414 1301 445 1339 7,
465 1301 496 1333 7.
539 1302 734 1343 occupavit
751 1312 814 1333 vos
832 1302 958 1333 nescio
984 1311 1076 1343 quae
1095 1302 1245 1343 torpedo
1263 1302 1298 1333 H
1315 1301 1369 1333 III
1386 1300 1426 1333 61
1438 1327 1445 1341 ,
1465 1300 1519 1333 26.
1559 1311 1677 1343 neque
1694 1301 1732 1333 id

211 1347 341 1388 quibus
359 1346 474 1378 modis
494 1346 756 1387 adsequeretur
773 1347 967 1388 quidquam
985 1347 1091 1388 pensi
1107 1346 1270 1378 habebat
1288 1346 1315 1378 C
1334 1345 1366 1386 5,
1376 1345 1408 1378 6.
1441 1351 1481 1377 ut
1497 1349 1730 1388 proponeret,

211 1401 304 1433 quae
323 1391 486 1422 conditio
505 1391 594 1422 belli
613 1391 725 1430 foret,
753 1399 845 1432 quae
869 1392 1035 1433 praemia
1059 1394 1229 1433 peterent
1246 1391 1272 1423 C
1292 1390 1354 1431 21,
1377 1390 1405 1423 l.
1447 1391 1566 1433 magis
1590 1391 1676 1432 quid
1692 1400 1732 1423 se

211 1436 359 1478 dignum
378 1435 472 1467 foret
496 1445 602 1477 quam
627 1435 713 1477 quid
734 1453 770 1457 —
791 1435 871 1467 fieri
894 1439 1017 1477 posset
1042 1435 1271 1477 quaerebant
1289 1435 1316 1467 C
1334 1435 1395 1475 51,
1416 1434 1448 1466 6.
1491 1435 1622 1476 refert,
1647 1435 1733 1478 quid

211 1481 255 1512 de
275 1481 328 1512 eis
346 1479 425 1511 fieri
441 1479 590 1522 placeat
608 1480 634 1511 G
653 1480 714 1520 50,
733 1479 763 1512 3.
806 1481 838 1512 si
862 1480 1114 1522 reputaverint
1140 1497 1176 1502 -—
1206 1491 1299 1522 quae
1325 1490 1464 1522 genera
1487 1480 1671 1512 hominum
1694 1480 1732 1511 in

211 1528 380 1557 senatum
403 1526 640 1566 pervenerint
663 1525 686 1557 J
709 1525 746 1565 4,
767 1526 800 1556 4.
847 1526 1199 1567 requirerecoepit,
1227 1536 1332 1566 quem
1359 1525 1495 1557 exitum
1519 1526 1633 1556 tantis
1656 1534 1731 1557 ma-

209 1570 254 1601 lis
272 1574 465 1611 sperarent
483 1569 509 1601 C
528 1569 582 1608 40,
602 1571 633 1602 2.
669 1573 830 1612 rogatus,
852 1580 956 1612 quem
974 1570 1089 1603 vellet
1107 1580 1187 1602 cum
1206 1571 1285 1612 Iug.
1306 1570 1438 1602 bellum
1458 1580 1584 1611 gerere
1601 1569 1731 1609 J73,7.

212 1615 326 1654 scitis,
348 1618 521 1656 quantam
539 1614 680 1646 cladem
701 1632 738 1637 —
758 1615 863 1646 nobis
882 1615 1055 1646 adtulerit
1073 1625 1213 1656 quoque
1233 1615 1336 1647 modo
1357 1631 1393 1636 —
1406 1614 1589 1656 proficisci
1606 1615 1733 1656 nequi—

211 1660 326 1692 verim
350 1659 377 1690 C
404 1658 462 1699 58,
483 1660 504 1690 4
527 1662 613 1691 conl.
638 1660 662 1691 J
689 1659 767 1700 102,
792 1659 842 1691 11.
893 1670 1011 1701 neque
1042 1660 1115 1691 iam
1141 1660 1227 1701 quid
1251 1659 1478 1691 existumetis
1502 1659 1546 1691 de
1570 1659 1652 1702 illo,
1677 1662 1734 1692 set

212 1707 386 1746 quantum
405 1704 586 1744 audeatis,
604 1715 744 1744 vereor,
764 1715 809 1736 ne
828 1722 869 1726 —
887 1705 923 1736 H
939 1705 955 1735 I
972 1704 1026 1743 41,
1046 1703 1101 1736 20.

257 1750 415 1789 quisnam.
445 1752 485 1780 ut
510 1759 744 1791 quaeramus,
772 1760 927 1791 quonam
950 1750 1054 1781 modo
1079 1759 1245 1781 maxume
1270 1749 1338 1781 ulti
1360 1759 1554 1791 pereamus
1572 1748 1600 1780 C
1618 1747 1678 1789 33,
1698 1749 1732 1781 5.

210 1794 390 1834 incertus,
419 1804 575 1835 quonam
600 1795 702 1826 modo
728 1795 846 1826 aciem
871 1795 1067 1826 instrueret
1089 1795 1113 1826 J
1138 1793 1218 1834 101,
1245 1795 1276 1826 ²2.
1325 1795 1364 1826 in
1388 1795 1529 1826 incerto
1554 1793 1731 1835 habuere,

212 1839 383 1880 quidnam
401 1839 531 1871 consili
548 1843 724 1881 caperent
741 1838 768 1870 C
786 1839 827 1870 41
841 1864 849 1880 ,
872 1839 900 1871 1.
943 1840 1058 1881 primo
1076 1839 1224 1880 dubius,
1252 1839 1422 1881 quidnam
1444 1838 1592 1871 insolita
1617 1838 1735 1871 facies

213 1883 425 1916 ostenderet
451 1900 488 1906 —-
515 1894 600 1915 nam
624 1902 667 1906 —
692 1885 776 1926 equi
798 1884 1013 1926 Numidaeq.
1049 1884 1288 1916 consederant
1315 1901 1351 1906 —
1380 1884 1530 1925 incertI,
1564 1883 1735 1926 quidnam

212 1932 310 1960 esset
324 1929 348 1960 J
365 1927 420 1968 49,
440 1928 472 1960 5.

257 1974 436 2013 quisquam.
468 1974 556 2005 haut
580 1984 668 2006 sane
694 1974 810 2016 quisq.
837 1983 992 2017 magnus
1018 1975 1088 2005 fuit
1106 1974 1132 2006 C
1150 1972 1210 2014 53,
1232 1974 1262 2006 5.
1304 1974 1395 2006 haut
1413 1973 1525 2006 facile
1543 1973 1734 2015 quisquam

213 2019 374 2060 gratuito
397 2019 512 2051 bonus
539 2022 594 2051 est
618 2019 653 2050 H
677 2020 693 2050 Ι
717 2018 778 2058 48,
796 2017 829 2050 9.
870 2030 916 2051 110
942 2020 1133 2061 quisquam
1157 2019 1334 2052 venderet
1354 2019 1378 2050 J
1401 2019 1464 2059 45,
1481 2019 1503 2050 2
1520 2019 1580 2050 bis.
1614 2029 1733 2060 neque

213 2063 404 2105 quisquam
422 2082 463 2085 —
483 2067 655 2106 expectat
672 2064 705 2095 H
722 2064 740 2095 Ι
756 2064 810 2102 41,
825 2063 875 2096 15.
909 2075 1027 2106 neque
1048 2082 1085 2087 —
1106 2065 1298 2106 quisquam
1315 2064 1471 2096 omnium
1490 2063 1517 2095 C
1534 2062 1590 2104 36,
1609 2063 1630 2095 5
1647 2065 1733 2096 conl.

212 2107 267 2147 51,
285 2108 318 2139 2.
360 2118 477 2149 neque
503 2108 556 2139 illi
580 2118 638 2140 res
660 2119 779 2150 neque
805 2109 996 2141 consilium
1023 2112 1086 2141 aut
1115 2110 1304 2151 quisquam
1322 2109 1502 2141 hominum
1521 2108 1735 2150 placebatJ

213 2152 267 2191 74,
291 2152 319 2183 1.
362 2163 478 2194 neque
504 2153 711 2185 mortalium
736 2154 926 2196 quisquam
951 2154 1037 2186 dare
1064 2158 1128 2186 aut
1153 2155 1293 2196 eripere
1320 2154 1412 2186 talia
1429 2163 1520 2185 unus
1537 2155 1684 2195 poterat
1699 2153 1735 2185 H

212 2197 266 2228 111
283 2196 338 2235 61,
357 2197 412 2228 25.
453 2208 570 2238 neque
588 2198 690 2230 locus
708 2209 790 2240 neq.
811 2199 949 2231 amicus
968 2200 1158 2240 quisquam
1176 2202 1279 2241 teget
1297 2198 1324 2230 O
1343 2197 1398 2239 58,
1421 2198 1461 2230 10
1477 2201 1562 2231 conl.
1582 2197 1608 2229 C
1626 2197 1682 2237 61,
1699 2198 1732 2230 5.

212 2241 235 2273 J
253 2240 314 2279 85,
333 2240 387 2273 49.
429 2252 546 2283 1100110
570 2244 695 2284 parari
718 2254 837 2285 neque
864 2244 1003 2276 consuli
1028 2246 1222 2286 quicquam
1245 2243 1388 2276 occulte
1412 2246 1534 2285 potest
1553 2242 1580 2274 C
1598 2243 1660 2283 52,
1677 2241 1733 2276 35.

213 2286 248 2316 H
266 2286 319 2317 III
336 2285 390 2327 61,
413 2286 464 2318 17.
507 2297 622 2328 neque
642 2288 854 2329 cuiusquam
871 2306 915 2310 —
930 2289 954 2320 J
975 2288 1025 2329 14,
1047 2289 1098 2320 17.
1131 2288 1186 2328 18,
1205 2289 1238 2320 2.
1279 2289 1374 2320 idem
1392 2288 1514 2320 fecere
1533 2288 1612 2319 sine
1630 2287 1735 2330 gravi

214 2331 426 2372 cuiusquam
452 2331 706 2373 expectatione
732 2333 767 2363 H
783 2333 800 2363 Ι
817 2332 872 2365 53.
920 2344 1037 2375 neque
1062 2333 1220 2366 consulis
1247 2337 1308 2365 aut
1334 2335 1544 2374 cuiusquam
1570 2333 1656 2364 boni
1679 2332 1734 2364 fa-

213 2385 310 2407 mam
334 2375 483 2407 laedcre
508 2376 531 2408 J
554 2374 608 2415 96,
629 2375 662 2408 3.
703 2376 804 2408 nulla
830 2380 908 2409 arte
931 2379 1098 2420 cuiquam
1124 2378 1276 2410 inferior
1300 2379 1335 2409 H
1358 2379 1392 2410 11
1409 2377 1464 2410 87.
1503 2387 1622 2419 neque
1646 2377 1734 2409 dare

212 2430 331 2461 neque
351 2421 492 2462 eripere
511 2421 680 2462 cuiquam
698 2421 720 2452 J
742 2421 776 2460 1,
798 2421 828 2453 3.
869 2432 987 2463 neque
1006 2426 1166 2455 nostrum
1186 2424 1355 2465 cuiquam
1372 2423 1478 2455 licuit
1495 2422 1521 2454 C
1540 2421 1600 2463 33,
1622 2422 1652 2454 1.
1677 2421 1734 2462 51,

217 2465 255 2496 11
275 2465 521 2504 (mortalium).
553 2465 577 2497 J
604 2465 685 2502 102,
706 2466 725 2496 7
751 2465 964 2507 (omnium).
1014 2477 1132 2509 neque
1158 2468 1239 2500 loco
1263 2478 1381 2509 neque
1406 2468 1544 2499 homini
1567 2467 1736 2508 cuiquam

216 2509 366 2542 credere
392 2510 418 2541 O
438 2509 498 2549 31,
518 2510 549 2542 2.
574 2510 597 2542 J
615 2511 675 2548 72,
694 2511 727 2542 2.
768 2521 886 2552 neque
912 2512 1056 2543 omnino
1083 2513 1207 2544 facere
1232 2531 1276 2535 -—
1301 2513 1495 2554 quicquam
1518 2514 1689 2554 poterant
1709 2511 1736 2543 J

214 2553 277 2594 99,
295 2554 316 2585 2
333 2557 418 2587 conl.
439 2555 466 2587 O
488 2554 545 2595 12,
565 2555 597 2586 4.
624 2556 659 2587 H
675 2556 725 2587 IV
741 2554 796 2594 61,
819 2555 870 2587 17.
895 2556 918 2588 J
940 2555 996 2596 12,
1016 2556 1048 2587 2.
1090 2567 1159 2588 nec
1177 2575 1219 2579 -—
1239 2558 1431 2599 quicquam
1449 2557 1555 2599 pensi
1570 2556 1735 2588 habebat

215 2599 241 2631 O
260 2599 300 2639 5,
319 2598 349 2631 6.
375 2599 437 2640 23,
457 2601 477 2631 2
505 2598 647 2642 [quibus
672 2601 703 2632 si
729 2601 846 2642 quicq.
865 2610 1034 2643 umquam
1059 2602 1163 2643 pensi
1188 2602 1319 2633 fuisset
1344 2602 1370 2633 O
1395 2602 1456 2641 52,
1477 2599 1546 2643 34].
1588 2600 1733 2633 morbus

213 2644 304 2676 haut
322 2654 432 2686 saepe
452 2655 668 2686 quemquam
687 2649 837 2687 superat
852 2645 876 2677 J
895 2645 947 2685 17,
966 2644 987 2677 6
1011 2648 1097 2677 conl.
1115 2644 1169 2686 85,
1190 2646 1244 2678 47.
1271 2645 1346 2685 107,
1368 2645 1397 2677 1.
1423 2646 1458 2677 H
1474 2645 1509 2676 II
1525 2644 1580 2677 64.
1614 2655 1734 2687 neque

215 2700 430 2731 quemquam
449 2690 606 2721 omnium
621 2691 644 2722 J
661 2689 715 2729 94,
736 2689 768 2722 6.
794 2691 829 2722 Η
847 2691 882 2722 II
898 2690 953 2731 41,
977 2689 1027 2722 18.
1070 2701 1116 2722 an
1135 2690 1323 2731 quisquam
1340 2692 1455 2723 nostri
1472 2691 1638 2722 misereri
1654 2693 1732 2732 pot-

215 2736 293 2766 est?
310 2734 334 2765 J
354 2734 404 2773 14,
429 2734 479 2766 17.
521 2735 558 2765 in
582 2735 607 2766 1.
633 2739 763 2776 pectus
790 2735 899 2767 altius
924 2746 1029 2777 quam
1055 2736 1243 2777 quisquam
1269 2738 1369 2767 ratus
1387 2738 1485 2774 erat,
1505 2735 1736 2767 descenditJ-

216 2778 274 2818 11,
294 2779 325 2810 7.
370 2789 498 2821 corpus
522 2781 670 2821 patiens
698 2797 732 2802 -
762 2789 871 2822 supra
897 2790 1002 2822 quam
1027 2780 1195 2821 cuiquam
1220 2779 1396 2812 credibile
1424 2782 1478 2811 est
1503 2779 1530 2811 C
1555 2779 1594 2819 5,
1614 2778 1646 2812 3.
1689 2790 1734 2812 ex

215 2823 296 2854 aliis
322 2823 430 2855 rebus
451 2825 568 2866 magis
593 2834 700 2866 quam
725 2825 819 2866 quod
843 2825 1011 2866 cuiquam
1035 2825 1072 2858 id
1097 2827 1309 2866 conpertum
1333 2825 1428 2856 foret
1453 2824 1479 2856 C
1508 2823 1569 2866 14,
1587 2825 1620 2856 7.
1662 2824 1732 2856 Hic

215 2868 301 2899 mihi
320 2868 509 2910 quisquam
527 2869 816 2902 misericordiam
834 2870 998 2901 nominat
1017 2869 1042 2902 C
1061 2869 1115 2910 52,
1138 2869 1188 2902 11.
